3780 6030
189 224 231 283 88
655 222 940 289 PONTlFlchUS
962 220 1182 288 lNNOcENTll
1202 222 1356 288 OOTAVI.
1722 216 1827 303 (liat)

188 356 266 438 Papa
293 356 330 417 ad
356 359 514 439 cappellam
550 358 692 437 majorem
722 372 807 423 eunte
837 361 979 442 praedicti
1040 364 1146 441 ,comite
1164 360 1324 433 Tondillae‚
1345 357 1432 439 llegis
1453 355 1670 438 portugalliae,
1689 365 1719 417 et
1740 356 1826 436 llegis

189 455 327 521 Oratores
346 458 502 521 Scotorum
514 460 600 542 Degis
612 461 643 522 S.
664 462 741 524 Suae
754 463 886 542 graviter
899 481 974 523 aon·
1043 464 1262 544 Romanorum
1283 462 1360 543 Papa
1382 459 1526 540 respondit
1546 455 1714 519 cardinales
1742 475 1827 534 prae·

189 559 406 637 quaesiisset,
427 558 580 640 cardinale
601 564 803 644 Andegarense
824 584 872 627 eos
891 563 979 643 adju·
1043 567 1119 629 dicta
1136 565 1281 627 ordinasse
1301 575 1330 626 et
1350 562 1426 642 quod
1448 563 1508 642 ipse
1526 560 1648 622 libenter
1668 559 1722 629 eis,
1735 555 1825 634 justi·

189 672 281 721 vante.
304 663 348 722 lix
372 662 430 739 quo
459 659 537 742 Papa
558 663 689 725 mandari
709 666 776 727 fecit
796 677 825 728 et
846 666 913 746 ipsis
946 676 979 727 et
1045 669 1113 729 tiam
1134 667 1316 728 ministraret.
1676 670 1678 672 ’

120 759 123 765 ’
188 761 273 822 alteri
294 760 380 840 Regis
394 761 560 842 Hungariae
575 761 697 827 Oratori
715 784 750 829 ne
768 769 797 827 in
816 768 974 846 cappellam
1085 768 1171 831 Perfa
1184 768 1308 841 sextab.
1322 767 1424 828 mensis
1436 764 1548 838 martii,
1559 763 1587 823 in
1604 772 1720 825 secreto
1733 761 1826 840 eomi-
1869 746 1873 760 ’

192 862 351 936 inu·arent;
373 862 450 940 quod
477 875 507 925 et
531 864 595 925 feci.
624 865 733 928 Deinde
757 869 976 947 quamprimum
1043 871 1143 932 storin,
1158 868 1230 930 ilev.
1253 869 1283 928 in
1311 867 1428 930 cbristo
1448 866 1481 925 P.
1506 877 1535 927 et
1553 863 1590 924 D.
1612 864 1749 924 lulianus
1770 861 1829 940 epi·

192 959 224 1021 S.
238 961 271 1022 S.
286 963 427 1035 facta-ex
448 980 538 1037 more,
553 964 692 1039 oratione,
711 968 815 1027 solium
829 966 979 1028 ascendis·
1045 989 1150 1051 scopus
1171 968 1330 1042 Ostiensis,
1351 966 1510 1029 cardinalis
1530 964 1562 1025 S.
1584 964 1664 1025 Petri
1692 962 1730 1023 ad
1761 961 1828 1023 vta·

193 1074 245 1138 set,
260 1066 365 1126 vocari
387 1065 454 1126 feeit
473 1083 571 1127 omncs
592 1065 767 1140 Cardinnles‚
789 1068 892 1147 quibus
913 1080 980 1131 ante
1045 1073 1111 1133 cula
1146 1069 1308 1149 vulgariter
1342 1078 1534 1148 nuncupatus,
1556 1065 1761 1145 pronuntiatus
1793 1073 1830 1125 est

193 1183 259 1225 eum
271 1183 323 1244 per
340 1164 483 1226 circulum
494 1165 635 1228 stantibus
645 1168 796 1248 proposuit
811 1189 872 1232 rem
888 1189 981 1249 quae·
1046 1173 1158 1253 legatus
1178 1171 1213 1232 de
1234 1171 1322 1231 latere
1343 1168 1378 1228 ad
1400 1167 1561 1229 Marcilium
1582 1166 1828 1227 Anconitanamet

190 1264 289 1325 ationis
310 1260 473 1325 Oratorum
495 1265 609 1345 Regum
631 1267 858 1347 praedictorum,
877 1288 979 1332 eorum

191 1375 288 1445 petere
311 1365 483 1439 consiliam3
504 1366 576 1439 sed,
599 1384 631 1427 re
653 1383 712 1429 non
741 1369 859 1442 decisa,
875 1369 981 1432 Cardi-

191 1466 269 1528 nales
289 1466 326 1525 ad
345 1483 397 1527 sua
420 1466 482 1527 loca
504 1467 674 1542 redierun13
692 1469 822 1530 fecerunt
842 1469 980 1533 deindein

192 1567 292 1647 cappis
311 1566 369 1627 suis
390 1568 594 1628 reverentiam.
616 1567 784 1647 cardinales
805 1570 841 1630 de
861 1570 981 1632 Sabellis

189 1678 219 1728 et
236 1666 378 1729 Columna
405 1679 575 1728 manserunt
602 1668 678 1747 apud
697 1667 889 1745 Pontificem,
911 1671 981 1733 duna

191 1765 322 1828 Senensis
342 1778 370 1828 et
389 1766 421 1828 S.
443 1767 563 1847 Georgii
598 1786 666 1828 cum
699 1770 761 1831 aliis
782 1771 982 1836 cardinalibus

190 1877 359 1947 paramenta
378 1868 570 1947 acciperent3
589 1868 639 1931 aed
660 1871 733 1932 male
743 1894 754 1945 ;
774 1871 893 1933 debebat
907 1874 981 1935 enim

190 1967 329 2028 Ascanius
360 1984 427 2028 cum
451 1966 596 2037 Columna
617 1970 752 2032 mansisse
773 1972 823 2050 qui
852 1972 982 2052 juniores

190 2078 283 2128 erant.
300 2066 419 2128 Interim
440 2067 520 2148 Papa
553 2069 700 2131 mandavit
730 2072 801 2132 mibi
823 2073 901 2150 quod
927 2091 982 2153 pro

192 2167 248 2229 boa
280 2185 362 2229 mane
390 2166 605 2248 archiepiscopo
637 2168 668 2230 S.
696 2169 830 2233 Andreae
860 2181 890 2232 et
919 2173 982 2252 epi·

190 2286 279 2348 scopo
294 2266 465 2346 Olasquensi
489 2269 642 2347 praedictis
664 2270 762 2332 locum
783 2270 884 2332 darem
906 2273 981 2335 inter

188 2371 335 2450 episcopos
353 2360 517 2432 assistentes
530 2383 559 2433 et
576 2371 711 2452 episcopo
729 2365 914 2434 Siremineasi
936 2374 983 2433 in·

193 2480 237 2531 ter
258 2467 398 2531 Oratores
419 2470 690 2550 praedictos,quod
709 2471 909 2533 Siremtnensis
930 2491 983 2535 ac-

192 2571 333 2650 ceptavit3
348 2570 389 2630 illi
411 2587 482 2631 vero
504 2573 683 2644 recusantes,
706 2573 863 2652 cappellam
884 2575 983 2636 exive-

192 2679 271 2729 ruac
290 2669 402 2729 Paratis
421 2667 627 2731 Cardinalibus
645 2681 674 2731 et
694 2672 839 2750 praelatis,
857 2674 983 2735 surrexit

192 2770 332 2843 Pontifex,
352 2782 382 2833 et
400 2783 475 2832 stans
491 2772 553 2843 sine
574 2773 672 2844 mitra,
694 2771 835 2835 benedixit
852 2774 984 2836 candelas

192 2871 228 2931 ad
249 2869 311 2949 ejus
332 2872 481 2957 sinistram
504 2873 533 2933 in
554 2869 617 2950 ejus
638 2874 699 2934 acie
726 2874 871 2954 cappellae
900 2874 984 2935 ordi·

192 2979 283 3045 natas,
310 2972 452 3051 aspersit,
477 2982 506 3035 et
537 2975 704 3035 incensavit.
730 2974 807 3036 'lum
838 2974 984 3040 distribuit

192 3071 264 3133 dnos
293 3078 413 3153 magnos
445 3092 546 3140 cereos
573 3086 638 3137 ante
659 3095 688 3137 se
708 3075 820 3136 oblatos
850 3088 879 3138 et
908 3076 984 3140 dedit

193 3173 291 3234 comiti
309 3172 457 3236 Tondillae
477 3192 496 3233 a
516 3174 623 3236 dextris
643 3187 673 3237 et
691 3176 727 3236 D.
750 3177 888 3239 Mauritio
898 3178 983 3239 fratri

193 3291 248 3334 auo
267 3293 285 3332 a
305 3274 431 3335 sinixtris
451 3275 601 3337 stantibus.

238 3372 275 3434 ii.
288 3373 321 3434 P.
339 3373 375 3435 D.
394 3373 547 3437 [conallus
567 3377 691 3458 episcop.
713 3377 915 3457 Traguriensis
931 3397 986 3438 ve·

141 3560 144 3563 ι
199 3477 240 3537 nit
259 3475 296 3535 ad
316 3477 463 3556 pulpitum
482 3476 510 3535 in
531 3478 596 3538 loco
614 3476 691 3539 edito
715 3488 900 3558 preparatum
936 3476 984 3538 ubi

198 3576 268 3638 feeit
287 3577 392 3638 bonam
420 3578 579 3638 orationem
601 3577 636 3639 de
654 3579 882 3641 confederatione
912 3580 986 3640 inter

198 3676 366 3739 Pontificem
387 3689 415 3739 et
435 3678 557 3740 Venetos
574 3680 660 3749 facta,
681 3679 783 3741 deinde
803 3681 874 3759 legit
891 3680 985 3741 omnia

197 3779 323 3860 capitula
345 3796 418 3857 quae
439 3779 576 3858 stipulata
604 3790 670 3840 sunt
692 3779 818 3840 venetiis
840 3781 869 3838 in
890 3778 987 3840 ducali

198 3883 304 3963 palatio
315 3901 367 3962 per
382 3881 462 3941 llius.
484 3880 559 3960 Aug.
581 3879 692 3941 Ducern
713 3892 742 3941 et
762 3880 796 3940 D.
811 3880 987 3941 Venetorum

201 4001 313 4053 muna,
332 3993 360 4043 et
374 3980 411 4041 ll.
434 3982 462 4041 in
483 3979 601 4042 cbristo
619 3980 652 4041 P.
674 3978 710 4041 D.
728 3979 880 4041 Nicolaum
891 3981 989 4040 Fran·

197 4065 827 4164 cumspiscopumTreviseusem,aclulium
837 4080 989 4144 Caesarem

204 4184 239 4246 de
261 4185 377 4246 Vareno
394 4182 596 4245 camerarium
615 4184 815 4256 etc.‚1nomine
834 4181 989 4256 Pontificis‚

202 4283 247 4347 tlie
276 4283 326 4344 ab.
349 4283 450 4344 mensis
481 4282 640 4344 decembris
671 4284 801 4364 proxime
826 4283 987 4362 praeteriti,

204 4371 489 4447 accersiturus
511 4382 682 4458 Nativitate3
702 4384 807 4463 quibus
830 4383 913 4444 lectis
938 4383 991 4443 ‹le-

203 4483 312 4546 scendit
331 4482 367 4544 de
388 4483 521 4563 pulpito,
548 4494 576 4544 et
602 4482 659 4543 SS.
680 4482 716 4542 D.
738 4481 794 4556 Ν.,
821 4493 898 4544 stans
930 4482 990 4544 sine

203 4583 310 4659 mitra,
331 4584 436 4663 incepit
468 4582 508 4644 Te
539 4581 647 4645 Deum.
671 4584 704 4642 ln
725 4582 780 4645 bne
806 4582 884 4664 Papa
915 4583 992 4644 dedit

202 4685 426 4747 benedictionem
442 4693 470 4745 et
488 4683 631 4778 plenariqs
650 4683 839 4764 indulgentias
854 4702 925 4762 qaas
941 4702 991 4745 ce·

204 4787 318 4849 februas
337 4785 555 4866 pronuntiarim
577 4803 636 4863 quo
656 4785 734 4847 facto
760 4783 992 4865 archiepiscopus

204 4887 236 4948 S.
271 4887 423 4960 Andreae,
444 4897 474 4948 et
501 4885 650 4965 episcopus
677 4884 860 4964 Giasqueasis
891 4903 991 4945 coram

203 4987 343 5051 Pontifice
360 4987 508 5068 protestati
529 4997 597 5044 sunt
614 4985 647 5046 de
668 4984 773 5064 injuria
789 4984 872 5045 bodie
889 5001 990 5045 eorum

204 5090 276 5170 Regi
296 5090 394 5162 facta,
414 5098 537 5168 petentes
560 5085 624 5167 ipsis
642 5082 783 5163 justitiam
808 5084 964 5147 ministrari
983 5107 993 5158 ;

81 5226 85 5235 ·
206 5191 279 5253 idem
300 5190 507 5272 supplicarunt,
520 5199 549 5251 et
569 5189 718 5268 protestati
738 5197 805 5246 sunt
825 5184 989 5248 cardinalis

205 5291 415 5371 Andegavensis
435 5307 502 5351 cum
525 5287 696 5350 Oratoribus
717 5285 804 5365 Regis
823 5286 989 5359 Francius,

1047 1273 1177 1334 Venetias
1187 1294 1200 1344 ,-
1215 1271 1264 1332 sed
1283 1284 1339 1330 noa
1361 1269 1416 1330 fuit
1437 1286 1517 1329 more
1538 1267 1623 1328 solito
1638 1265 1676 1325 ad
1693 1266 1828 1345 palatium

1047 1390 1133 1431 suum
1153 1391 1170 1431 a
1192 1370 1314 1450 collegio
1331 1367 1526 1430 cardinalium
1549 1360 1732 1438 associatus,
1752 1362 1829 1441 cujas

1048 1490 1164 1534 causam
1186 1472 1297 1550 ignoro.
1817 1544 1820 1551 .

1050 1597 1056 1602 ·
1088 1570 1235 1633 Dominiea
1246 1569 1340 1650 prima
1351 1566 1599 1647 quadragesimae,
1607 1568 1713 1628 mensis
1730 1564 1830 1637 martit,

1048 1681 1199 1749 antequam
1222 1669 1276 1730 SS.
1297 1669 1332 1729 D.
1355 1667 1389 1728 N.
1408 1669 1498 1729 exiret
1515 1668 1550 1729 de
1568 1683 1696 1739 camera,
1715 1665 1752 1725 t).
1764 1665 1831 1726 ller-

1049 1771 1184 1832 nardinus
1203 1768 1434 1843 camberia,SS.
1455 1769 1490 1828 D.
1512 1766 1547 1829 N.
1567 1767 1663 1847 Papae
1683 1766 1830 1827 cubicula·

1049 1872 1110 1932 rius
1130 1882 1276 1942 secretus,
1294 1870 1372 1930 dedit
1391 1869 1463 1931 Res.
1484 1869 1514 1929 in
1532 1867 1649 1930 cbristo
1671 1866 1757 1928 Patri
1777 1867 1831 1928 Do-

1050 1974 1127 2034 mino
1147 1972 1280 2052 episcopo
1301 1970 1484 2043 Pientlaensi,
1507 1979 1536 2030 et
1557 1968 1636 2042 mibi,
1657 1979 1728 2030 octo
1751 1968 1831 2028 libros

1050 2072 1265 2133 caerimoniales
1286 2071 1417 2149 antiquos
1439 2088 1493 2149 pro
1511 2069 1702 2131 instructione
1721 2079 1832 2140 nostra,

1049 2183 1077 2234 et
1109 2172 1235 2234 faciliori
1261 2171 1464 2252 compositione
1494 2169 1563 2231 nori
1595 2168 1664 2230 libri
1696 2169 1833 2230 caerimo-

1049 2271 1174 2333 niarum.
1432 2283 1435 2292 ¹

1091 2370 1240 2436 [lominica
1261 2368 1441 2444 Palmerum‚
1455 2371 1484 2430 8.
1507 2368 1610 2431 mensis
1629 2367 1756 2448 aprilis,
1770 2367 1832 2426 dum

1049 2472 1149 2533 Passio
1169 2471 1315 2534 diceretur
1336 2469 1464 2531 intimavi
1485 2469 1609 2531 dominis
1632 2470 1773 2549 praelatis
1791 2487 1834 2528 as·

1049 2573 1232 2645 sistentibus,
1254 2582 1283 2632 et
1302 2570 1365 2631 aliis
1387 2569 1579 2643 Oratoribus,
1599 2570 1687 2632 etiam
1709 2567 1834 2630 Protho-

1049 2662 1188 2744 notariia,
1207 2670 1255 2750 qui
1279 2674 1308 2731 in
1330 2671 1458 2752 cappella
1480 2671 1688 2743 interfuerunt,
1712 2688 1833 2749 quorum

1052 2793 1191 2836 numerus
1210 2783 1274 2833 erat
1295 2773 1501 2851 quinquaginta
1523 2772 1568 2833 vel
1586 2771 1682 2846 circa,
1701 2771 1738 2833 de
1756 2788 1834 2830 rnen·

1050 2874 1117 2936 dato
1138 2872 1193 2933 SS.
1212 2872 1248 2932 D.
1268 2871 1304 2935 N.
1325 2872 1432 2952 Papae,
1452 2871 1529 2950 quod
1544 2871 1572 2931 in
1592 2884 1714 2933 tonsura
1736 2883 1764 2934 et
1783 2870 1834 2930 ba·

1051 2975 1113 3035 bitu
1133 2971 1258 3035 honestis
1276 2990 1311 3033 ac
1332 2971 1497 3034 decentibus
1518 2973 1660 3046 incedere,
1673 2985 1704 3035 et
1722 2973 1836 3054 singulis

1050 3071 1151 3135 diebus
1172 3073 1369 3152 cappellarum
1390 3071 1426 3133 ad
1451 3075 1610 3152 cappellam
1632 3076 1754 3146 venire,
1784 3093 1835 3135 non

1052 3193 1103 3254 per
1123 3173 1205 3234 aulas
1224 3184 1253 3234 et
1273 3158 1418 3253 porticus,
1439 3176 1474 3233 ac
1496 3170 1646 3234 basilicam
1677 3173 1711 3234 S.
1739 3174 1834 3248 Petri,

1052 3277 1098 3337 vel
1113 3275 1180 3336 alibi
1197 3274 1393 3348 deambulare,
1407 3284 1437 3334 et
1453 3275 1589 3354 spatiare,
1609 3284 1638 3334 et
1660 3271 1719 3336 SS.
1741 3275 1777 3336 D.
1793 3273 1836 3347 N,

1052 3375 1138 3439 bnitis
1156 3377 1275 3446 officiis,
1298 3394 1332 3437 ex
1358 3375 1487 3455 cappella
1519 3375 1666 3453 usquead
1696 3393 1836 3437 cameram

1053 3478 1201 3560 Papagalii
1216 3479 1243 3536 in
1260 3475 1357 3554 cappis
1371 3475 1441 3547 suis,
1456 3475 1561 3552 quibus
1575 3474 1603 3535 ia
1618 3475 1732 3555 capella
1752 3487 1837 3537 utun·

1052 3590 1114 3652 tur,
1134 3579 1294 3648 associare,
1317 3573 1445 3635 debeant.
1780 3638 1782 3643 Α

1094 3676 1256 3747 Dominica,
1273 3676 1322 3736 lb.
1343 3675 1453 3754 aprilis,
1468 3674 1596 3736 Paschae
1610 3673 1836 3738 Resurrectionis

1053 3777 1169 3838 Domini
1188 3775 1221 3835 Ν.
1244 3776 1312 3836 lesu
1333 3774 1463 3849 christi,
1485 3763 1540 3835 SS.
1561 3773 1597 3834 D.
1619 3773 1653 3834 Ν.
1676 3774 1707 3835 in
1728 3794 1835 3838 camera

1055 3877 1204 3959 Papagalli
1225 3874 1341 3935 indutus
1362 3893 1443 3936 more
1463 3885 1616 3948 consueto,
1638 3877 1718 3937 circa
1742 3876 1835 3938 borant

1055 3999 1101 4043 xi.
1122 3978 1368 4062 processionaliter
1384 3976 1459 4037 venit
1480 3976 1515 4036 nd
1538 3976 1684 4039 basilicam
1705 3978 1738 4039 S.
1753 3979 1834 4041 Petri.

1056 4082 1220 4144 Portatasn
1241 4076 1327 4139 tertia
1345 4078 1411 4137 aula
1431 4077 1459 4138 in
1480 4076 1546 4139 sede
1563 4097 1627 4151 sua,
1642 4090 1710 4140 ante
1722 4079 1834 4141 mediant

1055 4191 1168 4265 portam
1184 4178 1317 4239 basilicae
1332 4175 1461 4237 firmavit
1474 4197 1515 4250 se,
1536 4171 1586 4237 ubi
1602 4179 1743 4259 genuflexi
1764 4187 1835 4242 erant

1057 4280 1183 4361 quatuor
1206 4279 1283 4365 circs
1302 4276 1513 4351 bononienses,
1535 4278 1625 4354 nudi,
1647 4278 1791 4359 corrigias
1813 4277 1833 4336 in

1056 4385 1133 4446 collo
1151 4393 1180 4444 et
1204 4381 1347 4452 baculos,
1369 4395 1420 4439 seu
1442 4377 1573 4457 virgulas
1594 4375 1622 4437 in
1647 4379 1782 4440 manibus
1800 4389 1834 4440 te·

1056 4495 1166 4556 nentes,
1182 4500 1265 4559 quos,
1279 4488 1426 4559 praesente
1446 4477 1524 4557 Papa
1542 4488 1572 4538 et
1591 4497 1627 4540 ex
1646 4475 1713 4555 ejus
1732 4474 1834 4560 speciali

1057 4581 1202 4651 mandato,
1223 4578 1436 4640 Paenitentiarli
1457 4577 1535 4639 eirca
1558 4597 1606 4639 eos
1627 4589 1734 4640 stantes
1749 4578 1834 4640 absol·

1059 4693 1172 4746 verunt.
1201 4680 1314 4740 Horum
1346 4696 1439 4750 unus,
1465 4689 1529 4758 post
1556 4677 1665 4740 dictum
1699 4679 1835 4743 Miserere

1057 4801 1142 4862 super
1158 4801 1206 4842 eos
1232 4798 1282 4858 per
1305 4777 1539 4839 Paenitentiarios
1558 4778 1733 4858 praedictos,
1750 4793 1836 4860 prose

1057 4893 1086 4943 et
1106 4881 1169 4941 aliis
1190 4879 1286 4940 tribus
1304 4879 1366 4939 suis
1385 4878 1468 4939 sociis
1489 4878 1603 4958 publice
1623 4880 1771 4940 confessus
1790 4886 1836 4946 ert,

1058 4980 1132 5062 ipsos
1163 4989 1316 5060 propterea
1345 4978 1419 5037 banc
1450 4979 1651 5058 poenitentiam
1680 4997 1836 5060 peragere,

1058 5081 1124 5160 quin
1144 5098 1234 5142 unum
1255 5079 1457 5160 presbyterum
1478 5088 1508 5139 et
1529 5096 1619 5139 unum
1641 5077 1769 5141 fratrem
1796 5093 1837 5138 so·

1059 5182 1157 5263 spondi
1176 5182 1315 5243 fecerunt.
1331 5179 1439 5241 Fuerat
1459 5180 1535 5241 caina
1550 5179 1667 5258 qnidam
1682 5181 1836 5260 presbyten

1058 5295 1087 5346 et
1107 5281 1270 5361 Religiosus
1296 5296 1396 5352 unus,
1421 5298 1513 5360 nuper
1542 5281 1688 5342 Bononiae
1714 5293 1836 5360 tanquan
