3758 6030
51 236 167 326 (ress)
505 212 507 214 ’
537 234 822 309 connumeres
846 236 1071 306 termnum
1087 234 1218 298 anxur.
1639 232 1702 296 ssa

54 377 221 442 Cardinsiis
242 392 272 439 se
292 376 443 437 iacturum
463 373 534 438 dixit
556 389 645 456 prout
665 389 695 441 et
713 379 792 452 iecit,
813 399 847 450 ae
915 388 1035 459 magnas
1061 375 1157 456 Papae
1186 384 1342 436 tenuerunt
1373 373 1475 438 Comes
1503 376 1631 439 Pitiliani
1650 396 1702 439 ca-

54 490 171 558 nentem
194 478 286 558 ipsam
304 476 340 536 ad
362 476 424 556 ipse
446 476 533 550 ioca,
555 489 645 556 prout
677 477 732 540 sibi
754 481 849 541 visum
914 480 1048 561 pitaneus
1070 474 1218 537 Ecclesiae
1239 493 1256 533 e
1275 474 1405 548 dextris,
1424 486 1455 537 et
1473 477 1539 538 Dux
1571 476 1700 539 Soraen

55 588 111 652 est,
130 577 287 651 ordinavit,
301 587 331 640 et
347 577 506 656 praemisit,
527 579 647 640 retentis
662 580 740 641 cirea
761 579 797 641 D.
812 578 848 642 N.
915 580 1039 640 sinistris
1059 576 1174 656 Papae:
1205 573 1255 652 qui
1287 586 1461 655 receperunt
1491 579 1602 658 palmas
1632 594 1702 640 suas

57 680 179 740 circiter
200 695 253 740 xr..
275 677 418 758 peditibus
451 693 519 738 cum
540 680 656 740 ensibus
677 691 706 740 et
725 666 850 759 ieginis,
915 690 979 759 post
1000 679 1153 759 Dispotum
1170 686 1250 765 ‘nette
1275 677 1420 756 praelatos
1437 676 1609 740 assistentes.
1636 679 1701 742 Dan

57 782 140 842 ultra
161 778 267 858 pedites
286 779 366 839 circa
387 793 428 852 c.,
450 780 499 856 qui
521 795 642 841 crucem
662 780 690 839 in
713 781 778 841 loco
799 797 850 840 so·
876 841 877 850 ,
916 779 1079 841 Rodericus
1094 777 1202 856 borgia
1218 775 1388 857 capitaneus
1407 776 1520 851 Palatii,
1537 798 1573 841 ex
1589 779 1705 860 speciali

55 880 110 943 lito
130 890 354 962 praecesserunt
374 894 442 940 cum
473 881 653 943 runconibus
674 893 704 942 et
734 880 851 943 ensibus
917 878 1096 955 ordinatione
1114 878 1233 959 Papae,
1252 876 1362 956 recepit
1382 879 1493 958 palmas
1513 877 1542 939 in
1561 877 1616 941 line
1637 889 1703 959 post

57 981 122 1042 sine
143 981 257 1042 lanceis.
277 978 458 1054 Praeterea,
480 980 536 1042 88.
559 980 595 1042 D.
621 981 655 1042 tl.
677 999 711 1043 ex
734 998 850 1042 censere
916 999 1035 1052 omnes,
1056 979 1143 1041 etiem
1159 987 1223 1058 post
1241 977 1398 1040 servientes
1416 996 1581 1053 armorum,
1597 989 1705 1060 etpost

59 1079 268 1154 discendente,
287 1090 321 1141 ut
342 1079 455 1142 debitus
469 1080 543 1142 ordo
556 1081 864 1155 observaretur,‘di1i
916 1083 1098 1161 cumplures
1116 1079 1165 1139 aiii
1182 1078 1387 1156 consenguinei
1402 1076 1513 1160 Papae,
1533 1090 1561 1141 et
1580 1079 1704 1160 hispani,

56 1179 215 1242 Sanctitati
237 1179 316 1242 Suae
337 1181 412 1242 inter
435 1183 580 1261 ipsamet
602 1181 666 1241 illi.
687 1181 750 1242 DD.
774 1180 850 1244 Ger-

56 1283 170 1344 dlnales
191 1280 319 1343 medium
340 1280 446 1344 debere
465 1299 527 1344 esse
560 1282 719 1353 neminem,
740 1280 851 1343 nibilo-

62 1383 163 1443 minus
185 1399 277 1461 nuper
297 1380 486 1461 capitaneum
518 1380 666 1443 Ecclesiae
685 1392 714 1442 et
733 1379 852 1459 capitaa

33 1488 152 1545 'neum
173 1481 278 1543 Palatii
311 1480 419 1542 medios
439 1481 605 1559 equitasse,
626 1500 683 1544 non
715 1485 774 1544 siue
795 1482 852 1542 all·

58 1601 121 1662 qua
137 1627 145 1641 .
162 1627 168 1642 .
187 1603 207 1655 .;
228 1583 391 1660 supplicari
406 1590 561 1662 propterea
583 1583 740 1644 Sanctitati
762 1582 851 1655 Suae,

27 1734 28 1738 ,
59 1695 94 1744 ut
116 1700 173 1762 pro
193 1699 247 1741 suo
266 1690 296 1742 et
316 1680 516 1743 Cardinalium
539 1683 650 1746 bonore
682 1683 851 1762 dignaretur

58 1782 147 1843 dictis
167 1781 329 1860 capitaneis
356 1780 494 1843 mandare
516 1783 595 1859 quod
625 1783 654 1844 in
675 1801 780 1844 eorum
801 1780 854 1843 de·

58 1880 123 1943 bito
144 1883 210 1941 loco
230 1880 416 1957 equitarent:
441 1881 520 1959 quod
542 1893 575 1942 ut
595 1899 650 1944 suo
671 1883 785 1944 nomine
806 1882 853 1944 ia·

60 2001 185 2054 wem,
218 1994 248 2043 et
268 1981 374 2044 eisdeni
395 1981 556 2063 capitaneis
578 1984 675 2044 locum
707 1983 757 2044 ubi
783 1983 853 2043 milti

61 2082 225 2143 'videretur
237 2083 427 2160 assignarem,
442 2082 514 2143 mibi
528 2083 682 2145 commisit.
702 2083 853 2163 designavi

60 2183 154 2262 igitur
176 2180 337 2260 (lapitensis
359 2183 425 2261 ipsis
447 2183 547 2244 locum
579 2194 644 2263 post
670 2193 770 2262 gentes
798 2203 852 2263 pe·

59 2283 156 2357 dites,
176 2291 243 2345 ente
263 2299 384 2344 crucem
400 2282 583 2358 incedentes,
605 2287 634 2344 in
656 2302 715 2363 quo
735 2304 787 2367 per
806 2295 855 2345 to-

61 2392 128 2444 turn
149 2383 327 2460 equitarunt.
350 2383 521 2464 capitaneos
552 2385 629 2463 ipsos
658 2384 854 2463 sequebantur

61 2494 194 2561 quatuor
209 2482 337 2562 pedites,
359 2483 454 2546 sedem
476 2483 572 2564 Papae
600 2496 756 2564 portantes.
778 2484 854 2546 Turn

60 2583 196 2662 Magistri
216 2582 350 2655 ostiarii,
371 2585 475 2645 clerici
496 2586 759 2656 caerimoniarum,
774 2584 857 2646 Sub·

62 2683 177 2746 diaconi
199 2695 266 2745 cum
288 2701 379 2748 cruce
392 2685 538 2748 etordine
554 2698 701 2749 consueto.
725 2687 760 2746 D.
784 2687 857 2748 Hie·

62 2803 208 2864 ronymus
227 2784 263 2845 de
283 2783 432 2846 Porcariis
452 2786 575 2848 Auditor
591 2786 699 2860 Rotae,
713 2787 748 2848 de
762 2789 857 2849 ,mitra

63 2886 162 2966 Papae
184 2885 334 2958 serviens,
355 2887 498 2963 equitavit
526 2887 601 2950 inter
627 2886 700 2949 duos
732 2898 858 2950 secretos

64 2985 273 3059 cubicularios,
297 2995 326 3046 et
339 2986 396 3046 aila
414 3004 497 3048 more
509 2988 598 3049 solito
613 2986 766 3047 observata
790 2999 859 3048 sunt

63 3086 172 3148 omnia.

106 3185 195 3246 Faria
216 3195 334 3262 quarta,
352 3201 457 3246 xxvii.
473 3183 543 3257 dicti
566 3185 673 3246 mensis
692 3185 804 3256 martii,
819 3185 856 3246 ii.

65 3285 99 3349 P.
121 3285 264 3347 Dominus
291 3284 436 3346 Antonius
462 3284 498 3349 de
527 3285 625 3348 ilionte
647 3296 782 3365 receptus
800 3286 858 3346 init

67 3387 98 3445 in
120 3385 293 3446 auditorem
317 3385 410 3445 Rotae
432 3384 472 3445 -in
491 3386 588 3447 locum
618 3385 765 3463 quondam
794 3386 858 3446 Do·

66 3486 138 3547 mini
154 3487 235 3549 Petri
255 3485 290 3548 de
304 3485 444 3546 Ferraria
463 3485 590 3564 perilli.
602 3497 700 3566 patres
717 3487 857 3548 Domirm

66 3585 258 3651 Coauditores
285 3603 365 3656 suos,
383 3594 413 3644 et
425 3601 486 3663 pro
505 3604 539 3646 sa
562 3584 608 3646 die
631 3585 709 3648 sedit
721 3587 749 3646 in
769 3604 858 3666 cappe

66 3707 122 3749 sua
148 3688 186 3747 ad
204 3688 351 3748 sinistram
372 3684 408 3744 tt.
429 3685 462 3746 P.
481 3684 517 3745 D.
536 3686 706 3767 Hieronymi
727 3687 762 3748 de
779 3685 859 3748 Por·

66 3788 169 3861 cariis,
199 3785 367 3853 vicedecani
396 3785 497 3848 Rotae.
516 3786 625 3849 Deinde
654 3788 699 3848 die
725 3784 859 3860 veneris,

69 3896 167 3950 xxix.
179 3884 311 3964 ejusdem
330 3888 452 3960 transis,
464 3887 535 3951 sedit
550 3888 579 3948 in
599 3890 664 3949 ioco
677 3907 744 3960 suo,
761 3899 790 3948 et
806 3906 859 3949 re-

67 3988 193 4066 sumpsit
214 4004 313 4048 omues
339 4000 454 4058 causas,
475 4004 576 4047 coram
596 3987 744 4066 praedicto
762 4004 861 4065 quon·

69 4087 139 4149 &m
155 4088 244 4149 Petro
262 4085 333 4146 dum
355 4086 480 4160 viveret,
501 4086 663 4166 pendentes,
683 4105 734 4166 per
754 4090 860 4148 remis-

72 4187 184 4247 sionem
212 4186 347 4256 illarum,
371 4185 477 4263 quibus
495 4205 547 4264 per
576 4185 784 4262 infirmitatem,
808 4208 861 4251 seu

72 4286 186 4348 obitum
205 4285 332 4365 ejusdem
359 4283 439 4346 Petri
458 4285 529 4347 alias
550 4290 722 4351 commissae
741 4288 861 4351 luerunt

36 4450 41 4457 ,
74 4387 112 4448 ad
128 4385 332 4448 cancellariam
351 4385 560 4465 apostoticam,
572 4387 627 4448 sibi
643 4389 820 4451 commissas.

112 4487 265 4550 Dominica
284 4487 450 4566 palmarum
472 4504 566 4550 xxxi.
587 4488 642 4549 88.
661 4489 698 4549 D.
718 4488 752 4550 ti.
773 4508 863 4569 pere·

73 4598 123 4649 tas
141 4603 224 4649 mors
243 4585 343 4658 solito,
363 4589 441 4648 venit
464 4586 501 4647 ad
516 4589 675 4667 cappellam
701 4586 861 4666 majorem,

74 4689 127 4750 ubi
145 4686 291 4749 benedixit
305 4687 417 4766 palmas
443 4686 563 4762 ibidem,
590 4705 625 4750 ac
641 4708 738 4752 ramos
767 4691 864 4753 olles-

71 4805 143 4849 rum
167 4798 286 4866 paratos
299 4786 450 4859 similiter,
469 4798 499 4848 et
511 4789 634 4867 palmas,
652 4810 726 4869 quas
739 4793 863 4871 populus

71 4899 157 4952 entra
185 4888 347 4966 cappellam
375 4886 508 4961 tenebat;¹
531 4891 640 4969 recepit
665 4890 786 4966 deinde,
805 4893 864 4953 sine

75 4990 166 5049 mitra
181 4985 293 5060 sedens,
308 5003 325 5046 e
341 4985 489 5053 cardinali
502 4985 690 5068 Neapolitano
704 4991 864 5054 succaoeive

73 5100 135 5151 tres
157 5088 277 5168 palmas.
299 5086 388 5161 Tum,
409 5096 526 5167 recepta
560 5090 646 5149 mitra
675 5100 705 5151 et
731 5091 864 5170 gremiali

77 5188 134 5250 sibi
156 5189 302 5267 imposito,
318 5187 475 5262 distribuit,
495 5206 577 5250 more
592 5190 677 5252 solito
699 5190 866 5252 cantoribus

74 5290 250 5352 dicentibuss
263 5289 363 5351 Pueri
369 5289 584 5351 Hoebreorum
597 5300 650 5352 etc.
664 5290 779 5352 Palmas
793 5291 865 5353 dues

917 1200 973 1261 pro
994 1180 1100 1259 quibus
1117 1177 1197 1258 Papa
1212 1179 1356 1241 reservari
1371 1177 1438 1240 iecit
1452 1180 1562 1259 pain'aas
1577 1197 1635 1253 rt.,
1648 1197 1704 1259 pro
1771 1207 1774 1211 ⁴

918 1280 1081 1360 capitaneo,
1102 1289 1131 1340 et
1150 1277 1264 1339 dnobus
1282 1278 1375 1359 ipsum
1395 1279 1577 1357 sequentibus
1595 1280 1706 1358 palmas

918 1379 1130 1452 Cardinalares,
1146 1378 1210 1438 aliis
1222 1378 1346 1439 minores
1362 1377 1399 1439 ad
1416 1380 1596 1440 uoluntatem
1608 1396 1703 1439 sunm:

918 1499 1018 1542 ornnes
1035 1480 1155 1560 praelati
1174 1480 1261 1547 etiam
1282 1480 1500 1560 poenitentiarii,
1514 1490 1544 1541 et
1562 1477 1704 1541 Oratores

919 1581 1088 1661 Principum
1116 1581 1184 1641 iaici
1200 1591 1229 1641 et
1247 1598 1303 1641 non
1325 1581 1445 1661 praelati
1461 1581 1625 1642 habuerunt
1641 1582 1708 1661 pal·

918 1701 1003 1757 ntas,
1021 1680 1117 1744 mmen
1132 1680 1341 1761 poenitentiarii
1368 1682 1472 1743 ceteris
1494 1683 1638 1755 minores3
1655 1682 1706 1743 atti

918 1801 1017 1845 omnes
1038 1798 1136 1843 ramos
1157 1783 1312 1843 olivarum.
1333 1782 1456 1843 Paratae
1474 1795 1571 1845 autem
1587 1784 1708 1844 inerunt

920 1884 1031 1962 palmae
1062 1901 1187 1944 numero
1208 1899 1314 1945 onxxt.
1339 1884 1386 1943 rel
1409 1884 1512 1956 circa,
1532 1882 1572 1944 de
1601 1883 1707 1960 quibus

920 1983 1129 2063 strpetiuerunt
1147 1982 1228 2042 circa
1249 2001 1304 2043 xit.
1325 1999 1398 2061 quas
1419 1982 1497 2062 Papa
1516 1981 1584 2043 iecit
1605 1983 1634 2041 in
1655 2000 1709 2044 cs·

921 2101 1016 2144 meras
1036 2102 1103 2143 suas
1122 2083 1255 2143 distribui
1277 2102 1332 2163 pro
1351 2085 1569 2145 conservatione
1587 2082 1624 2143 ab
1645 2087 1708 2145 ictu

922 2185 1102 2257 tonitruum3
1116 2184 1233 2244 suerent
1247 2193 1345 2243 autem
1361 2184 1527 2262 palmarum
1544 2179 1712 2260 hujusmodl

921 2286 1030 2344 multae
1051 2281 1172 2342 boribus
1199 2293 1337 2353 ornatae,
1357 2280 1437 2358 quod
1458 2299 1514 2360 ego
1532 2283 1562 2342 iu
1590 2280 1711 2344 benedi·

923 2383 1019 2444 ctione
1048 2399 1150 2443 earum
1184 2382 1298 2454 videns,
1317 2382 1371 2442 ieci
1401 2381 1487 2442 liores
1507 2381 1546 2442 eb
1576 2380 1711 2443 omnibus

922 2485 1036 2564 deponi,
1051 2483 1174 2562 demptis
1192 2493 1304 2543 tanturn
1319 2482 1433 2543 duabus
1452 2484 1605 2562 magnicat
1620 2501 1710 2563 parva

922 2604 977 2664 pro
997 2582 1158 2656 Pontifice,
1179 2586 1208 2644 in
1229 2583 1333 2662 qulbus
1353 2584 1462 2644 dimissi
1481 2584 1610 2644 iuernnt.
1630 2583 1706 2644 iles.

922 2685 959 2746 D.
974 2685 1134 2748 caedentis
1149 2685 1303 2745 leunensis·
1317 2683 1420 2744 hebuit
1437 2685 1515 2745 ultra
1537 2701 1615 2757 suas,
1634 2684 1707 2744 duas

923 2788 1033 2865 paitnas
1047 2805 1101 2866 pro
1113 2786 1264 2847 cardinale
1279 2785 1311 2845 8.
1330 2785 1410 2846 Petri
1425 2785 1461 2845 ed
1476 2785 1612 2859 lincula,
1631 2782 1710 2865 Papa

923 2886 959 2947 sb
980 2907 1016 2949 eo
1037 2889 1235 2966 interrogante
1256 2885 1341 2947 eleas
1363 2887 1493 2966 recipere
1512 2888 1607 2947 vellet.
1630 2887 1710 2948 Car-

924 2986 1267 3056 dinaiisiieneveutanus,
1289 2994 1404 3065 recepta
1425 3001 1476 3045 sus
1496 2987 1605 3065 palma,
1624 2985 1711 3046 rediit

923 3082 960 3141 ad
981 3083 1080 3143 locum
1109 3097 1194 3139 suum
1216 3098 1269 3158 per
1301 3077 1540 3138 inadvertentiam
1562 3089 1711 3153 nostram,

924 3181 1024 3244 deinde
1045 3198 1150 3261 parum
1166 3190 1231 3258 post
1251 3178 1288 3237 ad
1301 3177 1510 3252 faldistorium,
1526 3178 1576 3238 ubi
1595 3178 1713 3251 dimisse

925 3283 1039 3361 planeta
1059 3281 1169 3360 recepit
1184 3295 1316 3359 cappam
1338 3278 1476 3350 sandalia,
1497 3289 1526 3339 et
1546 3290 1714 3358 paramenta

925 3401 1007 3444 more
1027 3381 1120 3442 solito.
1142 3379 1212 3441 Post
1226 3377 1457 3438 distributionem
1478 3378 1641 3456 palmarum
1657 3378 1715 3440 Se·

923 3495 1008 3545 nator
1029 3481 1118 3544 Urbis
1138 3479 1218 3541 dedit
1237 3496 1343 3557 aqvvam
1357 3478 1488 3539 manibus
1509 3477 1614 3559 Papae,
1632 3478 1713 3542 ¹(lep.

925 3584 1018 3644 dineie
1037 3580 1225 3662 Neapolitano
1243 3579 1339 3661 ipsum
1353 3574 1519 3655 adjuvante.
1540 3579 1619 3659 Papa
1640 3596 1715 3659 pro·

925 3684 1119 3746 cessionaliter
1139 3681 1176 3741 ad
1191 3682 1289 3742 locum
1306 3680 1357 3740 ubi
1379 3697 1476 3741 ramae
1493 3679 1641 3740 elisarum
1657 3698 1713 3759 po-

925 3786 997 3865 pulo
1013 3782 1207 3864 proliciendae
1219 3793 1303 3844 erant
1314 3790 1402 3843 eunte
1413 3792 1442 3841 et
1452 3779 1553 3841 deinde
1567 3779 1716 3854 redeunte,

924 3884 960 3944 D.
977 3884 1200 3947 Protonotarins
1225 3883 1260 3945 de
1286 3881 1456 3944 Sermonets
1470 3880 1603 3940 assistens
1618 3880 1717 3959 Papae

926 3986 1056 4067 portarit
1082 3984 1213 4046 fimbrias
1246 3984 1421 4062 posteriores
1452 3980 1547 4060 Papae
1579 3995 1626 4040 me
1658 3978 1714 4038 sibi

925 4088 1028 4160 dante,
1049 4087 1118 4165 qnia
1139 4086 1255 4145 nulium
1270 4084 1377 4143 laicum
1398 4080 1436 4140 ad
1458 4078 1512 4140 boc
1537 4095 1712 4140 vocaveram

926 4208 978 4269 per
999 4187 1250 4249 inadvcrtentiam.
1272 4186 1336 4245 Alie
1357 4183 1452 4244 omnia
1473 4181 1627 4242 observata
1647 4191 1716 4242 sunt

927 4306 1009 4351 more
1031 4297 1178 4349 consueto.
1208 4285 1270 4345 iioc
1297 4303 1392 4356 mane,
1421 4283 1500 4363 Papa
1522 4300 1639 4346 mmera
1659 4301 1714 4343 sua

927 4387 1266 4469 exeunte,praesentavit
1285 4405 1315 4447 ss
1337 4384 1489 4445 Sanctitati
1512 4383 1590 4445 Suae
1611 4383 1716 4444 Domi·

928 4507 983 4550 nus
996 4487 1172 4551 herculius
1188 4486 1224 4547 de
1236 4486 1326 4549 Dibra
1346 4484 1509 4546 Canonbus
1526 4483 1716 4563 blaguntiuus

928 4590 967 4650 li.
981 4590 1017 4650 D.
1036 4589 1252 4669 Arcbicpiseopi
1263 4585 1439 4649 Coloniensis
1457 4583 1579 4657 Orator,
1593 4585 1644 4662 qui
1661 4602 1716 4645 eo·-

930 4701 1070 4752 natusest
1085 4689 1256 4751 contendere
1271 4706 1340 4750 cum
1351 4687 1388 4747 D.
1399 4685 1526 4747 Antonio
1543 4684 1587 4745 De
1600 4683 1717 4763 Cieppis

929 4791 1099 4872 Praeposito
1105 4791 1315 4854 wormaciensi
1325 4788 1363 4847 il.
1375 4788 1411 4848 D.
1420 4785 1636 4865 trentepiseopt
1651 4784 1717 4844 bla-

929 4892 1048 4972 guntini-
1058 4888 1186 4952 Oratore
1197 4907 1286 4970 super
1303 4885 1514 4968 praecedentis,
1530 4886 1595 4946 iicet
1611 4903 1627 4944 a
1642 4901 1718 4963 qna·

931 5003 1000 5055 tuor
1011 4992 1156 5054 mensibus
1166 5003 1194 5052 et
1207 4992 1287 5051 ultra
1299 4988 1439 5051 Dominus
1453 4985 1598 5047 lohannes
1614 5029 1621 5045 .
1639 5030 1645 5044 .
1712 5030 1719 5045 .

931 5109 985 5174 pro
1005 5090 1070 5170 ejus
1087 5092 1201 5154 Domini
1217 5089 1395 5153 coloniensis
1414 5085 1541 5150 Oratore
1561 5103 1592 5146 sc
1612 5101 1719 5163 gerens

931 5193 1092 5273 praelatum
1121 5190 1278 5253 marinum
1298 5187 1459 5250 Antonium
1488 5204 1519 5246 se
1548 5183 1722 5265 praecedere

931 5291 1050 5371 pseidce
1076 5290 1262 5373 permiserit,
1292 5300 1321 5352 et
1354 5287 1389 5350 tic
1419 5286 1504 5347 simili
1538 5284 1721 5358 contentione
