3780 6030
189 257 231 319 vt
657 254 940 320 constrictius
960 252 1180 318 ΙΝΝΟΟΕΝΤΝ
1202 250 1355 315 octavi.

190 394 227 454 ad
246 395 350 468 instar,
364 395 507 475 praeferri
519 409 576 453 nou
591 390 702 454 debere.
723 391 767 451 Ad
787 388 872 468 crtjus
890 390 977 452 verba

186 495 334 575 respondit
347 493 380 554 b.
401 494 438 557 de
452 493 483 554 S.
496 492 665 554 Geminianc
679 491 792 552 nominc
811 491 978 571 praedicto·

184 597 361 668 rum,etiam
375 614 409 656 ex
429 592 584 674 privilegio
598 591 739 671 praeicrri
761 590 887 661 debere,
908 608 979 651 cum

184 704 276 755 essent
308 694 382 756 idem
419 711 526 773 corpus
543 710 624 752 vcurn
655 691 916 753 abbreviatoribus
943 691 978 755 de

186 792 282 854 Parca
298 790 415 869 Maiori,
430 793 481 871 qui
500 792 576 872 ipsos
589 791 753 871 Scriptores
766 789 977 863 antecederent,

186 906 214 955 et
230 893 307 971 quod
330 895 380 954 ilia
403 893 491 954 verba
513 894 557 954 cd
575 893 729 964 instnr,in
750 893 878 971 ipsarum
898 891 976 953 bulla

187 993 329 1073 apposita,
345 1011 401 1053 non
426 991 640 1055 concernebant
662 991 911 1072 praecedentiam,
929 994 978 1056 sed

187 1094 426 1172 praerogativam
449 1094 476 1151 in
498 1094 676 1155 assecutione
694 1091 901 1155 beneficiorum
921 1103 977 1155 etc.

190 1193 274 1254 Dixit.
284 1193 319 1252 D.
335 1196 389 1253 Au.
404 1192 439 1252 dc
457 1192 582 1266 Urbino,
598 1194 672 1275 ipsos
688 1210 868 1272 nequaquam
885 1211 978 1255 unum

190 1310 372 1372 corpusessc
386 1311 454 1354 cum
471 1293 731 1355 abbreviatoribus
746 1295 781 1358 de
800 1294 895 1356 l‘arco
912 1296 978 1356 lila-

186 1392 272 1471 jnri,
301 1394 350 1456 sed
375 1393 410 1455 dc
432 1395 522 1482 longe¹
546 1394 693 1458 diversum
715 1406 770 1456 etc.
794 1396 864 1457 ltem
886 1398 921 1459 V.
943 1397 979 1460 de

189 1495 306 1558 Giocbis
327 1496 442 1557 nomine
457 1492 552 1557 Officii
571 1497 884 1571 solicitatorumdisit,
905 1516 980 1577 pru·

188 1608 340 1658 curatores
355 1595 609 1657 contradictarum
621 1596 698 1675 ipsos
714 1598 887 1676 praecedere
902 1598 980 1661 veile

187 1708 243 1758 etc.
259 1715 328 1758 cum
351 1696 402 1775 ipsi
419 1694 609 1757 solicitatores
626 1697 711 1775 longe
725 1697 869 1776 digniores
886 1690 982 1760 essent

191 1797 259 1876 ipsis
279 1796 539 1877 procuratoribus,
566 1797 615 1873 qui
643 1806 754 1858 tantum
773 1799 872 1859 literas
889 1796 980 1875 justi·

190 1899 247 1958 tiae
274 1897 442 1977 expedirent
461 1915 514 1976 per
535 1897 643 1958 toruus
666 1897 822 1971 limitatas,
839 1911 869 1960 et
887 1910 979 1961 emam

188 1999 305 2072 macrii,
316 1998 394 2076 quod
405 1983 479 2059 esset
494 1999 663 2060 vilissimum
677 2000 823 2074 cilicium3
839 2002 892 2079 ipsi
911 2020 980 2062 vero

188 2099 378 2164 solicitatores
394 2097 572 2161 solicitatent
583 2117 781 2177 quascumque
796 2100 894 2161 literas
907 2120 979 2181 apo-

188 2198 316 2274 stolicas,
334 2198 460 2276 gratiana
481 2207 512 2260 et
522 2197 665 2276 justitient
683 2211 897 2274 concernentes,
908 2219 981 2281 pro·

185 2309 288 2377 ‚pterea
306 2297 381 2376 ipsos
398 2316 459 2360 csse
475 2297 632 2374 familiares
650 2297 755 2378 Papae,
773 2310 803 2360 ct
823 2285 982 2380 privilegia

190 2396 296 2458 babere
312 2396 349 2456 ad
371 2398 461 2457 instar
480 2398 567 2459 cilicii
586 2397 775 2478 Scriptorum
796 2402 979 2480 Apostolico-

187 2516 263 2558 rum.
276 2494 393 2564 Quibus
406 2497 442 2557 D.
454 2497 599 2559 lohannes
617 2499 753 2578 Urtbega
767 2501 981 2581 responditpro

193 2593 296 2658 Officio
310 2595 544 2658 Procurator-um
560 2599 639 2676 quod
654 2600 749 2678 ipsum
768 2601 977 2664 offitiumcsset

192 2696 439 2774 antiquissimum,
454 2706 483 2757 et
497 2717 549 2776 per
570 2693 620 2773 jus
639 2714 792 2760 commune
807 2700 979 2780 privilegia-

192 2808 266 2869 tum,
275 2815 309 2858 ac
324 2796 399 2877 ipsas
410 2815 475 2859 suas
485 2797 583 2860 literas
592 2800 677 2861 ctiam
688 2801 841 2877 aliqualem
855 2800 984 2880 gratiam

189 2909 391 2961 concernentes
418 2899 478 2960 sine
508 2900 692 2978 stipulatione
726 2901 857 2981 expedire
875 2921 979 2982 posse,

186 3001 264 3080 quod
283 3001 340 3062 iliis
359 3018 416 3062 non
447 3000 570 3074 liceret,
591 3013 619 3062 ct
645 3003 750 3082 pluresv
763 3002 834 3063 alias
856 3002 979 3067 rationes

183 3104 302 3167 induxit.
318 3104 389 3166 ltem
400 3103 435 3163 l).
449 3102 596 3182 Pugnolns
605 3122 659 3182 pro
670 3100 775 3166 Officio
786 3102 979 3166 Notariorum

184 3204 254 3267 duic
277 3217 380 3269 contra
403 3206 613 3277 solicitatores,
633 3206 762 3285 ipsorum
785 3204 974 3268 Notariorum

186 3305 322 3367 Officium
343 3324 400 3366 non
422 3307 489 3378 vile,
506 3305 555 3366 sed
576 3304 775 3384 dignissimum
793 3324 865 3377 esse,
878 3317 910 3366 ct
925 3324 977 3385 per

187 3408 280 3468 omnia
302 3398 505 3478 necessarium,
526 3417 680 3484 propterca
701 3405 843 3484 praeferri
862 3403 979 3478 debere,

107 3512 110 3517 ’
185 3519 218 3570 ει
234 3506 481 3580 solicitatoribus,
504 3516 533 3567 ct
561 3505 803 3584 procuratoribus
829 3505 980 3583 poeniten·

187 3608 286 3669 tiariae
299 3629 310 3681 3
334 3617 364 3668 et
390 3606 536 3677 istorum,
565 3615 595 3666 et
615 3606 826 3667 solicitatorum
852 3606 979 3666 otiicium

188 3709 302 3769 nullius
324 3705 516 3788 reputationis
536 3705 678 3776 existcrc3
691 3723 757 3772 nutu
778 3702 918 3788 Officium
932 3704 980 3763 di-

187 3825 276 3886 gnum
290 3851 299 3879 ,
315 3817 349 3867 ct
370 3814 537 3885 reputatum
557 3805 651 3865 solum
674 3804 739 3864 dari
767 3803 837 3863 viris
870 3822 980 3882 appro-

187 3908 272 3981 batis,
290 3907 397 3969 Mancia
417 3916 492 3978 etc,
510 3905 563 3966 scd
590 3905 664 3964 inter
689 3905 764 3983 ipsos
790 3904 981 3965 solicitatores

188 4026 249 4071 aesc
270 4005 535 4085 interrumpamus,
554 4003 658 4077 laicos,
680 4003 852 4086 mecanicae,
873 4002 982 4077 tauros,

187 4119 337 4191 sartores,
358 4107 546 4177 collatarios,
568 4115 597 4165 ct
623 4105 754 4185 plurium
780 4104 892 4165 artium
917 4119 981 4165 me·

189 4208 377 4268 cbanicarum
395 4204 536 4277 artifices,
555 4223 591 4265 ex
607 4199 810 4282 quodigoitas
828 4203 907 4262 offitii
928 4222 981 4282 pe-

189 4308 314 4386 roptime
325 4308 460 4385 cognosci
472 4315 575 4385 posset.
592 4302 637 4364 Ex
660 4303 785 4365 adverso
798 4301 978 4365 doGaiiler.

190 4417 366 4486 procurator
387 4406 619 4485 poenitentiarius
646 4403 717 4464 disit
738 4402 875 4466 Officium
900 4402 981 4463 Pro-

190 4517 365 4569 curatorum
389 4506 622 4586 poenitentiarius
636 4506 802 4583 antiquius,
818 4515 847 4565 et
867 4502 982 4582 dignius

188 4609 359 4672 esscofficia
368 4607 554 4668 notariorum
566 4604 657 4666 Rotae
669 4616 697 4667 ct
709 4605 791 4686 prius
803 4603 979 4676 institutum

188 4721 345 4791 propterea
363 4705 594 4787 praeferendum.
617 4704 657 4766 Et
675 4705 810 4786 produxit
828 4722 919 4765 unum
934 4704 980 4762 in·

188 4806 526 4873 strumentum-mandati
538 4824 626 4886 super
640 4806 840 4885 praecedentia
851 4805 918 4865 iacti
928 4821 979 4882 per

53 4985 58 4993 ,
191 4912 229 4973 1).
247 4912 281 4971 B.
302 4911 469 4990 episcopum
489 4906 618 4969 Civitatis
639 4907 778 4978 Castalii,
800 4905 882 4985 qunti¹
899 4905 980 4984 regi·

191 5006 285 5068 stravi
308 5008 336 5065 in
364 5003 440 5064 libro
462 5002 713 5063 caerimoniarum.
735 5000 885 5061 Cantentio
904 5001 980 5060 enim

190 5108 343 5169 eratinter
359 5103 461 5165 Officia
487 5102 674 5182 Scriptorum
691 5101 933 5180 Apostolicorum,
951 5110 980 5163 et

192 5205 437 5267 abbreviatarum
452 5202 487 5264 de
501 5201 597 5264 Parca
610 5201 723 5280 lilajori.
739 5201 810 5261 ltcm
820 5202 903 5261 ,inter
919 5201 981 5261 Ab*

193 5307 275 5369 brev.
290 5306 325 5368 de
340 5305 436 5368 Paroa
451 5300 559 5379 majori
569 5313 598 5365 et
608 5301 776 5380 Scriptores
790 5302 980 5380 poeniteutia-

1723 250 1829 337 (assu

1047 389 1463 473 tiae,iaterPracuratorcs,et
1473 386 1672 453 Salicitatorea
1680 389 1830 454 literarum

1047 492 1278 571 apostolicarum.
1300 490 1371 551 ltcm
1400 489 1473 549 inter
1494 487 1705 550 Procuratores
1728 490 1831 552 Poeni·

1047 592 1208 662 tertiariae,
1234 588 1426 667 Notariosquc
1452 587 1544 648 llatae
1568 600 1598 649 et
1623 588 1830 653 Solicitatorcs.

1046 690 1213 752 Praedictos
1235 690 1286 750 bos
1306 690 1450 762 officiales,
1469 689 1640 751 collectores
1663 691 1788 770 plumbi,
1807 703 1834 754 et

1047 791 1145 853 clerici
1168 791 1283 869 registri
1303 790 1556 869 supplicationum,
1577 791 1637 850 sive
1666 791 1783 868 aliquos
1801 811 1832 853 cx

1047 890 1211 970 praedictis,
1241 891 1416 970 praecedere
1445 890 1662 970 pretendcbaot,
1694 891 1747 971 sed
1779 910 1832 955 nm

1047 1004 1285 1072 comparuerunt,
1295 994 1361 1053 licet
1376 992 1486 1053 inerint
1504 994 1600 1052 vocati
1610 1009 1712 1054 omttcs
1729 1010 1835 1072 ευμε-

1046 1093 1115 1154 dicti
1127 1112 1179 1174 per
1190 1094 1334 1173 praelatos
1345 1093 1682 1154 commissariosduditis
1692 1093 1834 1164 omnibus,

1047 1195 1256 1276 responderunt
1273 1196 1325 1274 ipsi
1344 1195 1533 1255 commissarii
1552 1194 1715 1265 scandite
1731 1193 1787 1255 SS.
1800 1195 1834 1255 Ι).

1046 1295 1081 1356 Ν.
1102 1297 1214 1358 referre
1236 1297 1331 1366 veile,
1352 1307 1390 1355 et'
1409 1305 1504 1374 partes
1528 1296 1603 1375 ipsas
1624 1295 1660 1354 dc
1688 1297 1834 1356 voluntate

1047 1398 1101 1458 SS.
1121 1397 1157 1457 D.
1178 1396 1212 1457 N.
1234 1407 1298 1477 post
1324 1395 1442 1457 modum
1468 1395 1654 1458 certificare:
1674 1398 1717 1458 sic
1739 1414 1835 1458 recca·

1046 1511 1148 1560 serunt
1167 1512 1275 1559 ornnes.
1778 1503 1781 1507 ’

1024 1592 1025 1595 '
1087 1602 1172 1661 Faria
1184 1600 1281 1672 tertia,
1294 1600 1342 1661 44.
1352 1597 1506 1677 jussisse.
1518 1599 1554 1658 l).
1571 1597 1606 1660 Ν.
1618 1598 1750 1661 decrevit
1761 1596 1834 1676 quod

1048 1704 1076 1762 in
1097 1702 1279 1782 processione
1298 1700 1567 1782 corporiscnrtau
1588 1701 1722 1779 proxime
1741 1697 1834 1758 futuri

1046 1804 1182 1865 officiales
1202 1800 1349 1862 Romanae
1374 1802 1481 1862 Curiae
1507 1813 1535 1863 et
1565 1801 1735 1862 Sanctitatis
1761 1798 1834 1860 Suae

1046 1904 1089 1964 ire
1110 1901 1215 1963 debere
1232 1902 1314 1981 juxta
1337 1913 1450 1981 tempus
1471 1901 1654 1962 institutionis
1674 1901 1835 1962 officiorum

1046 2019 1179 2073 suorum,
1200 2002 1330 2063 videlicet
1345 2002 1396 2081 qui
1412 2003 1509 2082 primo
1522 2002 1643 2062 instituti
1659 2000 1688 2061 in
1711 2001 1834 2080 digniori

1047 2102 1117 2162 loco
1133 2101 1240 2161 vadant
1250 2123 1260 2174 3
1275 2101 1353 2179 qnod
1376 2102 1469 2162 voluit
1490 2102 1525 2160 D.
1541 2101 1696 2163 aleriensis
1717 2103 1832 2181 siugulis

1047 2200 1218 2264 Olliciorum
1239 2206 1375 2282 praelatis
1396 2206 1539 2265 intimare.
1563 2203 1624 2270 Sed
1638 2222 1708 2265 cum
1726 2205 1834 2265 intelle·

1046 2305 1131 2366 xisset
1151 2323 1185 2365 ea
1207 2302 1374 2380 ltrtjusmodi
1395 2305 1572 2366 intimatione
1588 2304 1643 2367 88.
1665 2305 1701 2364 Ι).
1719 2304 1755 2365 Ν.
1777 2323 1834 2364 me

1047 2403 1142 2464 lestias
1162 2396 1191 2463 et
1212 2406 1346 2481 querelas
1367 2406 1475 2465 multas
1495 2417 1662 2475 eventuras,
1692 2407 1834 2484 acquievit

1048 2503 1125 2580 quod
1144 2520 1201 2564 non
1219 2505 1406 2566 intimaretur
1425 2521 1518 2583 usque
1548 2505 1585 2565 ad
1599 2511 1697 2567 vmarie
1718 2524 1833 2585 proces·

1047 2606 1146 2677 sionis,
1166 2623 1234 2666 cum
1255 2607 1403 2685 processio
1424 2606 1485 2686 ipsa
1507 2625 1559 2686 per
1584 2606 1621 2665 il.
1640 2606 1677 2666 Ι).
1699 2605 1834 2667 Camera-

1048 2707 1127 2766 rinm
1143 2706 1337 2767 ordinaretur.
1355 2704 1407 2767 Sic
1421 2707 1531 2767 iactum
1545 2716 1597 2768 est.
1646 2706 1648 2711 ’

1089 2805 1142 2866 Dic
1153 2804 1263 2878 imaue,
1280 2804 1329 2867 la.
1340 2804 1416 2883 julii,
1429 2807 1502 2868 ltora
1512 2824 1595 2869 xtrtt.
1611 2809 1655 2869 vel
1672 2807 1765 2880 circa,
1777 2805 1833 2868 llo·

1048 2923 1111 2965 mac
1128 2904 1156 2964 ia
1173 2905 1275 2983 Bnrgo
1294 2905 1326 2963 S.
1343 2906 1422 2966 Petri
1438 2909 1466 2969 in
1485 2906 1572 2968 domo
1586 2925 1656 2968 suae
1673 2908 1778 2968 solitae
1792 2925 1834 2969 rc·

1047 3007 1193 3077 sidentiae,
1212 3023 1248 3065 cx
1265 3005 1397 3083 paralisi,
1419 3006 1489 3067 obiit
1514 3008 1558 3067 lil.
1579 3007 1614 3066 Ι).
1630 3007 1739 3069 Carula
1761 3008 1834 3089 Cipri

1048 3105 1172 3184 Regina,
1197 3101 1284 3180 cajus
1316 3102 1424 3183 corpus
1450 3106 1549 3166 eadem
1570 3106 1616 3168 dic
1635 3108 1716 3169 circa
1739 3109 1834 3170 horam

1047 3222 1130 3266 xxti.
1152 3204 1325 3265 associatum
1350 3203 1406 3262 init
1425 3222 1477 3283 per
1501 3209 1643 3285 praelatos
1664 3219 1694 3269 et
1717 3210 1835 3269 familias

1049 3305 1106 3366 88.
1127 3306 1164 3365 Ι).
1187 3302 1222 3364 Ν.
1244 3315 1273 3391 et
1289 3300 1352 3363 BR.
1375 3302 1438 3363 Di).
1461 3304 1677 3380 cardinalium,
1699 3325 1735 3368 ex
1757 3310 1835 3370 domo

1048 3406 1197 3485 praedicta
1219 3420 1311 3481 usque
1332 3403 1368 3462 ad
1388 3403 1537 3464 basilicam
1558 3405 1590 3466 S.
1612 3405 1714 3480 Petri,
1737 3408 1767 3468 in
1786 3425 1836 3486 qua

1049 3524 1105 3567 non
1139 3507 1224 3584 longe
1257 3521 1274 3562 a
1305 3505 1433 3583 cappella
1456 3501 1631 3566 Sanctorum
1654 3506 1835 3569 Andreacct

1049 3606 1187 3685 Gregorii
1215 3606 1244 3664 in
1268 3604 1409 3665 Vaticano
1428 3606 1595 3684 sepulturae
1617 3608 1761 3669 traditum
1786 3607 1834 3692 (l).

1050 3707 1223 3784 Requiescat
1240 3705 1269 3764 in
1295 3705 1477 3783 pace'anima
1500 3701 1585 3781 ejus..

1091 3805 1175 3868 Feria
1199 3805 1293 3877 tertia,
1315 3803 1365 3864 84.
1380 3815 1409 3865 et
1423 3803 1524 3864 ultima
1537 3802 1616 3881 julii,
1631 3806 1740 3884 paratis
1762 3808 1836 3888 psius

1050 3924 1104 3984 pro
1125 3905 1252 3982 exequiis
1272 3905 1448 3976 necessariis,
1463 3916 1490 3965 et
1516 3905 1593 3966 iacto
1615 3916 1714 3967 castro
1732 3907 1837 3968 doloris

1050 4008 1079 4066 in
1099 4006 1195 4067 forma
1223 4016 1358 4065 consueta
1382 4004 1541 4065 latitudinis
1561 4005 1666 4085 pedum
1694 4022 1784 4067 xvsti.
1811 4017 1838 4066 ct

1050 4105 1238 4185 longitudinis
1252 4105 1357 4185 pedum
1372 4121 1499 4179 urata,
1514 4106 1604 4165 affixis
1618 4107 1709 4165 arania
1719 4125 1772 4186 per
1787 4124 1838 4166 aa·

1051 4226 1099 4267 ves
1130 4207 1282 4277 Vaticani,
1304 4206 1333 4265 in
1354 4206 1484 4285 cappella
1517 4207 1549 4265 8.
1572 4205 1691 4286 Georgii
1712 4207 1742 4267 in
1763 4206 1838 4267 basi·

1049 4309 1104 4369 lica
1123 4308 1155 4368 8.
1177 4307 1257 4369 Petri
1276 4306 1420 4367 celebrata
1440 4305 1495 4368 luit
1517 4306 1603 4367 iliaca
1630 4324 1687 4386 pro
1712 4308 1838 4386 exequiis

1048 4407 1141 4469 bonae
1164 4422 1250 4466 mem.
1273 4406 1395 4468 Careiae
1419 4405 1499 4492 Cipri
1518 4407 1652 4489 ‚Reginae
1664 4429 1674 4481 ;
1700 4409 1840 4470 interlue-

1051 4520 1122 4569 runt
1155 4506 1229 4566 ΝΒ.
1250 4505 1324 4573 ΙΝ).1
1347 4505 1516 4569 Cardinales
1549 4509 1840 4582 vicecancellarius,

1049 4605 1282 4676 lllsdioianeusis,
1303 4603 1533 4685 Portagaiensis,
1557 4596 1793 4682 Racbanatansis,
1807 4609 1843 4672 de

1049 4704 1221 4776 Comitibus,
1244 4703 1419 4779 Parmensis,
1435 4707 1473 4768 8.
1495 4707 1626 4786 Georgii,
1650 4708 1686 4768 da
1706 4707 1849 4783 Sabellis,

1050 4804 1271 4879 Columna,de
1292 4804 1407 4870 Ursinis
1422 4819 1479 4877 ,ct
1505 4808 1666 4881 Ascanius3
1688 4807 1756 4870 data
1773 4811 1852 4871 [εε-

1049 4913 1120 4966 runt
1138 4905 1279 4966 intortltia
1296 4915 1352 4967 etc.
1627 4984 1629 4991 ἲ

1089 5004 1175 5066 Fcria
1202 5007 1315 5083 quinta,
1338 5007 1386 5066 44.
1419 5005 1570 5079 octobris,
1598 5007 1654 5067 88.
1680 5008 1717 5068 l).
1748 5009 1786 5069 Ν.
1814 5011 1863 5070 iu

1050 5123 1131 5168 tuane
1148 5106 1290 5185 equitavit
1309 5106 1347 5167 ad
1366 5108 1516 5168 ecclesiam
1537 5107 1639 5169 Beatae
1661 5109 1773 5173 ilarius
1808 5112 1858 5172 de

1089 5328 1126 5387 (t)
1141 5324 1195 5377 vid.
1211 5337 1301 5389 supra,
1317 5337 1373 5388 pag
1395 5325 1444 5386 56,
1461 5330 1515 5377 not·
1534 5334 1556 5377 t·
