3780 6030
77 269 88 352 )
453 266 735 333 conrintctrus
753 266 975 332 lNNOCENTll
996 265 1147 330 ocrnvt.
1584 267 1625 328 89

76 415 181 467 tctotes
203 402 412 483 comprehensi,
430 404 547 480 detemi,
564 418 593 468 et
613 426 666 486 per
684 396 769 485 capi·

77 530 80 564 ι
112 506 245 565 similiter
275 503 379 566 ibidem
405 507 584 568 condemnati
616 506 652 566 ad
680 523 770 566 mor·

77 601 160 680 cujus
180 603 335 666 scotomiae
349 605 369 664 ii
384 616 511 683 quatuor
525 617 692 669 executores
703 606 770 695 lue·

77 801 156 861 >bato
175 801 205 860 in
226 801 326 875 Albis,
344 803 395 863 al.
413 805 519 884 aprilis
525 827 537 876 3
560 803 641 865 finita
666 804 769 877 ldissa,

77 900 113 960 in'
127 911 236 962 secreta
251 905 372 965 'camera
392 923 462 976 sua,
482 906 586 965 stolam
599 923 688 984 super
716 923 769 966 ro-

77 1020 96 1060 n
127 1011 245 1074 tenen,
266 1004 378 1064 creavit
408 1006 437 1065 in
459 1004 579 1066 militem
606 1005 638 1065 S.
653 1005 768 1078 Petri,

76 1100 164 1161 bilem
180 1100 282 1162 -rirnm
303 1103 516 1164 barnardinnm
530 1103 571 1164 N.
594 1148 603 1163 .
626 1149 633 1163 .
657 1150 665 1163 .
687 1121 769 1166 more

78 1210 206 1280 ,prout
232 1201 261 1275 in
285 1202 433 1265 ordinario
443 1226 454 1279 3
487 1204 682 1265 interfuerunt
710 1204 769 1266 duo

77 1301 146 1361 tales
162 1311 289 1373 tantum,
312 1304 445 1368 videlicet
465 1304 500 1365 de
518 1304 642 1366 Sabellis
659 1315 688 1365 et
708 1304 768 1367 Co·

83 1411 143 1474 ,et
165 1393 225 1462 duo
242 1404 385 1483 episcopi,
407 1404 539 1466 videlieet
556 1405 714 1466 'blesiensis
741 1414 770 1467 et

77 1503 136 1562 usis.
158 1501 201 1563 De
220 1502 291 1565 Oula
309 1503 473 1579 Caietam,
494 1507 576 1567 miles
597 1506 709 1581 laicus,
741 1519 770 1569 et

77 1619 123 1694 tus
133 1600 405 1683 Purcbopellerius‚
414 1607 497 1667 miles
508 1605 684 1666 &lobannis
697 1606 770 1685 llic·

79 1701 189 1774 mitani,
204 1703 402 1782 imposuerunt
421 1705 562 1768 calcearia
582 1723 658 1766 noco
675 1706 770 1780 militi,

77 1819 125 1881 spa
144 1813 209 1880 post
232 1804 407 1866 creationem
428 1805 546 1867 donavit
566 1807 677 1885 insigne
703 1816 770 1867 ante

77 1924 79 1957 l
99 1901 275 1981 portandum
298 1905 408 1966 valoris
427 1922 480 1968 xv.
506 1906 702 1978 ducatorum,
724 1906 769 1966 vel

77 2019 156 2079 :quo
168 2001 222 2062 sibi
242 2003 375 2083 imposito
390 2007 535 2067 osculatus
546 2005 650 2085 pedem
665 2004 771 2084 Papae,

77 2100 119 2163 ibi
134 2102 256 2180 guallos,
276 2115 306 2164 et
325 2105 453 2166 recessit.

77 2202 108 2260 ia
127 2201 230 2275 tertia,
250 2204 279 2264 8.
301 2204 405 2266 mensis
427 2204 520 2277 maii,
541 2203 615 2264 bora
635 2219 691 2263 xx.
723 2201 770 2263 vel

91 2321 144 2382 per
165 2315 280 2382 portam
302 2303 440 2365 visitarit
463 2305 616 2365 intrarunt
629 2301 771 2364 Oratores

77 2403 107 2462 is.
126 2402 215 2482 Regis
233 2404 380 2483 Angliac3
402 2406 514 2485 primus
530 2415 598 2467 erat
618 2403 652 2463 ll
677 2402 711 2463 P.
730 2405 770 2465 D.

77 2521 109 2563 as
128 2503 277 2584 episcopus
295 2504 522 2578 lleriordiensis,
542 2503 688 2566 secundus
716 2504 770 2565 io-
801 2483 806 2636 1

77 2622 92 2662 s
111 2604 260 2682 episcopus
278 2604 493 2679 Ouuelmensis,
506 2605 609 2667 tertius
626 2605 771 2668 iohannes

78 2721 131 2781 pus
146 2700 347 2786 Lismorensis,
359 2717 481 2783 quartus
500 2704 535 2766 N.
555 2705 641 2766 Prior
663 2706 695 2766 S.
717 2706 770 2767 Jo-

77 2825 80 2860 r
101 2803 354 2885 Hierosolyutitani
374 2818 580 2868 estrarmmus
604 2804 771 2867 boudinen-

77 2904 168 2967 tiutus
180 2901 353 2965 Oullielmus
371 2904 459 2967 Prior
480 2906 626 2979 Ecclesiae
641 2905 771 2968 Cantau-

77 3025 80 3060 ι
106 3001 225 3064 Ordinis
246 3004 278 3065 S.
299 3005 467 3080 Beuedicti,
487 3010 538 3086 qui
563 3025 599 3069 er
619 3008 772 3094 privilegio

838 407 943 485 ipsum,
961 423 1030 468 eum
1052 404 1087 467 de
1108 422 1186 466 noro
1207 404 1329 478 reniret,
1347 414 1466 484 portare
1480 422 1536 466 non
1556 424 1626 484 per·

838 505 909 565 misi.
929 506 1037 566 Habuit
1055 515 1152 567 autem
1168 505 1330 584 cappellum
1345 506 1462 583 nigrum
1477 507 1506 564 in
1522 507 1626 585 capite,

838 616 871 664 ut
898 605 987 666 moris
1007 615 1059 666 est.
1083 603 1218 683 Episcopi
1240 583 1489 678 basciacense
1509 603 1625 664 bisma-

838 704 940 776 rcnsis,
958 704 1026 782 quia
1042 703 1105 782 jorn
1119 702 1230 781 antiqui
1253 703 1281 761 in
1300 702 1381 766 Urbe
1395 703 1525 776 luerunt,
1540 702 1626 781 equi·

837 814 936 865 larunt
949 805 977 864 in
993 803 1052 863 suis
1067 804 1212 864 mantellis
1227 802 1330 882 longis,
1341 813 1371 864 et
1385 804 1530 882 capucciis
1542 814 1625 863 tran·

837 905 953 977 eversis,
974 915 1003 965 at
1024 904 1161 983 cappellis
1182 921 1264 964 more
1284 902 1379 965 solito.
1395 903 1483 965 Prior
1496 902 1626 966 Cantau-

837 1006 939 1066 riensis
958 1005 987 1064 in
1007 998 1144 1066 mantello
1165 1004 1251 1083 nigro
1274 1021 1342 1064 cum
1364 1005 1503 1083 capuccio
1522 1022 1626 1084 parra,

837 1117 866 1168 et
885 1108 997 1186 capello
1018 1106 1113 1184 nigro.
1134 1106 1214 1167 Alios
1230 1122 1329 1167 omnes
1343 1105 1372 1165 in
1386 1106 1446 1165 suis
1466 1105 1625 1178 ordinibus,

836 1206 945 1286 primos
966 1205 1039 1266 dnos
1059 1208 1139 1266 inter
1156 1216 1283 1283 quatuor
1309 1205 1451 1284 praelatos
1477 1203 1581 1264 Palatii
1607 1224 1625 1265 a

823 1305 975 1380 dexteris,
996 1318 1026 1367 et
1045 1303 1188 1367 Oratores
1208 1306 1372 1385 Hispaniae,
1384 1316 1414 1366 ct
1433 1304 1588 1365 leonenses
1607 1323 1626 1364 a

836 1405 971 1479 sinistris,
980 1406 1109 1484 singulos
1127 1406 1198 1468 alios
1209 1407 1294 1468 inter
1316 1405 1388 1466 duos
1402 1406 1546 1485 praelatos
1565 1405 1626 1465 Pa-

837 1505 899 1567 latii
914 1503 926 1587 (
934 1506 1000 1584 quia
1016 1506 1114 1565 nullus
1133 1525 1169 1567 ex
1186 1507 1250 1566 aliis
1265 1504 1389 1582 antiquis
1406 1501 1581 1565 Oratoribus
1596 1505 1625 1565 in

837 1605 975 1667 comitiva
996 1603 1076 1686 init)
1097 1606 1231 1682 equitare
1248 1605 1328 1678 ieci3
1347 1604 1443 1664 omnia
1469 1605 1525 1664 alia
1550 1603 1625 1665 lacta
1735 1659 1740 1670 ,

837 1715 906 1765 sunt
925 1720 1006 1766 more
1027 1704 1122 1765 solito.

864 1805 965 1883 ¹Paria
982 1815 1088 1876 ¹sexta,
1114 1803 1160 1864 ll.
1181 1804 1273 1875 maii,
1296 1804 1370 1865 bora
1392 1821 1448 1867 xx.
1472 1805 1517 1865 rel
1546 1805 1626 1865 circa

837 1924 889 1984 per
909 1916 1023 1985 portam
1051 1903 1188 1967 viridarii
1220 1906 1367 1967 intrarunt
1384 1916 1453 1967 *tres
1486 1902 1627 1967 Oratores

837 2003 938 2066 Sereu.
958 2003 1047 2083 Regis
1068 2004 1213 2067 Uratislai·
1226 2005 1358 2067 boemiae
1379 2004 1467 2084 Regis
1485 2024 1539 2084 pro
1555 2005 1627 2066 obe·

838 2105 943 2167 dientia
970 2103 1025 2165 SS.
1053 2103 1089 2164 Ι).
1121 2103 1156 2164 N.
1179 2104 1274 2186 Papae
1304 2103 1483 2185 praestanda.
1511 2105 1629 2165 Primus

838 2220 902 2269 erat
921 2225 997 2286 meg.
1016 2206 1053 2266 Ι).
1074 2206 1167 2267 Bassa
1189 2205 1224 2267 de
1244 2205 1415 2285 Risemberg
1439 2206 1579 2266 Dominus
1599 2207 1626 2266 in

838 2306 980 2381 Simicbo,
1000 2306 1094 2385 liegni
1113 2307 1247 2368 Boemiae
1261 2325 1414 2387 supremus
1434 2306 1627 2380 instillarius3

837 2407 982 2469 woradus
1011 2425 1089 2486 mag.
1111 2408 1145 2467 Ι).
1167 2407 1313 2470 Jobauncs
1337 2409 1372 2470 de
1390 2406 1503 2469 boscbe
1523 2407 1628 2467 Domi-

838 2526 893 2568 nus
909 2507 941 2566 in
962 2507 1185 2581 Kassenstaria3
1210 2508 1312 2570 tectius
1337 2508 1504 2570 venerabilis
1523 2508 1628 2569 Domi·

838 2624 892 2667 nus
913 2607 1023 2668 Paulus
1044 2608 1224 2686 praepositus
1242 2586 1389 2670 Ecclesiae
1410 2608 1579 2686 Progensis,
1600 2619 1629 2669 et

838 2703 969 2786 ejusdcm
990 2693 1136 2770 Ecclesiae
1167 2707 1427 2795 administratura
1453 2708 1526 2771 Sede
1547 2709 1629 2788 Apu·

838 2810 940 2870 stolica
962 2809 1141 2889 deputatus3
1164 2811 1216 2887 qui
1244 2811 1352 2889 recepti
1373 2821 1441 2871 sunt
1467 2828 1484 2869 a
1514 2808 1631 2870 familiis

838 2909 902 2970 ΙΙΙ).
924 2910 986 2971 Ι)Ι).
1008 2909 1206 2971 Cardinalium
1228 2922 1257 2972 et
1278 2911 1333 2971 SS.
1356 2909 1393 2969 Ι).
1418 2908 1452 2969 N.
1474 2906 1580 2988 Papae,
1601 2920 1629 2968 et

837 3012 969 3071 associati
991 3009 1033 3070 ed
1049 3011 1168 3072 domum
1198 3028 1303 3082 novam
1324 2998 1418 3071 ¹retro
1445 3009 1629 3080 Minervam,

98 3118 128 3168 et
157 3107 219 3168 allis
250 3105 462 3186 pontificalibus
495 3107 623 3189 insigniis
655 3113 770 3181 utitur,
835 3110 917 3190 juxta
939 3112 1092 3177 ecclesiam
1115 3111 1147 3170 S.
1168 3110 1278 3183 Marci,
1298 3111 1347 3172 ubi
1379 3108 1520 3207 hnspitari
1540 3107 1630 3170 debe·

77 3207 197 3286 luntqua
215 3207 330 3273 tructus
359 3209 507 3289 prioratus
529 3211 574 3269 sui
595 3208 631 3269 ad
650 3209 771 3274 duculos

77 3311 136 3371 tilio
156 3311 184 3369 in
205 3311 362 3381 circa,ut
393 3311 522 3384 dicitur3
544 3322 638 3371 sextus
664 3311 772 3371 Diaco-

77 3410 199 3472 cclesiae
220 3410 454 3483 Selisburimsis,
474 3412 613 3491 septimus
634 3408 772 3493 Parabo-

77 3511 771 3591 insmilesS.lobannisHierosolymitani,octa·

77 3624 86 3672 t
105 3628 197 3672 nonus
217 3611 277 3673 duo
297 3611 401 3673 milites
418 3612 495 3685 laici,
516 3623 545 3674 ct
564 3611 692 3674 decimus
707 3612 772 3690 Ugo

77 3713 124 3791 aig
146 3721 244 3774 tector
258 3713 449 3792 parrochialis
463 3714 599 3775 ecclesiae
613 3712 648 3775 de
665 3714 773 3776 Contu-

77 3811 267 3873 Eboraccnsis
287 3812 440 3890 llioecesis,
459 3815 510 3891 qni
529 3815 637 3896 recepti
654 3812 773 3880 luerunt

77 3913 178 3973 rutilias
198 3913 263 3974 lili.
284 3913 347 3974 Ι)Ι).
378 3913 587 3988 cardinalium,
607 3927 635 3975 et
654 3914 709 3974 NS.
735 3914 770 3975 Ι).

79 4034 143 4095 pae,
161 4027 189 4076 et
209 4017 341 4077 associati
363 4035 418 4096 per,
436 4017 577 4097 Campum
599 4018 705 4078 Florae
720 4035 771 4096 per

80 4115 216 4190 Grottce,
237 4115 383 4178 redeundo
401 4136 455 4197 per
475 4118 593 4178 domum
612 4117 773 4179 cardinalis

77 4217 196 4290 :arensis
211 4234 302 4295 usque
317 4217 395 4276 ultra
413 4217 552 4297 hospitale
571 4217 772 4297 Anglicorum,

77 4316 199 4377 tamdem
217 4317 336 4379 domum
358 4317 474 4390 ibidem,
495 4319 524 4381 in
545 4337 602 4397 qua
623 4321 774 4400 episcopus

77 4416 195 4480 rdieusis
208 4419 321 4498 primus
332 4416 442 4480 Orator·
462 4420 621 4497 hospitatus
635 4431 677 4481 est
685 4442 695 4492 3
713 4419 773 4494 ubi,

77 4542 95 4579 s
114 4532 180 4594 ante
200 4518 306 4581 ostium
322 4519 456 4579 omnibus
472 4519 571 4581 decem
589 4521 774 4596 Oratoribus,

77 4644 81 4681 l
110 4623 230 4702 praeisti
261 4635 289 4682 et
329 4622 453 4686 iamiliue
482 4614 666 4684 recesserunt
692 4643 774 4686 more

77 4735 129 4785 eto.
149 4721 257 4784 Deinde
276 4719 428 4794 oratores,
447 4743 480 4784 es
495 4723 649 4803 praedictis
663 4725 775 4797 decem,

77 4843 84 4883 t
105 4822 252 4903 praedicta
267 4821 353 4884 domo
368 4823 500 4902 hospitati
516 4842 572 4884 non
593 4824 722 4898 suerunt,
738 4825 774 4884 ad

78 4927 180 5004 capitia
199 4923 342 4985 solioum
367 4926 426 4984 suis
453 4924 570 4985 famulis
597 4925 773 5001 equitarunt.

77 5045 146 5106 opus
160 5023 382 5096 Heriordiensis‚
395 5025 612 5103 qui-religiosus
622 5037 664 5085 est
683 5023 775 5085 Ordi-

76 5126 259 5200 .lienedieti,
280 5128 419 5204 equitavit
438 5127 467 5186 in
489 5125 626 5186 mantello
658 5125 693 5185 de
722 5143 774 5184 ca-

78 5238 119 5289 tto
140 5228 225 5307 nigro
247 5228 335 5307 longo
355 5227 416 5287 sine
437 5227 590 5308 capaneia,
615 5237 643 5309 et
664 5244 776 5306 capuc-

91 5331 158 5405 quia
185 5329 300 5390 nullum
317 5329 495 5409 capuccium
517 5326 661 5401 babebat,
689 5343 775 5404 quem

839 3202 919 3286 bant,
937 3230 1018 3274 more
1034 3223 1179 3274 consueto.
1202 3211 1293 3272 Primi
1316 3213 1374 3273 duo
1394 3210 1563 3290 equitarunt
1582 3213 1629 3270 in-

840 3323 885 3374 ter
904 3324 1032 3391 quatuor
1052 3313 1195 3392 praelatos
1210 3312 1433 3385 Palatii,tertius
1448 3313 1523 3371 iuter
1537 3327 1629 3369 unum

840 3413 1003 3492 praelatum
1023 3412 1126 3473 Palatii
1146 3432 1163 3479 tt
1182 3412 1306 3486 dextris,
1324 3421 1360 3473 et·
1374 3406 1532 3472 Oratorem
1542 3409 1631 3489 liegis

838 3512 1007 3595 ilungariae
1026 3530 1045 3571 a
1065 3511 1198 3573 sinisuis.
1219 3512 1284 3574 Alia
1311 3512 1406 3574 omnia
1436 3530 1518 3575 more
1543 3511 1630 3573 solito

838 3623 907 3674 suat
924 3613 1082 3675 observata.
1115 3667 1117 3669 ,
1511 3678 1519 3689 ..

881 3715 966 3775 Paria
987 3714 1124 3787 monada,
1146 3714 1196 3774 ll.
1219 3715 1286 3775 maii
1306 3715 1334 3775 in
1354 3733 1447 3786 mane,
1462 3713 1537 3775 bora
1557 3731 1630 3775 con·

839 3829 919 3879 sueta
941 3819 969 3876 in
990 3817 1085 3896 prima
1099 3816 1168 3879 nula
1184 3815 1288 3876 Palatii
1303 3826 1413 3876 tentum
1426 3812 1628 3892 estpublicum

840 3919 1065 3997 consistorium,
1087 3916 1116 3976 in
1147 3933 1206 3993 quo
1232 3914 1330 3977 decem
1355 3912 1497 3975 Oratores
1525 3912 1628 3973 Scren.

839 4018 986 4098 Principis
1016 4017 1136 4082 llenrlct
1165 4016 1285 4094 Augliae
1305 4027 1334 4076 et
1365 4016 1506 4075 Franciae
1540 4012 1630 4092 Regis

840 4118 1046 4199 praestiterunt
1065 4114 1252 4178 obedientiam
1268 4115 1403 4188 debitam,
1416 4132 1450 4174 ac
1472 4114 1586 4173 solitam
1601 4124 1630 4174 ct

841 4229 1007 4280 consuetam
1029 4217 1085 4278 SS.
1107 4216 1143 4276 Ι).
1165 4214 1199 4276 N.
1226 4216 1340 4295 Papae,
1368 4233 1449 4275 ruore
1480 4225 1627 4276 consueto.

840 4320 907 4381 Feci
928 4317 1042 4380 cosdem
1064 4337 1099 4377 ex
1117 4317 1186 4377 aula
1208 4316 1365 4377 secretarii
1390 4315 1628 4377 antecameram

840 4418 1035 4499 Apostolicam
1054 4417 1196 4477 associare
1213 4435 1266 4496 per
1287 4434 1332 4478 tx.
1352 4404 1496 4495 praelatos
1514 4415 1630 4488 Palatii,

842 4518 986 4590 videlicet,
1003 4518 1032 4577 5.
1052 4517 1212 4579 assistentes
1233 4520 1283 4597 qui
1308 4519 1428 4580 iuerrtnt
1447 4517 1630 4579 Florentinus

841 4630 870 4680 et
888 4618 1063 4678 Arelatensis
1083 4615 1310 4697 archiepiscopi,
1330 4617 1501 4689 electensis,
1523 4617 1628 4677 Vulte-

841 4719 982 4790 ranensis‚
999 4717 1174 4779 Mencvensis
1187 4718 1227 4801 (l)
1237 4721 1362 4800 episcopi
1376 4738 1452 4796 :non
1469 4718 1630 4779 assistentes

843 4840 914 4884 vero
925 4820 966 4892 4.,
980 4817 1216 4898 archiepiscopus
1237 4819 1473 4892 Cusentinensis3
1497 4817 1630 4879 Olanda·

842 4923 943 4993 ceusis‚
956 4919 1153 4993 Cumancosis,
1172 4919 1319 4981 Auriensis
1337 4919 1461 5000 episcopi
1474 4941 1484 4992 3
1499 4919 1627 4980 aliorum

842 5007 946 5084 novem
972 5021 1077 5099 singuli
1108 5018 1273 5082 babuerunt
1292 5037 1309 5078 a
1330 5019 1452 5080 sinistris
1478 5037 1569 5080 unum
1596 5039 1630 5082 ex

842 5121 1024 5203 supradictis.
1042 5122 1074 5180 lu
1095 5118 1214 5182 introitu
1230 5118 1404 5196 consistorii,
1422 5133 1451 5183 et
1471 5122 1534 5181 aliis
1549 5119 1631 5195 locis,

843 5223 893 5284 ubi
914 5224 973 5285 duo
993 5224 1080 5284 simul
1101 5223 1143 5284 ire
1173 5242 1229 5285 non
1246 5234 1415 5304 poterant,
1440 5222 1630 5303 praecedebat

842 5324 1075 5406 archiepiscopus
1101 5326 1306 5400 Florentinus,
1337 5327 1512 5405 sequebatur
1538 5326 1630 5405 ipsum

1347 5446 1375 5493 tn
