3764 6036
78 274 91 358 p
452 229 740 339 'ranrnscurus
761 271 984 351 mucosum
1005 272 1157 337 ucrsvr.

78 428 135 470 *um
157 418 186 470 et
207 399 397 486 sequentibus
418 410 512 489 ipsum
538 412 599 482 suis
628 421 774 489 quatuor·

95 509 298 590 servitoribus,
315 518 348 570 'et
369 494 518 583 militibus,
529 512 610 572 ranit
628 530 679 590 per
701 528 774 572 con·

78 626 131 668 um
165 625 266 668 coram
298 607 458 684 Pontifice3
477 621 506 671 et
531 611 611 673 licet
628 611 775 672 diceretur

98 706 231 767 Turcum
250 708 440 769 reverentiam
464 708 596 771 Pontifici
615 710 775 782 iacturum,

84 803 259 884 'Turccrum
279 824 367 866 snanu
384 818 492 868 terrum
512 809 664 888 tangendo,
677 808 776 879 deinde

78 905 775 981 mdeosculando‚tamenilludlacere‘rccusarin

78 1059 79 1063 ,
98 997 221 1064 introitu
242 1006 404 1067 consistorii
425 1008 454 1067 in
473 1006 565 1069 medio
579 1012 608 1068 e‘t
623 1017 689 1069 aute
702 1025 778 1086 gra·

78 1104 146 1177 olii,
166 1104 216 1165 ubi
236 1103 427 1183 genuflectere
449 1108 541 1168 solent
554 1105 776 1187 ,genuflectere

78 1204 196 1275 ,immo
214 1201 311 1279 juxta,
322 1215 351 1266 ct
371 1206 453 1269 valde
465 1206 689 1287 parum,'caput
704 1225 775 1268 coc-

78 1322 103 1363 m
125 1303 257 1365 Pontifici
287 1305 448 1378 inclinarit,
468 1307 538 1370 adeo
563 1307 641 1386 quod
662 1309 777 1369 difficile

78 1403 156 1464 modi
178 1405 323 1466 inclinatio
339 1410 476 1486 cognosci
488 1409 595 1487 potuit,
609 1427 661 1470 seu
672 1408 776 1482 rideri3

78 1504 115 1564 dit
145 1503 186 1568 ad¹
212 1504 403 1580 Pontificem,
418 1502 526 1585 ouem,
543 1520 627 1587 stans
644 1520 776 1585 erectus,

78 1621 138 1664 exus
155 1614 209 1675 est,
224 1613 259 1694 ‘et
279 1623 367 1684 super
383 1606 538 1692 brachium
553 1609 704 1674 dexterum
721 1626 776 1688 pa·

90 1700 284 1775 deosculatus,
305 1714 394 1783 caput
424 1723 511 1781 suum
539 1727 652 1788 semper
680 1718 777 1774 tenens

79 1814 169 1862 rtum.
189 1808 253 1876 Qun
263 1803 351 1879 lacto,
362 1816 556 1871 stanscorsm
568 1806 719 1880 Pontifice,
735 1807 776 1868 illi

78 1901 129 1962 ari
149 1901 216 1962 lecit
234 1921 284 1982 per
306 1920 393 1964 aurun
416 1902 602 1988 interpretem
621 1950 630 1981 ,
647 1906 777 1986 gaudere

78 1999 195 2066 ontificis
211 1990 411 2080 'praesentiam
441 2007 592 2086 attigisse,
625 2007 778 2086 ipsumque

78 2120 97 2162 e
110 2101 196 2179 duod
217 2101 285 2163 lacti
305 2089 489 2167 memorasse
507 2107 576 2167 velit
595 2119 706 2168 etcum
723 2106 778 2166 ba·

81 2196 325 2272 ccmmurdatum,
340 2213 380 2273 et,
397 2221 466 2264 cum
482 2216 595 2284 tempus
613 2205 730 2283 dabitur
745 2217 780 2268 ct

78 2299 127 2371 ,in
149 2308 260 2361 secreto
270 2300 326 2360 alia
344 2303 568 2381 explicaturum.
581 2302 710 2366 Pontifex
729 2322 780 2389 re·

78 2399 115 2472 lit,
124 2389 375 2477 jamdiu'iecisse,
394 2420 444 2480 per
466 2420 540 2479 quae
559 2401 698 2464 Nobilitas
718 2402 780 2463 Sua

78 2517 129 2573 suo
149 2509 228 2559 statu
248 2488 284 2560 ¹et
308 2499 384 2562 bono
404 2502 528 2580 Romam
549 2498 721 2574 duceretur,
751 2512 781 2563 et

94 2599 155 2660 Sua
178 2598 317 2660 Nobilitas
337 2602 365 2660 iu
385 2603 466 2663 nullo
495 2603 630 2663 dubitare
659 2602 781 2674 debeat,

78 2710 138 2764 rete
160 2700 280 2773 virere,
302 2700 368 2777 qun
389 2705 485 2763 omnin
506 2703 535 2762 in
556 2703 664 2765 bouum
694 2700 780 2763 linem

78 2799 212 2876 ordinata.
220 2798 278 2859 Pro
289 2800 395 2877 quibus
409 2801 538 2876 Turcus,
547 2803 588 2862 ita
600 2821 629 2862 se
639 2799 782 2880 confidere

78 2916 134 2972 ens,
154 2897 306 2978 sanctitati
326 2899 403 2962 Suae
417 2903 526 2980 gratias
547 2901 608 2980 egit
629 2897 684 2983 (l).
705 2899 783 2960 Tum

78 3000 113 3058 sit
131 3017 149 3057 a
167 2995 306 3059 Pontillce
322 2997 453 3074 Turcus,
466 3012 496 3062 et
515 3018 614 3062 omues
635 2998 780 3061 Cardiua-

78 3117 84 3157 ι
103 3097 162 3157 suis
189 3098 262 3158 locis,
282 3107 387 3160 stantes
406 3110 452 3161 est
470 3102 629 3180 amplexus,
648 3109 676 3161 et
697 3117 783 3179 super

78 3198 153 3258 circa
170 3196 324 3275 spatulam·
337 3198 482 3261 dexteram
511 3202 640 3280 singulos
656 3200 784 3281 oscula·

88 3298 209 3359 iuterim
226 3298 272 3357 alil
286 3297 377 3358 'l'urci
395 3298 533 3377 praedicti
554 3300 720 3372 familiares,
731 3317 784 3359 co·

79 3394 217 3459 Pontilice
239 3407 390 3473 venerunt,
411 3407 441 3459 et
461 3399 586 3477 singuli,
605 3417 683 3459 unus
702 3398 784 3459 ride·

86 3510 149 3580 post
172 3499 286 3570 alium,
306 3514 395 3576 super
415 3494 525 3560 solium
541 3498 784 3577 genuflectentes,

78 3618 111 3659 ιιι
131 3616 220 3658 mauu
241 3597 355 3658 dextera
376 3607 544 3677 tangentes,
563 3582 665 3670 illam,
684 3597 785 3658 deinde

77 3697 148 3759 ibeis
172 3696 255 3777 pedes
285 3714 353 3757 cum
379 3697 500 3776 pluviali
518 3707 547 3758 et
568 3697 693 3759 restibus
718 3715 784 3757 am·

81 3809 140 3858 ntes
158 3794 322 3874 genuflexi,
342 3807 412 3856 sunt
434 3798 573 3871 osculati,
594 3808 624 3859 et
650 3798 784 3859 Tuscum

78 3914 155 3957 snum
165 3914 252 3956 suum
272 3895 378 3968 menti,
394 3896 457 3973 qui,
471 3899 639 3978 amplexatis
652 3897 785 3963 omnibus

78 3995 196 4068 inalibus
212 3994 363 4074 ‚demptis
397 3996 452 4056 illis
482 3996 607 4058 duobus
625 3999 676 4076 qni
707 3997 786 4077 apud

78 4095 167 4186 ilicem
189 4096 217 4155 in
237 4094 393 4154 assistentia
414 4108 639 4174 permanserunt
650 4141 659 4171 ,
678 4096 786 4174 absque

78 4194 135 4256 uod
156 4196 237 4255 aliter
256 4212 286 4254 se
308 4191 443 4257 firmaret,
465 4207 517 4256 aut
547 4196 633 4257 aliter
654 4194 785 4257 Pontifici

78 4297 191 4358 rentiam
210 4293 328 4366 iaceret,
350 4293 437 4354 rediit
457 4294 495 4354 ad
515 4312 645 4355 cameras
661 4312 728 4355 suas
748 4296 785 4357 ab

91 4407 126 4457 ut
146 4394 241 4474 prius,
253 4394 408 4454 associatus
416 4392 553 4476 (Dl'lum
564 4394 696 4456 Pontifex
714 4414 785 4456 sur·

90 4630 101 4653 a
115 4609 209 4668 Gema,
220 4608 372 4659 mostrando
383 4609 432 4659 cbe
443 4608 499 4660 ensi
515 4622 638 4673 sperare.
649 4622 709 4659 rese
724 4623 787 4672 gra·

78 4685 86 4740 s
103 4689 173 4739 solie
189 4688 297 4739 basiare
313 4688 469 4739 ilPontellce
486 4689 511 4738 iu
528 4690 594 4748 viso,
611 4689 679 4738 ouda
696 4700 784 4738 masse

78 4769 190 4817 ncistnro
207 4781 221 4816 a
238 4766 343 4825 rideres
361 4780 403 4816 ma
419 4767 469 4816 Sua
485 4767 583 4818 Santitd
600 4767 650 4818 tirb
669 4768 693 4817 la
704 4768 786 4817 faccia

78 4851 125 4896 tro.
144 4865 155 4886 ·
172 4845 337 4895 viceranus.
730 4902 731 4905 Ἴ

78 4925 136 4973 sont
153 4923 197 4984 qni
213 4922 320 4982 dicunt,
343 4930 370 4973 et
386 4923 435 4972 boc
453 4933 544 4971 serum
561 4926 619 4982 est,
635 4922 706 4984 quod
727 4920 785 4983 ipse

80 5003 116 5054 rit
134 5003 248 5053 osculari
264 5001 357 5064 Papam
370 5003 398 5052 in
414 5002 488 5061 iscla,
500 5006 526 5052 et
537 5001 604 5063 Papa
621 5001 786 5059 retrocessit,

78 5094 134 5132 meu
151 5082 208 5143 ipse
224 5084 325 5131 tanturn
342 5081 473 5144 spatulam
497 5081 630 5130 osculatus
648 5082 698 5128 est.
716 5099 727 5121 ι
745 5077 786 5126 lu·

78 5171 136 5212 raa.
263 5195 270 5224 Ι
660 5173 662 5178 ’

78 5261 106 5285 ι·
130 5240 206 5302 Quiri
226 5239 316 5303 giunta
334 5238 387 5299 (od
402 5237 477 5288 aclas
491 5249 540 5300 pro
561 5250 589 5287 so
612 5235 805 5303 coronatam„

78 5320 136 5370 idoli
153 5318 250 5382 portati
267 5318 361 5381 drappi
377 5317 403 5368 d'
413 5331 472 5378 oro,
482 5329 496 5367 e
508 5316 633 5376 dinari‚c
650 5313 724 5365 datili
735 5312 786 5363 dua

1567 274 1626 337 l2l

842 428 922 491 gens,
942 411 979 474 ad
1000 429 1145 473 cameram
1166 428 1248 473 more
1268 413 1352 476 sollio
1371 412 1479 486 rediit;
1500 413 1534 475 de
1557 432 1628 491 quo,

843 512 1017 590 paramentis
1032 510 1175 590 depositis,
1189 509 1355 574 cardinales
1378 514 1522 592 petierunt
1537 514 1627 575 licen·

844 622 1023 783 uagcbbatn,
1046 667 1290 790 vigesimaprima
1309 664 1416 785 martii,
1434 713 1471 775 tt.
1493 715 1526 775 l).
1552 713 1629 777 Car·

844 807 945 869 dinalis
965 809 1112 871 Auriensis
1133 810 1203 871 dixit
1223 812 1305 887 mihi,
1320 812 1356 874 de
1374 814 1496 877 dirersis
1516 834 1629 878 mecum

844 909 975 985 loquens,
989 911 1064 971 iuter
1079 911 1146 985 alia,
1161 911 1239 990 quod
1250 909 1312 989 jam
1328 932 1380 993 per
1394 924 1460 975 octo
1478 914 1538 976 dies
1552 916 1628 977 scri-

843 1012 941 1088 psisset
954 1028 995 1083 sc,
1008 1009 1097 1072 sirati
1109 1009 1246 1073 Sanctae
1257 1011 1449 1075 Anastasioe
1460 1012 1629 1095 Presbyte-

843 1096 925 1178 rum,
948 1107 983 1170 dc
1000 1126 1132 1188 expressa
1153 1110 1266 1171 licentia
1286 1110 1341 1172 88.
1356 1110 1392 1170 D.
1408 1109 1443 1171 Ν.
1460 1112 1556 1192 Papae
1575 1115 1629 1174 sibi

843 1205 920 1280 data,
933 1226 988 1286 pro
1002 1225 1036 1268 eo
1058 1207 1136 1285 quod
1157 1197 1273 1271 titulum
1289 1221 1403 1273 mutare
1424 1229 1480 1274 uon
1496 1206 1627 1275 intende-

843 1308 903 1380 bat,
919 1318 987 1369 etse
1008 1307 1317 1372 seriberenurtensn
1335 1326 1391 1370 uon
1411 1310 1553 1391 placebat,
1564 1324 1628 1373 tum

843 1408 965 1469 latinum
987 1425 1055 1468 cusu
1079 1408 1194 1486 vulgari
1213 1409 1291 1469 illius
1311 1426 1367 1470 non
1388 1410 1584 1471 conveniebat.

885 1508 979 1568 reesa
998 1507 1144 1581 seusus,
1166 1507 1302 1585 vrgatma
1325 1510 1408 1571 sarna
1435 1496 1555 1583 narsus,
1575 1509 1631 1572 ruat

843 1605 971 1684 primunr
990 1606 1190 1669 consbtorlum
1211 1618 1276 1687 post
1293 1608 1514 1688 publicationem
1534 1628 1630 1673 uovo-

844 1724 912 1766 rum
932 1694 1129 1769 cardinalium
1159 1694 1418 1785 supradictorum‚
1439 1709 1468 1768 ln
1491 1727 1550 1787 quo
1571 1708 1629 1769 88.

843 1805 879 1865 D.
898 1803 933 1866 N.
956 1804 984 1865 ln
1004 1804 1147 1886 principio
1165 1807 1324 1867 consistorii
1343 1808 1447 1869 clausit
1473 1825 1527 1868 ora
1548 1807 1631 1868 noris

844 1893 1057 1977 cardinalibus,
1078 1905 1107 1963 iu
1128 1903 1184 1965 line
1204 1916 1300 1966 autem
1321 1905 1450 1985 ejusdem
1471 1904 1633 1967 cortaistorii

844 2005 964 2084 aperuit¹
977 2022 1031 2065 ora
1051 2003 1156 2066 eisdem
1179 2003 1379 2067 cardinalibus
1390 2005 1472 2067 noris
1484 2050 1494 2083 ,
1508 2015 1537 2067 et
1554 2003 1635 2066 dedit

844 2087 885 2166 cis
901 2106 1033 2177 annulos,
1046 2114 1074 2164 et
1092 2104 1170 2182 ipsis,
1180 2121 1216 2164 ac
1226 2092 1312 2165 etiam
1328 2104 1490 2167 absentibus
1507 2103 1637 2177 duobus,

838 2191 946 2266 ¹titulos
963 2213 1031 2276 etc,
1051 2201 1180 2263 uidelicet
1194 2201 1268 2265 Rev.
1289 2202 1413 2265 Donsim
1434 2204 1633 2264 beneventano

847 2305 984 2380 Sanctae
1008 2302 1195 2376 Susannam,
1222 2301 1295 2364 Rev.
1324 2302 1360 2364 D.
1387 2300 1525 2364 dlerlensi
1547 2302 1635 2363 Son-

847 2416 968 2466 ctorum
978 2394 1114 2465 Joonnia
1142 2412 1172 2463 et
1202 2401 1327 2473 Pauli,
1352 2401 1424 2464 Rev.
1448 2401 1484 2463 D.
1499 2400 1623 2463 lucens
1703 2398 1709 2409 ’

848 2504 988 2565 Sanctae
1003 2501 1206 2575 Anastasioc,
1223 2500 1262 2561 lt.
1286 2500 1322 2562 D.
1345 2498 1534 2565 Rhodianeusi
1550 2499 1635 2561 Son·

850 2603 895 2666 cti
912 2601 1051 2664 Adriani
1070 2595 1125 2683 (3).

891 2701 1043 2762 Dominica
1054 2699 1202 2774 haerare,
1213 2710 1319 2778 quarta
1335 2698 1638 2778 quadragesimam·

848 2801 1033 2882 gesimanona
1060 2797 1173 2872 martii,¹
1190 2799 1227 2858 ll.
1249 2799 1285 2860 D.
1307 2799 1467 2861 cardinalis
1487 2798 1638 2864 Beneven-

848 2911 935 2962 tanus
957 2899 1115 2960 celebrarit
1146 2897 1263 2959 lllissam
1289 2887 1435 2978 publicans
1457 2901 1486 2959 ia
1508 2897 1638 2977 cappella

850 2998 962 3076 majore
979 2998 1093 3058 Palatii.
1111 2997 1197 3078 Papa⁴
1211 3001 1373 3078 reportarit
1392 3017 1488 3061 rosam
1504 2999 1536 3061 iu
1551 3014 1638 3056 mauu

851 3101 980 3171 sinistre,
1001 3098 1119 3158 dextera
1138 3096 1304 3160 benedicens
1324 3097 1472 3176 usquead
1492 3113 1638 3157 cameram

834 3196 1010 3279 'Papagalli,
1030 3197 1081 3256 ubi
1100 3197 1206 3257 dimisit
1227 3208 1404 3276 paramenta,
1425 3207 1456 3259 et
1475 3198 1503 3257 ln
1522 3213 1639 3270 camera

850 3308 963 3363 secreta
984 3296 1155 3383 delibeparit
1176 3314 1243 3357 curn
1263 3296 1327 3358 ult.
1349 3297 1404 3359 DD
1440 3295 1640 3359 cardinalibus

851 3417 938 3479 super
960 3415 1025 3457 rosa
1046 3393 1150 3469 danda,
1164 3405 1193 3455 et
1209 3395 1338 3457 decrerit
1358 3397 1440 3457 illam
1460 3394 1576 3457 mittere
1593 3395 1638 3456 ΙΙΙ.

851 3497 975 3559 Domino
989 3495 1119 3556 'iohanni
1132 3494 1209 3559 Duri
1228 3494 1370 3570 clanensi3
1389 3501 1501 3575 postea,
1515 3493 1640 3574 peractis

852 3599 962 3671 diebus,
980 3595 1056 3657 dedit
1076 3590 1172 3656 rosam
1194 3596 1238 3657 lll.
1250 3594 1286 3655 D.
1303 3595 1448 3676 Philippo,
1470 3595 1640 3674 Praeposito

850 3697 1050 3777 augentinensi
1071 3695 1141 3758 dicti
1159 3694 1249 3757 Ducis
1259 3713 1408 3775 *germano
1419 3696 1459 3755 iu
1474 3694 1555 3759 Urbe
1575 3694 1640 3754 exi-

851 3797 958 3870 stenti,
988 3806 1022 3857 ut
1043 3814 1106 3858 earn
1127 3797 1255 3857 mitteret
1278 3794 1362 3855 lintri
1388 3813 1443 3856 suo
1469 3792 1635 3873 praedict03

852 3899 902 3976 qui
922 3896 958 3957 D.
980 3894 1136 3975 Philippus
1157 3895 1275 3955 donarit
1302 3894 1488 3959 cubiculariis
1520 3892 1640 3979 secretis

851 3996 964 4061 duobus
986 3994 1042 4055 SS.
1063 3994 1099 4054 D.
1119 3993 1153 4054 Ν.
1182 4005 1320 4064 centum,
1340 4005 1370 4054 et
1389 3991 1566 4064 camerariis
1597 3989 1633 4051 tt.

851 4096 888 4155 D.
907 4087 1099 4157 Beneventani
1120 4095 1239 4155 circiter
1253 4110 1334 4155 xxx.
1349 4092 1536 4166 ducatorum,
1548 4100 1638 4171 prout

850 4195 1014 4274 postea'sul
1036 4193 1110 4253 milti
1126 4195 1264 4255 tulerunt.

891 4294 979 4355 Faria
998 4303 1125 4372 quarta,
1143 4305 1246 4355 octava
1273 4292 1389 4373 aprilis,
1417 4290 1472 4352 88.
1493 4290 1531 4353 Ι).
1555 4288 1588 4351 Ν.
1612 4289 1641 4350 in

851 4412 904 4455 suo
928 4404 1041 4456 secreto
1064 4391 1245 4465 consistorio,
1267 4403 1301 4453 ut
1320 4393 1410 4454 moris
1428 4402 1483 4464 eat,
1502 4390 1642 4471 praefecit

851 4496 888 4555 ll.
898 4494 938 4554 D.
947 4493 1132 4573 Egerarduns
1142 4492 1262 4572 Durcap
1273 4490 1640 4585 moratorumDoctorem

856 4627 1022 4638 ..ι-.-

852 4681 904 4730 ben
919 4679 1035 4743 guaraiti
1052 4692 1066 4728 e
1083 4679 1199 4743 giojelatl
1216 4672 1330 4739 casalli,
1347 4680 1378 4729 da
1395 4682 1471 4742 parte
1487 4677 1529 4727 del
1545 4681 1640 4730 Ponte·

851 4756 919 4815 doe,
945 4757 1024 4807 Gema
1043 4757 1188 4818 posseduto
1205 4750 1274 4815 dalla
1291 4758 1410 4807 naturale
1427 4756 1545 4818 alterigia
1571 4757 1643 4804 otto·

852 4849 965 4895 manua,
987 4835 1065 4897 piena
1092 4836 1117 4884 di
1139 4836 1240 4887 maesta
1262 4837 1289 4885 ln
1310 4836 1378 4885 tutt'e
1399 4833 1424 4885 le
1442 4844 1488 4884 sue
1511 4833 1605 4896 parole
1626 4846 1641 4883 e

853 4915 1000 4973 lattl,uon
1026 4912 1126 4964 mostrb
1153 4914 1178 4965 dl
1206 4918 1315 4964 tenerae
1332 4913 1413 4963 molto
1430 4915 1545 4963 conta·
1573 4917 1642 4963 vrs-

853 5003 983 5048 suenus..

894 5076 928 5135 lt)
940 5072 1069 5123 cardinali
1079 5070 1200 5122 Andreae
1217 5070 1365 5134 D'Espinay
1382 5071 1485 5122 titutum
1496 5068 1644 5132 assignavit

853 5151 877 5200 S.
892 5150 1010 5201 silvestri
1028 5155 1054 5200 ct
1070 5150 1173 5201 blarliai
1189 5149 1216 5199 in
1233 5148 1378 5200 Montibus.
1394 5147 1511 5207 Pacilius,
1527 5150 1557 5197 ul
1573 5147 1643 5196 arbi·

853 5236 919 5290 tror,
936 5231 1106 5293 manuscripti
1123 5229 1305 5292 exemplator,
1320 5241 1371 5279 uon
1390 5228 1556 5278 burchardus
1573 5228 1643 5277 noti·

844 5312 919 5366 ,tiam
937 5309 1085 5372 praeteriit.
1106 5336 1109 5341 ·

1370 5405 1399 5453 16
