3764 6036
176 249 237 310 {Sl
650 243 1181 331 rontiumsrus.1ttrt0cunrtt
1208 247 1361 327 DCTle‘.

176 405 282 448 norum
291 384 375 462 juxta
389 385 507 451 domum
520 383 683 445 Cardinalis
702 383 871 457 Ascanium
895 401 963 462 qua,

176 487 213 546 ad
223 487 370 548 dexteram
387 494 540 553 vertentes,
550 482 586 543 ad
598 483 717 544 domum
730 482 898 544 residentiae
904 480 964 547 Co'·

174 587 251 661 mitis
272 585 461 666 praedictam,
476 594 542 661 ante
560 601 649 661 quam
671 583 765 643 dictus
785 582 888 644 Comes
902 573 965 641 sin·

174 687 252 765 gulis
263 704 345 745 more
361 695 499 744 consueto
513 684 622 762 gratias
633 683 703 762 egit,
714 693 744 742 et
758 694 820 761 post
834 682 964 742 oninium

175 785 372 864 praelatorum
398 800 556 855 recessum,
575 782 694 842 domam
716 783 806 860 ipsam
828 782 965 843 intravit:

175 884 371 946 interfuerunt
381 883 503 942 familiae
517 881 581 942 itit.
596 882 659 942 DD.
674 881 873 942 cardinalium
888 872 966 940 Nea-

176 982 306 1063 politan,
320 983 355 1043 de
373 982 543 1054 Comitibus,
563 993 591 1042 et
613 981 808 1059 quorumdam
829 981 965 1040 aliorum.

217 1085 303 1146 Fer-ia
330 1083 481 1155 secunda,
504 1084 714 1160 vigesimanona
738 1080 836 1160 junii,
859 1080 966 1140 festum

179 1185 385 1264 Apostolorum
397 1182 477 1244 Petri
489 1193 517 1243 et
530 1182 627 1255 Pauli,
641 1179 812 1260 Magnificus
830 1177 969 1239 Nicotaus

180 1285 315 1358 Ursinus,
329 1284 455 1344 Pitiliani
473 1283 586 1355 Comes,
608 1283 637 1342 in
652 1300 748 1342 mone
770 1291 835 1360 post
862 1279 966 1339 boram

180 1403 297 1457 nonam,
310 1394 475 1463 cumgente
490 1403 542 1444 sua
556 1386 616 1444 sine
630 1385 730 1456 armis,
753 1382 832 1443 venit
849 1380 885 1440 ad
906 1380 969 1438 Pa-

180 1485 304 1556 latium,
326 1482 427 1545 deinde
459 1483 500 1542 sic
532 1483 644 1544 reversi
682 1492 750 1542 sunt
776 1480 812 1541 ad
844 1480 973 1558 bospitio

179 1601 243 1657 saa,
259 1582 309 1642 ubi
330 1601 359 1643 se
381 1592 545 1655 armarunt,
566 1581 688 1660 demptis
702 1590 796 1642 tarnen
811 1577 969 1650 Nobilibus,

145 1681 147 1686 ’
183 1685 232 1762 qui
252 1700 320 1744 cum
341 1681 453 1743 Comitc
471 1690 639 1741 nmnseruat
657 1681 793 1753 inermes,
812 1695 868 1740 sao
893 1689 970 1739 tem·

181 1800 253 1862 pore
270 1799 353 1840 arma
373 1781 537 1858 accepturis
559 1778 659 1840 deinde
674 1778 729 1839 SS.
748 1779 783 1838 D.
804 1777 838 1838 N.
853 1788 971 1857 paratus

184 1902 268 1958 more
289 1882 395 1952 solito,
416 1881 494 1942 verrit
513 1879 550 1938 ad
570 1879 718 1943 basilicam
733 1879 875 1957 Principis
888 1879 970 1957 Apo-

183 1983 339 2052 stolorum,
355 1979 467 2041 Comite
486 1977 605 2039 Nicolan
622 1978 769 2056 praedicto
790 1976 917 2037 fimbrias
937 1995 971 2037 ex

187 2098 303 2142 camera
329 2078 478 2157 Papagalli
499 2077 536 2137 ad
557 2079 671 2138 tertiam
690 2080 799 2150 aulana,
820 2078 870 2137 ubi
891 2077 971 2157 Papa

184 2183 280 2243 sedem
293 2178 430 2250 ascendit,
442 2177 470 2237 in
489 2194 547 2256 qua
562 2187 693 2256 portatas
705 2173 970 2258 est,deferente(l).

186 2281 223 2341 tt.
241 2280 382 2341 Dominus
400 2277 563 2339 Cardinalis
581 2277 681 2338 Sancti
703 2276 783 2337 Petri
797 2276 833 2334 ad
848 2276 971 2344 Vincula

185 2380 345 2443 celebravit
368 2378 483 2438 Missam
505 2380 661 2439 solemnem
678 2379 706 2436 in
728 2376 902 2455 paramentis
917 2394 973 2435 ru-

186 2483 244 2543 beis
265 2478 574 2541 moresolito.1⁴'iaita
595 2477 753 2543 elevatione
775 2475 972 2550 Sacramcnti,

185 2591 338 2661 postquam
370 2577 512 2638 Dominus
542 2587 639 2637 noster
663 2576 707 2635 ad
730 2576 834 2636 solium
869 2575 973 2650 rediit,

187 2681 290 2742 Comes
302 2677 477 2759 praedictus,
490 2695 557 2758 eum
568 2675 717 2737 Nobilibus
727 2676 798 2749 suis,
810 2677 862 2754 qui
875 2695 974 2739 secam

146 2850 148 2854 Α
188 2778 288 2854 erant,
309 2779 397 2842 exivit
419 2779 579 2858 cappellam
597 2788 626 2838 at
647 2777 700 2837 ivit
713 2777 750 2836 sd
768 2795 897 2838 cameras
919 2777 975 2836 lta·

189 2879 332 2942 bitationis
350 2878 386 2938 tt.
400 2879 436 2940 D.
454 2877 529 2939 Celsi
550 2877 585 2939 de
599 2877 709 2937 biclinis
723 2877 847 2957 episcopi
862 2877 973 2939 Ferre·

191 2981 266 3042 trani
275 2979 332 3063 (l),
342 2979 392 3040 ubi
406 2996 487 3039 orma
499 2978 609 3056 accepit
620 2977 875 3055 consueta‚quibas
888 2975 975 3036 indu·

191 3092 253 3154 tus,
272 3078 356 3142 rediit
369 3079 405 3138 ad
427 3078 601 3157 cappellam5
613 3088 708 3138 tumen
721 3076 788 3139 satis
801 3075 892 3147 tarde,
908 3077 976 3153 quia

190 3179 240 3239 diu
261 3190 354 3251 antea,
368 3178 453 3238 blisso
469 3175 549 3236 linito
569 3188 644 3249 erat,
663 3177 692 3235 in
707 3174 792 3253 cujm
814 3174 869 3235 line
887 3176 923 3235 tt.
939 3176 976 3235 D.

191 3279 353 3350 Cardinalis
380 3277 478 3337 Sancti
509 3276 589 3336 Petri
609 3276 646 3335 ad
672 3276 794 3337 Vincula
829 3275 977 3336 celebrans

192 3377 388 3460 pronuntiavit
407 3378 516 3456 populo
543 3376 685 3455 plenarias
707 3375 897 3455 ndotgenrtas
923 3393 976 3455 per

194 3479 304 3558 Papam
320 3493 474 3537 cotrcessas.
489 3474 558 3536 Post
576 3475 698 3537 reditum
717 3476 834 3537 Comitis
850 3476 886 3534 ad
905 3494 978 3555 cap-

194 3579 312 3659 pellam,
330 3576 467 3636 Dominus
483 3574 527 3635 Jo.
541 3571 795 3654 Beronae(d)cum
808 3577 911 3636 vexillo
926 3594 978 3636 ar-

196 3697 313 3740 mortnn
335 3674 491 3754 Papae,·et
512 3674 651 3734 Dourlnus
670 3673 813 3747 sinaitas,
840 3674 979 3738 Camenae

195 3777 375 3859 Apostolicac
388 3774 533 3846 Clericus,
546 3790 614 3833 cum
630 3774 734 3835 vexillo
750 3789 901 3834 armornm
918 3774 979 3835 Ec·

195 3880 296 3942 clasiae
306 3895 394 3956 saper
409 3873 539 3946 brachia,
558 3890 626 3933 cum
642 3870 747 3932 baculo
766 3872 831 3934 albo
843 3874 871 3932 in
884 3884 980 3933 trans·

196 3996 314 4041 versum
336 3976 456 4055 desuper
473 3973 568 4052 posito
582 3969 662 4050 (quia
675 3973 714 4033 ita
733 3973 842 4052 placuit
856 3973 982 4035 Douaiao

196 4078 374 4141 Beruardino
401 4073 586 4135 cubiculario
612 4084 745 4145 secreto,
767 4070 852 4149 cnjus
882 4092 982 4154 amore

195 4179 225 4247 id
246 4177 309 4238 lieri
330 4173 457 4255 permisi,
478 4173 625 4233 aliusnon
646 4173 830 4233 conveniebat
849 4191 883 4234 eo
897 4174 983 4235 modo

196 4297 314 4359 ponere,
328 4294 395 4337 cam
406 4291 463 4336 non
475 4273 510 4334 sit
521 4271 783 4357 benedicenilusll)‚
793 4275 983 4338 ascenderunt

197 4378 234 4437 ad
253 4375 433 4446 Pontificem,
445 4374 495 4452 qui
511 4374 560 4434 illa
581 4373 723 4435 benedixit
743 4385 833 4453 prout
853 4379 881 4436 in
903 4376 984 4438 Pon-

198 4476 298 4539 tibcali
308 4499 319 4551 ς
346 4473 445 4536 anam
464 4476 601 4554 imposuit
628 4475 786 4548 incensum,
805 4476 983 4553 ministrante

197 4579 235 4640 tt.
255 4579 291 4640 D.
313 4577 466 4640 Cardinale
489 4575 587 4636 Sancti
610 4578 724 4656 Angeli,
745 4579 865 4657 aspersit
886 4590 915 4638 et
936 4579 983 4637 in-

199 4681 326 4765 censavit
346 4697 429 4740 more
449 4677 549 4751 eolit03
571 4676 687 4751 deinde,
701 4678 813 4767 Comite
833 4697 933 4769 eoram
954 4698 984 4740 se

197 4767 480 4862 cenomannicam
493 4779 654 4840 suceastve
675 4779 727 4838 stat
748 4779 985 4859 iraatanpnmo

239 5025 273 5086 (t)
299 5021 424 5074 reminas
440 5022 560 5084 deferente
576 5035 590 5072 a
607 5020 727 5071 vialardo
752 5023 837 5072 italice
855 5023 985 5074 redditum

200 5104 236 5166 pii
251 5103 357 5153 olioccid
372 5102 399 5153 is‘
407 5103 503 5166 adiici!

242 5183 986 5258 (2)Corrigendusvialardus‚quiscribil‚Gcisods'lfsdici.

240 5268 276 5326 (3)
292 5263 319 5314 la
336 5263 465 5325 vialardo,
481 5265 606 5320 Giovonni
620 5268 728 5321 Bareas-

1711 228 1814 331 (aisn

1032 403 1143 458 suum,
1164 397 1259 466 postea
1280 385 1427 463 Ecclesiae
1451 369 1562 446 'vexilla
1582 385 1637 443 sub
1665 385 1762 446 verbis
1791 387 1815 446 in

1032 484 1191 546 Pontificali
1221 468 1392 558 annotatis,
1406 484 1520 545 tandem
1552 485 1692 546 baculum
1722 484 1821 546 album-

1032 584 1254 664 supradietum,
1276 586 1325 663 qui
1353 585 1538 664 longitudinis
1562 597 1627 648 erat
1653 587 1815 666 palmorum

1034 696 1160 762 quatuor
1172 687 1218 746 vel
1230 685 1308 744 siren
1316 706 1326 757 3
1339 683 1367 744 in
1386 685 1469 764 cujas
1487 686 1640 748 traditione
1656 687 1753 767 Papa,
1763 686 1815 747 sine

1034 784 1121 858 libro,
1148 781 1336 860 husjusmodi,
1365 786 1410 844 vel
1429 784 1531 845 similia
1555 786 1645 845 verba
1678 786 1816 865 protulitr

1033 884 1152 964 Accipe
1171 885 1315 946 baculum
1344 878 1573 955 auctoritatis,
1585 886 1769 965 'potestatis
1794 895 1819 945 st

1034 985 1245 1046 correctionis
1256 985 1290 1044 in
1302 995 1453 1046 terrorem
1469 987 1604 1047 omnium
1620 985 1819 1046 inimicorum

1037 1083 1160 1145 Christi
1181 1094 1211 1143 et
1231 1082 1369 1144 Sanctae
1386 1084 1546 1145 Romanae
1566 1085 1761 1153 Ecclesiae,
1791 1084 1820 1142 in

1035 1182 1158 1243 nomine
1178 1183 1291 1243 Patris.
1306 1192 1336 1241 et
1357 1181 1464 1252 uitii,
1478 1193 1509 1244 et
1530 1182 1676 1263 Spiritus
1698 1181 1821 1253 Sancti,-

1036 1280 1146 1342 Amen:
1166 1293 1195 1342 et
1217 1283 1265 1342 ille
1288 1282 1436 1342 osculatus
1455 1294 1499 1344 est
1518 1283 1618 1362 pedem
1637 1283 1746 1362 Papae.
1769 1281 1822 1341 Sed

1009 1416 1014 1433 »
1036 1380 1190 1442 benedictis
1213 1381 1335 1452 vexillis,
1357 1383 1581 1459 antequamiiia
1602 1381 1656 1441 sibi
1672 1381 1823 1455 trachren·

1036 1492 1111 1553 tur,
1130 1481 1188 1560 ipse
1207 1497 1306 1540 coram
1318 1478 1457 1542 l’ontillce
1478 1479 1664 1560 genuflexus,
1686 1481 1823 1561 praestitit

1035 1574 1235 1653 juramentum
1256 1571 1399 1638 ldetttais
1420 1578 1448 1637 in
1468 1578 1620 1649 immania
1643 1596 1710 1638 meo
1732 1577 1825 1637 libello

1036 1675 1164 1756 scripta,
1186 1677 1295 1736 factum
1302 1698 1312 1750 3
1334 1686 1398 1756 post
1421 1677 1490 1751 boc,
1512 1678 1632 1752 dimasto,
1647 1679 1677 1737 in
1697 1677 1824 1757 cappella

1038 1795 1106 1837 cum
1117 1776 1342 1856 suisPapo,cum
1356 1776 1556 1839 Cardinalibus
1567 1777 1652 1838 exivit
1663 1779 1825 1850 ecclesiam,

1038 1877 1155 1938 ubisub
1174 1888 1288 1956 portam
1307 1877 1383 1938 dedit
1405 1879 1549 1939 licentiam
1570 1878 1787 1952 Cardinalibus,
1799 1889 1827 1938 et

1038 1978 1165 2040 ascendit
1185 1977 1339 2037 Palatium.
1355 1976 1522 2053 Cardinales
1537 1970 1603 2039 ante
1617 1978 1713 2037 scalas
1728 1977 1826 2037 Sancti

1039 2080 1120 2140 Petri
1142 2076 1333 2138 ascenderunt
1353 2077 1473 2151 bestias,
1493 2088 1523 2140 et
1544 2096 1611 2138 cam
1633 2078 1694 2138 suis
1714 2077 1828 2136 familiis

1040 2179 1190 2239 redierunt
1207 2176 1244 2235 od
1266 2175 1365 2239 danaos
1384 2195 1460 2237 suas.
1477 2178 1595 2239 interim
1605 2176 1720 2265 Comes,
1739 2194 1829 2256 prae·

1041 2276 1210 2340 cedentibus
1227 2275 1398 2336 tamburinis
1418 2288 1447 2336 et
1467 2277 1530 2336 aliis
1551 2278 1633 2350 suis,
1655 2289 1684 2338 et
1701 2276 1831 2355 proxime

1039 2387 1106 2438 ante
1137 2379 1231 2457 ipsum
1263 2376 1457 2437 incedentibus
1493 2377 1641 2438 scutiferis
1675 2395 1746 2438 cum
1779 2395 1831 2436 ar·

1041 2480 1096 2540 mis
1117 2477 1275 2551 Ecclesiae,
1290 2477 1394 2538 vexilla
1415 2475 1630 2551 deferentibus,
1647 2487 1715 2537 ante
1736 2478 1830 2537 scalas

1040 2579 1199 2660 praedictas
1220 2577 1346 2638 ascendit
1365 2594 1475 2654 equum
1497 2595 1599 2649 suum,
1620 2587 1649 2637 et
1671 2578 1832 2636 associatus

1041 2700 1057 2741 a
1079 2681 1188 2740 familia
1206 2677 1262 2738 SS.
1277 2676 1403 2751 D.N.‚a
1424 2671 1577 2757 praedictis
1595 2675 1785 2737 cubiculariis
1805 2686 1832 2736 ct

1041 2779 1183 2843 scutiferis
1198 2778 1299 2840 ordine
1321 2789 1479 2850 consueto,
1494 2785 1524 2838 et
1544 2795 1600 2856 per-
1612 2796 1664 2838 nos
1675 2788 1694 2850 ,⁴
1706 2776 1832 2837 servatis

1042 2886 1071 2944 in
1100 2874 1268 2965 hujusmodi
1302 2879 1452 2939 observari
1484 2878 1589 2950 solitis,
1611 2876 1725 2937 medius
1758 2876 1832 2936 intcr

1042 2985 1129 3064 episc.
1146 2981 1345 3066 Arelatensem
1371 2996 1388 3037 a
1412 2978 1555 3047 sinistris,
1587 2988 1615 3038 et
1641 2968 1834 3037 D.⁵Fraaci·

1042 3101 1125 3145 scum
1145 3081 1217 3144 Cibo
1238 3080 1330 3140 lilium
1351 3079 1446 3164 Papae
1466 3097 1484 3136 a
1505 3078 1612 3139 dextris
1633 3074 1698 3158 (qui
1730 3089 1834 3139 contra

1044 3184 1171 3246 debitum
1202 3191 1232 3242 et
1265 3181 1442 3242 voluntatem
1468 3188 1596 3236 nostram
1623 3178 1707 3238 illam
1735 3178 1834 3238 locum

1044 3303 1131 3364 saper
1145 3281 1395 3360 archiepiscopum
1410 3273 1590 3357 praedictum
1605 3288 1703 3341 tenere
1718 3276 1835 3358 voluit),

1045 3405 1097 3465 per
1120 3385 1208 3456 viam,
1223 3397 1310 3458 quam
1332 3377 1671 3449 ctiamobseraorimus,
1692 3378 1836 3454 equitavit

1045 3486 1082 3545 ad
1104 3485 1224 3545 domum
1240 3498 1308 3541 suae
1329 3478 1521 3549 habitationis,
1541 3488 1606 3537 ante
1623 3494 1711 3554 qaam
1727 3477 1836 3555 gratias

1045 3585 1104 3663 egit
1125 3601 1207 3643 more
1230 3588 1378 3651 consueto,
1392 3577 1491 3638 deinde
1513 3577 1640 3662 intravit.
1657 3576 1715 3638 Sed
1732 3596 1833 3658 magns

1047 3688 1121 3747 inter
1147 3682 1261 3745 Nobiles
1281 3689 1411 3742 armatos
1431 3689 1461 3739 et
1483 3698 1528 3739 me
1549 3679 1695 3740 contentio
1731 3697 1767 3740 ex
1802 3696 1834 3739 ea

1048 3784 1137 3865 quod,
1152 3803 1197 3843 me
1210 3783 1291 3842 aliter
1305 3784 1456 3852 retinente,
1467 3779 1508 3840 illi
1523 3781 1629 3843 vestita
1642 3780 1718 3839 inter
1735 3799 1767 3840 se
1783 3779 1833 3838 bs·

996 3948 998 3952 .
1049 3888 1117 3949 bere
1132 3883 1321 3952 volebant‚ac
1338 3880 1360 3939 si
1385 3894 1487 3940 eorum
1510 3878 1639 3957 custodia
1658 3877 1737 3957 ipsis,
1751 3889 1833 3959 prout

1049 3990 1078 4047 in
1091 4003 1193 4064 eampo
1205 3982 1266 4042 lieri
1279 3978 1363 4050 solet]
1373 3979 1541 4048 demandata
1553 3991 1635 4040 esset:
1652 3997 1707 4058 ego
1716 3979 1773 4038 dixi
1786 3997 1832 4038 rc·

1049 4088 1117 4147 xilla
1129 4085 1200 4145 bace
1212 4064 1390 4142 inhonorem
1404 4089 1433 4138 et
1447 4079 1560 4157 signum
1578 4078 1740 4158 adeptionis
1753 4077 1832 4139 oflicii

1050 4184 1155 4247 deferri
1174 4193 1202 4244 et
1217 4200 1274 4243 non
1299 4181 1335 4240 ad
1360 4179 1559 4240 debellandum
1577 4177 1645 4261 (l),
1665 4180 1704 4239 ita
1727 4189 1760 4238 ut
1779 4179 1831 4257 ipsa

1051 4285 1152 4346 vexilla
1171 4282 1332 4344 immediate
1356 4291 1422 4341 ante
1437 4278 1624 4358 Capitoneum
1652 4279 1831 4350 deferantnr3

1051 4388 1100 4464 qui
1119 4396 1212 4445 tamen
1233 4368 1442 4459 acquiescentes
1452 4380 1625 4440 ordinationi
1646 4398 1739 4454 meae,
1754 4378 1832 4458 eqtti·

1051 4493 1152 4545 terunt
1170 4493 1258 4563 prout
1278 4483 1358 4542 volui
1375 4492 1405 4540 et
1425 4479 1557 4541 ordinavi
1571 4476 1626 4562 (b).

1049 4643 1168 4655 ...—--·

1093 4725 1129 4783 (l)
1145 4721 1199 4782 Hic,
1211 4721 1337 4772 inCodice
1349 4722 1433 4783 aliqua
1446 4721 1527 4771 verba
1540 4722 1595 4771 sine
1607 4733 1688 4771 sensu
1700 4724 1833 4784 appareat.

1093 4802 1128 4866 (5)
1142 4800 1290 4860 lisiardus,
1305 4803 1375 4850 circa
1392 4799 1598 4864 assumptionem
1616 4802 1642 4849 ia
1659 4799 1836 4851 vexilliferum

1053 4882 1187 4934 Ecclesiae
1204 4880 1311 4930 Comitis
1329 4880 1362 4930 de
1379 4880 1508 4939 ettiliano,
1525 4880 1588 4929 llaec
1598 4870 1717 4930 'narrate

1101 4981 1112 5005 ι
1139 4960 1188 5010 Per
1211 4963 1305 5022 questa
1332 4960 1489 5009 risoluzione
1515 4960 1578 5009 latta
1601 4960 1635 5008 ds
1655 4960 1706 5008 Soa
1727 4955 1840 5014 sortiti,

1054 5039 1080 5089 d'
1091 5038 1292 5100 intraprendere
1309 5050 1396 5086 nuova
1412 5050 1506 5101 guerra
1522 5043 1615 5087 contro
1632 5039 1648 5087 il
1667 5049 1695 5087 rs
1706 5037 1734 5086 di
1748 5034 1841 5098 Napoli

1056 5118 1126 5167 a'ti.
1142 5116 1168 5165 di
1185 5116 1278 5178 giugno
1290 5129 1335 5165 era
1348 5120 1415 5166 stato
1434 5117 1564 5166 calamato
1581 5130 1595 5165 a
1612 5113 1697 5166 ltomu‘
1709 5117 1727 5164 ii
1744 5115 1843 5176 blegni-

1056 5194 1104 5245 aco
1120 5194 1212 5248 Nicold
1228 5195 1323 5244 Orsino
1340 5194 1423 5245 Corte
1444 5194 1470 5243 di
1491 5194 1644 5258 Pitigliaam
1660 5184 1792 5251 suanm
1816 5190 1842 5240 di

1056 5275 1131 5334 Nola,
1147 5274 1272 5336 Cspltsno
1289 5271 1417 5324 Generslo
1433 5273 1621 5332 detrectasse,
1638 5283 1653 5322 e
1670 5275 1776 5323 entrsto
1793 5283 1845 5334 per
