3764 6036
185 277 244 341 itt

177 416 212 478 de
234 434 349 479 camera
364 416 496 478 oninibos
512 417 628 477 sedibus
644 436 677 478 ex
699 406 839 477 bruccato
852 426 883 475 et
903 415 967 475 vei·

180 517 266 591 lnto,
286 508 407 578 retinuit
433 514 551 579 “tantum
573 518 651 580 sedes
670 519 752 579 dorio
783 517 877 578 rubeo
897 533 970 576 eoo·

180 772 259 820 verit.
276 770 383 821 Tertius
404 784 494 835 porro,
511 772 645 831 tatianus,
661 771 782 835 impubes
799 770 900 830 adhuc,
923 781 970 831 pu·

178 849 244 900 dore
260 855 349 902 tamen
366 864 396 901 ao
413 855 570 909 venustate,
587 865 673 914 neque
691 865 742 901 non
767 851 926 913 probitatis,
943 853 969 899 ei

177 929 274 991 ingenii
292 929 400 978 mirifica
413 930 527 992 quadam
540 931 752 994 suavissimaque
765 930 870 988 indole,
887 932 969 980 totius

178 1006 230 1059 sibi
244 1009 298 1070 lam
315 1008 429 1058 civitatis
446 1009 546 1058 animos
563 1008 690 1058 devinxit.
706 1007 801 1060 Verum
813 1012 842 1058 ut
858 1008 891 1058 de
909 1009 969 1058 aliis

178 1091 356 1151 inpraesenti
382 1088 550 1145 taceamne
573 1088 649 1138 Petro
671 1092 745 1137 certe
762 1090 821 1150 ipso
845 1087 969 1141 cobibere

178 1180 219 1218 me
236 1181 287 1216 non
304 1162 430 1228 possum,
457 1166 519 1228 quin
537 1168 640 1216 recenti
667 1177 695 1215 re
713 1168 891 1216 testimonium
916 1167 966 1215 hoc

177 1246 235 1294 icco
252 1249 390 1313 paternum
412 1243 569 1294 adscribam.
591 1245 698 1295 Duobus
710 1235 818 1295 circiter
835 1246 895 1295 ante
913 1245 971 1294 obl·

178 1328 233 1374 tum
251 1323 402 1381 mensibus,
420 1335 478 1373 cum
496 1325 521 1372 io
548 1318 596 1375 sno
613 1324 735 1374 cubiculo
755 1323 852 1375 sedens
868 1328 906 1382 (ut
924 1336 968 1373 so·

177 1402 257 1463 lebat)
275 1404 453 1460 Laurentius,
478 1402 511 1451 de
529 1402 721 1465 philosophia,
738 1407 771 1452 et
789 1403 872 1454 literis
896 1402 970 1451 nobi·

178 1492 251 1530 scum
269 1480 448 1535 fabularetur,
468 1492 498 1529 ac
512 1492 541 1529 se
557 1480 705 1530 destinasse
722 1480 823 1530 diceret
841 1481 967 1543 reliquam

178 1563 293 1610 aetatem
311 1559 336 1608 in
355 1560 386 1608 iis
404 1559 499 1609 studiis
518 1571 637 1618 mecum,
654 1563 680 1608 et
697 1572 756 1609 curo
774 1559 877 1618 Ficino,
894 1560 971 1609 i'leo·

177 1648 230 1698 que
246 1639 304 1698 ipso
329 1635 474 1687 Mirandula
499 1647 675 1695 consumere,
700 1640 791 1700 procul
808 1638 910 1688 scilicet
934 1639 968 1705 ab

177 1715 261 1769 urbe,
279 1718 306 1764 et
323 1716 452 1776 strepitu,
469 1714 597 1776 negabam
615 1715 737 1785 eqrridem
757 1719 806 1766 hoc
825 1719 848 1768 el
866 1731 914 1778 per
931 1719 970 1766 ci-

174 1806 223 1844 ves
242 1795 339 1851 licere,
364 1793 530 1856 quiquidem
556 1796 581 1842 in
607 1793 665 1844 dies
687 1796 845 1846 viderentur
870 1799 968 1860 magis,

178 1872 313 1934 magisque
330 1874 414 1934 ipsius
431 1878 458 1922 et
475 1874 628 1931 consillum,
645 1877 671 1922 et
696 1876 880 1925 authoritatem
896 1876 971 1927 desi·

177 1952 376 2002 dereturl.Tum
389 1951 530 2002 subridens
543 1953 586 2000 ille
599 1973 609 1994 ·
623 1953 703 2015 Atqui
716 1956 778 2012 jam,
791 1956 884 2017 inquit,
895 1956 969 2005 vices

180 2036 288 2083 nostras
306 2033 411 2082 alumno
429 2036 474 2082 tuo
485 2032 681 2094 delegabimus,
698 2038 777 2097 atque
795 2035 820 2083 in
838 2047 897 2084 enm
910 2048 971 2085 sar-

180 2112 268 2163 cinam
286 2114 362 2170 banc,
379 2116 406 2162 et
423 2125 489 2162 onus
508 2125 586 2163 omne
611 2114 797 2164 reclinabirnus
813 2136 833 2162 ·.
851 2115 968 2178 cumque

179 2205 227 2254 ego
249 2203 402 2252 rogassem,
430 2204 463 2240 an
490 2190 576 2242 'adhuc
604 2195 630 2241 in
656 2193 842 2252 adolescente,
868 2199 969 2243 tantum

179 2271 281 2323 virium,
297 2268 537 2332 deprehendisset,
556 2274 584 2319 ut
606 2272 645 2321 eis
663 2272 731 2321 bono
749 2271 799 2320 lide
815 2273 969 2324 incumbere

146 2351 149 2357 ’
178 2351 230 2408 jam
254 2363 403 2414 possemus.
419 2372 429 2393 ·
444 2351 496 2413 ligo
513 2363 593 2410 vero,
610 2356 645 2401 ait
661 2354 726 2410 ille,
742 2358 839 2416 quanta
868 2356 926 2414 elus
942 2358 969 2404 et

171 2441 258 2492 quam
276 2430 360 2480 solida
379 2430 457 2480 rideo
472 2441 534 2480 esse
551 2431 738 2489 fundamenta,
759 2433 871 2483 laturum
889 2446 970 2495 spero

181 2509 345 2563 hauddubie
368 2511 490 2573 quicquid
506 2511 722 2560 inaedificavero.
739 2512 810 2561 care
827 2512 908 2573 igitur
924 2525 970 2573 pu·

182 2591 240 2647 ies,
256 2591 372 2652 angele,
396 2600 547 2652 quenquam
576 2590 661 2640 adbuc
690 2604 729 2640 ex·
752 2594 865 2650 nostris,
883 2579 971 2641 indole

180 2666 264 2717 fuisse
281 2672 371 2724 tanta,
387 2672 511 2732 quantam
528 2671 581 2730 iarn
601 2669 694 2719 Petrus
712 2671 844 2725 ostendit,
861 2675 890 2720 ut
907 2684 971 2734 spe·

183 2760 239 2799 rem
257 2749 330 2806 fore,
349 2753 428 2811 atque
445 2748 514 2798 adeo
529 2761 641 2811 augurer
657 2749 723 2809 (nisi
742 2752 884 2813 meipsius
902 2753 971 2815 inge·

181 2828 217 2878 nii
234 2827 335 2892 aliquot
361 2831 413 2887 jam
430 2830 613 2890 experimenta
641 2830 798 2886 fefellerint)
815 2844 848 2881 na
876 2832 917 2880 cui
934 2833 969 2881 sit

181 2909 308 2969 majorum
327 2914 434 2956 snorum
448 2918 624 2956 concessurus
639 2928 660 2953 ·.
672 2906 758 2973 'hique
776 2909 853 2971 hujus
863 2908 969 2971 quidem

182 2987 273 3043 judicit
301 2986 486 3049 praesagiique
513 2988 630 3049 paterni.
649 3001 768 3052 magnum
794 2989 916 3050 profecto
943 2992 970 3038 et

182 3068 282 3117 clarum
299 3065 436 3128 specimen
463 3065 511 3115 hoc
529 3076 614 3128 nuper
630 3067 717 3126 dedit,
734 3068 804 3131 quod
822 3068 970 3130 aegrotanti

182 3149 290 3207 praesto
307 3145 355 3194 fnit
373 3156 503 3207 semper,
520 3147 660 3209 omniaque
679 3160 727 3208 per
744 3150 969 3208 sepaeneetlam

182 3223 288 3274 sordida
306 3223 452 3273 ministeria
477 3222 575 3282 obivit,
591 3225 737 3292 uigiliarum
755 3226 971 3287 patientissimus,

182 3306 210 3351 et
226 3301 345 3358 inediam
363 3313 552 3364 nunquamque
576 3315 590 3350 a
609 3302 704 3352 lectolo
721 3304 780 3366 ipso
804 3304 905 3365 patris,
921 3307 970 3355 nisi

182 3392 242 3430 cum
261 3381 375 3429 maxime
397 3381 552 3443 Respublica
580 3386 699 3445 urgeret,
718 3384 794 3433 avelli
811 3396 915 3449 passus.
938 3383 971 3435 itt

180 3474 241 3511 eum
257 3461 366 3513 mlrlttca
379 3464 464 3522 pletas
479 3464 587 3511 extaret
603 3463 628 3510 in
641 3462 731 3520 vultu,
742 3467 837 3514 tamen
855 3478 888 3514 ne
899 3477 971 3513 mor·

185 3539 247 3590 bum
264 3545 309 3590 aut
325 3540 519 3590 solicitudinem
535 3545 675 3602 paternam
693 3554 815 3594 moerore
827 3555 875 3594 suo
892 3544 972 3594 adeu-

181 3623 271 3680 garot,
288 3620 401 3682 gemitus
418 3630 528 3684 omnes.
547 3621 574 3667 et
592 3619 742 3682 lachrymas
754 3622 899 3672 incradlblll
916 3624 973 3672 vir·

183 3701 238 3747 tute
254 3693 332 3759 qua'si
349 3695 506 3747 devorabat.
523 3695 603 3746 Porro
620 3700 717 3754 autem,
732 3699 803 3761 quod
827 3713 906 3750 unum
926 3703 972 3750 tri·

182 3778 298 3827 stisslma
316 3779 340 3825 in
368 3788 396 3826 re
414 3775 638 3837 pulcherrimum,
663 3789 711 3827 ceu
736 3782 915 3841 spectaculum
933 3781 973 3828 ai·

183 3856 329 3915 debemus,
347 3856 459 3904 invicem
476 3858 552 3915 pater
568 3867 675 3918 quoque
693 3859 749 3918 ipse
767 3869 800 3906 ne
826 3860 970 3908 tristiorem

184 3935 283 3993 lilium,
300 3937 408 3985 tristitia
432 3933 636 3989 suaredrleret,
657 3935 774 3996 ¹frontem
800 3935 850 3985 sibi
863 3927 973 3987 v‘extem-

181 4027 247 4076 pora
264 4014 336 4064 velut
354 4016 429 4063 aliam
441 4012 570 4076 lingebat,
586 4004 615 4064 ae
626 4015 737 4064 fluentas
749 4000 840 4064 oculos
858 4016 884 4064 in
899 4015 971 4066 illius

182 4095 295 4154 gratiam
311 4093 481 4152 continebat,
497 4106 631 4156 nunquam
648 4098 692 4144 aot
709 4098 894 4144 consternatus
917 4086 972 4144 ani·v

183 4184 243 4231 mo,
260 4176 305 4221 aut
316 4172 434 4230 fractus,
450 4169 535 4221 donec
548 4176 608 4222 unte
620 4185 667 4221 ora
683 4177 760 4222 natus
772 4171 973 4227 obversaretur.

184 4249 222 4299 ila
238 4255 367 4314 uterque,
384 4253 505 4301 certatim
525 4252 581 4301 rim
597 4253 684 4303 facere
702 4245 925 4310 affectibus'suis,
943 4266 972 4301 ao

184 4329 353 4379 dissimulare
364 4331 489 4391 pietatem
502 4332 609 4392 pietalis
627 4331 714 4381 studio
727 4330 867 4380 nitebatur.
884 4329 914 4378 ιιι
927 4344 974 4380 au·

187 4415 239 4460 tem
252 4409 408 4458 Laurentius
420 4421 434 4458 e
445 4408 636 4469 vita'decesslt,
646 4411 697 4461 dici
710 4410 752 4460 uix
766 4415 864 4473 potest,
875 4415 973 4472 quinta

182 4493 216 4539 ct'
227 4489 403 4545 humanitate,
427 4492 454 4537 et
478 4490 607 4551 gravitate
632 4491 705 4539 ciues
722 4490 823 4539 omneis
847 4502 910 4539 suos
928 4491 973 4539 ιιι·

183 4573 242 4618 trus
270 4571 380 4624 noster,
395 4566 428 4615 ad
449 4579 479 4615 sc
496 4567 601 4616 domum
630 4570 794 4618 confluentes
820 4571 973 4630 exceperit,

183 4660 262 4710 quem
280 4651 307 4696 et
325 4647 463 4708 apposite.
480 4649 506 4694 et
524 4648 615 4704 varie,
634 4651 660 4696 at
677 4646 772 4697 blande
784 4650 862 4706 etiam
881 4649 973 4697 dolen·

183 4727 256 4776 tibus
271 4723 539 4786 consolantlbosque,
557 4736 605 4785 pro
617 4729 750 4787 tempore,
768 4737 895 4787 suamque
912 4739 974 4787 ope·

184 4818 240 4859 ram
258 4804 443 4869 pollicentibus
469 4804 649 4866 responderit.
675 4806 805 4865 Quantam
820 4794 930 4862 deinde,
946 4812 973 4854 et

183 4899 261 4948 quam
279 4888 405 4938 solertem
423 4886 461 4935 rei
474 4883 676 4933 constituendae
692 4885 813 4933 lumiliarl
824 4896 914 4944 coram
927 4886 973 4932 im-

184 4967 323 5027 penderit,
337 4969 376 5035 ⁴ut
395 4964 606 5018 necessitudines
623 4976 685 5013 suas
701 4964 802 5013 omneis
815 4963 972 5025 'gravissimo

184 5038 413 5108 cas'upercolaas
446 5043 612 5101 sublimarit,
640 5047 667 5091 tu
696 5044 739 5091 vel
770 5042 971 5092 minutissimum

183 5136 315 5185 quemque
340 5136 372 5171 ex
391 5122 563 5171 familiaribus
588 5121 736 5183 dejectum,
757 5120 972 5183 diffidentemque

184 5198 235 5249 sibi
254 5202 374 5252 adversis
398 5201 479 5251 rebus
504 5201 658 5264 collegerit,
684 5200 973 5256 erexerit,-anlmave·

185 5282 236 5333 rit,
253 5284 280 5328 ul
299 5281 325 5328 io
342 5279 464 5329 obeunda
483 5292 589 5342 quoque
606 5280 747 5342 Republica
761 5279 822 5326 nulli
840 5291 970 5340 unquam,

183 5364 227 5407 aul
246 5360 319 5419 loco,
337 5363 381 5408 aul
400 5364 528 5421 tempori,
546 5363 589 5408 aul
613 5362 734 5420 muneri,
752 5364 794 5407 aul
813 5359 909 5407 honuni
926 5359 971 5407 de-

660 231 943 339 eonrletoanus
965 273 1190 339 innocuum
1212 275 1365 343 oculu.

1718 254 1827 373 (etse)

1041 426 1147 493 perles,
1159 422 1197 476 'el
1218 416 1341 479 scabella
1364 413 1510 479 ootrsuelo:
1526 417 1656 480 belisiam
1675 407 1742 482 fleri
1761 423 1825 483 feeit

1040 513 1074 576 de
1096 533 1188 594 penno
1211 510 1326 578 uiolatio
1346 517 1492 592 obscuro,
1506 546 1510 551 ·
1523 519 1581 582 sine
1603 522 1716 581 armis:
1739 540 1824 602 supra

1041 686 1548 700 -·—.--——--—-—-—---—-.-—...
1779 692 1824 703 -ι

1011 793 1016 799 -
1039 765 1136 823 fuerit,
1152 766 1223 817 nulla
1239 767 1354 831 denique
1372 769 1396 818 io
1410 774 1487 831 parte
1502 737 1715 823 cessaveritrsio
1727 776 1758 823 ot
1774 787 1824 825 earn

1039 845 1115 907 plane
1131 839 1260 896 institisse
1270 846 1324 908 jorn
1336 847 1430 906 triam,¹
1440 851 1518 912 atque
1535 851 1570 899 ita
1583 852 1663 912 pleno
1681 851 1768 914 gradu
1780 852 1824 902 iter

1038 924 1174 984 ingressus
1192 922 1331 984 rideatur,
1347 924 1424 975 brari
1434 931 1470 976 ,ιιι
1481 932 1597 989 putetur·
1605 934 1749 992 parentem
1766 940 1826 993 quo-

1038 1012 1088 1062 que
1105 1003 1189 1063 ipsum
1207 1003 1327 1065 vestigiis
1355 1010 1556 1058 consecuturus.
1573 1007 1611 1058 Do
1628 1011 1726 1060 funere
1744 1008 1827 1062 autam

1039 1079 1101 1128 nihil
1122 1083 1163 1129 est
1179 1081 1251 1142 quod
1267 1082 1363 1131 dicam.
1380 1082 1491 1134 Tantum
1510 1084 1543 1135 ad
1560 1087 1602 1135 avi
1624 1089 1780 1151 exemplum
1797 1103 1825 1140 ex

1038 1161 1205 1221 praescripto
1216 1160 1452 1220 celebratum'ast,
1470 1160 1695 1228 quemadmodum
1710 1170 1788 1230 ipse,
1802 1172 1826 1219 ut

1038 1235 1105 1293 dixi,
1124 1239 1433 1290 moriens'mandaverat.
1452 1242 1622 1308 Tam'm'agoo
1634 1251 1727 1296 autem
1745 1251 1824 1300 omnis

1037 1316 1143 1375 generis
1169 1318 1319 1366 mortalium
1336 1330 1484 1380 concursu,
1501 1336 1578 1385 quam
1604 1337 1730 1386 magnum
1757 1341 1827 1378 num·

1037 1406 1115 1456 quam
1142 1400 1218 1446 antea
1250 1399 1457 1451 meminerimus.
1479 1403 1598 1466 Prodigia
1624 1418 1691 1457 vero
1720 1413 1825 1459 mortem

1038 1474 1120 1524 ferme
1143 1475 1207 1524 haec
1234 1482 1454 1539 antecesserunt,
1471 1494 1629 1547 quamquam
1658 1486 1710 1535 alia
1729 1500 1827 1551 quoque

1038 1556 1116 1616 vulgo
1136 1555 1265 1606 feruntur.
1292 1558 1375 1610 Nonis
1399 1561 1546 1623 aprilibus,
1575 1565 1639 1614 bora
1668 1566 1756 1617 ferme
1781 1568 1826 1632 diei

1038 1637 1134 1694 tertia,
1158 1637 1246 1686 triduo
1264 1641 1406 1701 antequam
1424 1642 1536 1692 animam
1560 1626 1646 1695 edidit
1663 1645 1827 1706 Laurentius,

1039 1714 1150 1771 mulier,
1167 1718 1257 1777 nescio
1274 1729 1350 1779 quae,
1367 1718 1429 1768 dom
1443 1720 1467 1768 ln
1485 1722 1550 1772 aeda
1567 1734 1644 1774 sacra
1662 1725 1763 1776 hieriae
1780 1725 1827 1777 lio·

1008 1835 1011 1841 .
1038 1794 1140 1852 sellae,
1156 1807 1225 1856 quae
1236 1795 1352 1855 dicitur,
1369 1797 1549 1850 declamitaoti
1562 1802 1694 1864 epulpito
1706 1804 1753 1853 dat
1770 1802 1828 1867 ιρι·

1039 1884 1111 1933 ram,
1128 1878 1238 1936 repente
1261 1876 1329 1925 inter
1354 1871 1500 1928 confertam
1518 1882 1607 1943 populi
1636 1883 1827 1934 multitudinem

1039 1953 1223 2014 expavefacta,
1239 1958 1462 2018 consternataque
1474 1959 1623 2021 consurgit,
1641 1962 1828 2025 lymphatoque

1038 2044 1139 2089 cursu,
1151 2037 1177 2081 et
1194 2032 1315 2082 terrificis
1338 2035 1507 2092 clamoribus,
1526 2031 1620 2087 diens
1645 2039 1724 2098 heus,
1743 2041 1827 2102 iuquit

1038 2114 1127 2170 cives,
1144 2125 1176 2160 an
1194 2112 1264 2162 hunc
1276 2125 1327 2162 non
1346 2112 1457 2163 cernitis
1468 2115 1639 2166 ferocientem
1659 2121 1827 2179 taurom,qni

1037 2193 1164 2254 ‚templum
1186 2192 1236 2242 boo
1252 2192 1345 2254 ingens
1369 2193 1508 2245 flammatis
1525 2197 1652 2247 cornibus
1679 2198 1715 2248 ad
1733 2204 1825 2249 terram

1039 2270 1126 2332 dejicit
1142 2270 1258 2320 ιιΡιιιιι
1276 2283 1358 2333 porro
1370 2272 1467 2334 vigilia,
1476 2286 1535 2325 cum
1548 2276 1650 2325 caelum
1668 2278 1786 2328 nubibus
1798 2279 1826 2328 de

1039 2350 1352 2414 improvisofoedaretnr,
1365 2353 1488 2403 contiuuo
1505 2355 1630 2405 Basilicee
1651 2359 1737 2419 ipsius
1755 2362 1832 2408 maxi-¹

1039 2443 1097 2479 mae
1107 2431 1246 2492 fastigium,
1255 2429 1496 2492 qoodoparemtro
1507 2435 1667 2495 singularem
1678 2439 1738 2486 toto
1752 2442 1828 2486 terra·

1040 2522 1096 2558 rum
1108 2508 1172 2557 orbe
1181 2508 1339 2558 testudinem
1349 2510 1537 2571 supereminet,
1546 2516 1644 2563 tactum
1655 2515 1775 2566 decreto
1784 2521 1828 2569 est.

1040 2588 1121 2636 itaut
1147 2591 1239 2636 vastae
1266 2588 1405 2649 quaepiam
1424 2589 1609 2644 deiecerenlur
1634 2595 1739 2653 moles,
1756 2599 1828 2657 atque

1040 2668 1064 2714 in
1082 2679 1138 2716 eam
1159 2669 1325 2730 potissimum
1343 2672 1463 2729 partem,
1479 2683 1530 2732 qua
1547 2671 1665 2722 llfedlcae
1689 2670 1827 2723 convisuir·

1039 2746 1083 2794 lor
1100 2745 1196 2802 aedes,
1214 2747 1239 2794 vi
1267 2746 1376 2809 quadam
1400 2748 1550 2804 horrenda,
1568 2755 1594 2799 et
1623 2751 1743 2814 impetu,
1763 2766 1827 2800 mar·

1040 2818 1113 2872 mcra'
1126 2824 1246 2872 immania
1259 2829 1459 2886 torquerentur.
1475 2826 1503 2876 io
1517 2826 1571 2890 quo
1588 2831 1652 2879 illud
1666 2835 1747 2880 ettam
1760 2844 1827 2892 prae·

1040 2903 1106 2950 scito
1124 2913 1173 2951 non
1201 2904 1298 2960 caruit,
1326 2903 1397 2963 quod
1415 2905 1534 2955 incurata
1562 2900 1713 2970 onap‘ila,
1740 2913 1825 2975 quales

1039 2980 1158 3042 aliaeque
1180 2981 1205 3029 in
1222 2982 1316 3038 eodem
1344 2983 1459 3046 fastigio
1473 2989 1690 3048 conspiciuntur,
1718 2989 1824 3041 excusse

1039 3060 1147 3110 fulmina
1164 3065 1219 3119 est,
1238 3073 1272 3109 na
1284 3073 1335 3110 oon
1346 3074 1381 3111 ex
1393 3065 1450 3125 ipso
1461 3076 1566 3128 qnoque
1579 3069 1674 3131 insigni
1693 3073 1824 3132 proprium

1040 3141 1098 3201 elus
1116 3141 1227 3190 familiae
1243 3140 1430 3192 detrimentum
1448 3146 1662 3206 portenderetur.
1687 3148 1739 3198 Sed
1756 3157 1783 3199 et
1799 3149 1826 3197 il·

1041 3220 1086 3270 lud
1102 3220 1291 3278 memorabile,
1314 3221 1386 3282 quod
1410 3224 1437 3270 ut
1453 3223 1567 3284 primum
1585 3224 1728 3286 detonuit,
1744 3229 1824 3277 statim

1011 3327 1012 3333 ι
1040 3311 1144 3362 quoque
1171 3289 1301 3349 serenitas
1328 3300 1443 3349 reddita.
1468 3301 1522 3362 Qua
1552 3308 1639 3356 aulem
1666 3310 1747 3356 nocte
1768 3306 1825 3356 obiit

1041 3379 1213 3437 Laurentius,
1228 3380 1305 3429 stella
1317 3380 1397 3429 solito
1408 3380 1521 3438 clarior,
1539 3393 1569 3430 ac
1581 3382 1719 3444 grandior,
1737 3384 1826 3433 subur·

1041 3459 1109 3509 bano
1130 3459 1290 3516 immineas,
1306 3459 1331 3506 in
1356 3447 1425 3520 quos
1441 3460 1553 3509 animam
1578 3460 1693 3523 agebat,
1710 3463 1758 3512 itio
1774 3464 1824 3525 ipso

1041 3539 1167 3601 temporis
1190 3537 1302 3586 artiralo
1326 3535 1466 3597 decidere,
1487 3539 1656 3603 extinguique
1679 3541 1760 3600 -risr,
1780 3555 1825 3604 quo

1040 3617 1205 3680 compertum
1230 3614 1330 3664 deinde
1344 3619 1385 3663 est
1402 3627 1466 3664 ,euru
1496 3620 1550 3666 rita
1566 3617 1742 3682 demigrasse
1766 3621 1825 3682 Quia

1041 3697 1195 3746 excurrisse
1211 3695 1291 3743 etiam
1307 3693 1379 3743 faces
1396 3695 1518 3744 trinoctio
1535 3702 1666 3758 perpetuo
1683 3697 1717 3747 ds
1734 3697 1825 3747 Faesu-

1041 3774 1109 3825 laois
1125 3772 1277 3828 montibus,
1294 3783 1428 3834 supraque
1440 3771 1465 3821 ld
1476 3775 1619 3835 templum,
1636 3788 1691 3838 quo
1703 3776 1825 3843 reliquiae

1040 3852 1190 3901 conduntur
1202 3850 1319 3900 Medicas
1334 3847 1431 3913 gentis,
1447 3853 1606 3902 scintillasse
1617 3855 1748 3915 nonnihil,
1760 3868 1825 3905 mox·

1040 3944 1092 3995 que
1108 3931 1249 3981 evanuisse
1266 3929 1395 3980 feruntur.
1411 3930 1494 3990 Quies
1509 3931 1580 3994 qood
1597 3937 1624 3982 et
1640 3934 1750 4001 ieonum
1768 3948 1826 3998 qoo-

1040 4025 1092 4076 que
1108 4011 1303 4062 nobilissimum
1320 4022 1377 4078 par,
1393 4011 1450 4072 ipsa
1467 4024 1519 4073 qua
1536 4011 1641 4073 publice
1661 4017 1826 4063 eontinentur

1042 4092 1193 4150 cavea,¹sic
1219 4090 1243 4140 in
1262 4101 1375 4152 pugnam
1399 4090 1525 4151 ferociter
1541 4093 1696 4151 concurrit,
1713 4098 1742 4141 nt
1768 4095 1826 4141 alter

1041 4173 1157 4235 pessime
1175 4174 1315 4231 acceptos,
1334 4171 1400 4218 alter
1417 4169 1496 4219 etiam
1511 4171 1567 4221 leto
1585 4175 1619 4220 sit
1635 4170 1724 4222 datus.
1737 4171 1827 4222 Arretii

1041 4250 1145 4314 quoque
1163 4262 1243 4313 supra
1261 4261 1348 4297 arcem
1366 4248 1470 4310 ipsam,
1486 4250 1605 4310 geminae
1620 4251 1716 4313 perdiu
1735 4254 1826 4303 arsisse

1041 4328 1176 4388 flammae,
1189 4329 1266 4393 quasi
1280 4328 1405 4378 Castores
1417 4328 1545 4387 feruntur,
1562 4342 1593 4378 ac
1612 4330 1671 4393 lupa
1685 4331 1825 4383 identidem

1040 4411 1090 4461 sub
1115 4407 1253 4458 moenibus
1275 4406 1396 4456 ululatus
1414 4407 1546 4457 territiocs
1568 4408 1695 4460 edidisse.
1720 4411 1825 4472 Quidam

1042 4491 1104 4542 illud
1122 4490 1201 4539 etlam
1218 4492 1257 4549 (ut
1281 4491 1342 4536 sunt
1358 4488 1470 4548 ingenia]
1486 4499 1536 4548 pro
1553 4493 1673 4539 monstro
1700 4492 1827 4553 interpra-

1042 4575 1148 4629 tantur,
1165 4567 1235 4632 quod
1257 4566 1497 4617 excellentissimus
1517 4567 1567 4628 lita·
1581 4568 1650 4616 enim
1673 4567 1828 4627 habebatur]

1043 4651 1120 4711 hujus
1137 4648 1232 4697 aetatis
1249 4645 1376 4709 medicus,
1391 4636 1499 4708 quando
1511 4657 1557 4694 ars
1572 4658 1632 4695 eum
1645 4647 1827 4708 praescitaque

1042 4729 1202 4794 fefellerant,
1220 4726 1336 4776 animum
1346 4724 1536 4787 desponderit,
1550 4729 1687 4787 puteoque
1696 4737 1728 4776 se
1739 4730 1826 4788 sponte

1042 4807 1218 4862 demerserit,
1235 4818 1265 4854 ac
1281 4806 1394 4867 principi
1412 4804 1469 4866 ipsi·
1487 4804 1604 4853 medicae
1620 4801 1825 4865 (si‘vocabulnm

1042 4890 1160 4948 speciest
1176 4883 1291 4933 familiae
1308 4896 1371 4933 snae
1387 4895 1453 4934 nece
1470 4885 1664 4946 parentarerit.
1685 4885 1738 4936 Sed
1753 4886 1826 4939 ‚video

1042 4978 1102 5023 me,
1119 4976 1177 5014 cum
1195 4961 1301 5025 quidem
1329 4963 1430 5021 multa,
1446 4967 1473 5011 et
1493 4974 1583 5025 magna
1612 4962 1780 5024 reticuerim,
1796 4977 1825 5014 oe

1042 5044 1109 5093 forle
1125 5044 1279 5104 inspeciem
1291 5041 1449 5090 adulationis
1459 5042 1614 5101 inciderem,
1630 5045 1734 5106 longina
1745 5050 1824 5095 tamen

1040 5126 1212 5183 provectum,
1228 5132 1306 5182 quem
1323 5134 1338 5167 ιι
1361 5120 1685 5181 principio'instilueram.
1710 5122 1784 5184 (luod
1799 5125 1824 5170 ut

1042 5202 1171 5257 lacerem,
1188 5201 1289 5261 partlm·
1301 5197 1433 5261 cupiditas
1450 5199 1508 5260 lpse
1525 5196 1707 5263 obsequeddl,
1730 5203 1823 5252 obtem·

1041 5279 1202 5341 petendique
1219 5277 1265 5325 tihi
1283 5279 1401 5338 optimo,
1418 5277 1589 5337 doctissimo,
1612 5280 1823 5340 prudentissimo·

1041 5370 1093 5420 «que
1110 5357 1224 5415 homini,
1243 5356 1357 5418 mihique
1369 5357 1544 5417 anricissirno,
1561 5360 1637 5419 ctljus
1655 5360 1761 5421 quidem
1773 5364 1822 5408 stu·
