3780 6030
151 279 190 340 44
625 273 831 343 4444444444
850 276 953 342 4444
972 256 1123 343 staron
1142 277 1343 349 4444444444.

150 412 334 474 subscribere
350 414 477 487 4411444
491 415 567 492 quod
588 414 755 494 quintarnos
769 415 798 475 14
813 415 942 495 cappella

150 531 240 593 supro
258 532 385 576 mensam
400 533 582 594 reponerem,
596 516 666 576 nihii
685 512 789 578 dicens.
807 516 856 578 Sic
873 517 942 592 1441,

152 626 180 675 44
200 632 283 676 nemo
303 614 420 693 quidem
452 634 498 677 me
527 617 726 698 interrogavit.
749 619 845 680 'i'enor
873 639 943 683 vero

150 715 346 794 capitulorum
370 734 438 777 cum
455 717 514 776 44414
534 717 792 798 subscriptionibus
812 720 942 797 sequitur

152 814 188 876 de
211 814 300 876 rerbo
322 816 358 874 ad
382 816 515 889 verbum,
536 828 566 878 et
586 830 628 879 est
651 819 723 878 talis.

192 915 268 977 Cum
283 917 346 978 1111.
363 919 392 977 14
405 916 523 979 Christo
538 917 642 980 Patres
661 918 765 979 44111).
780 920 943 982 84444444-

150 1028 195 1078 tae
210 1016 356 1079 Romanae
381 1016 526 1079 Ecclesiae
551 1010 719 1079 cardinales
736 1020 865 1081 membra
887 1021 944 1083 sint

149 1134 333 1179 summorum
347 1118 531 1192 Pontificum,
542 1123 639 1200 eisqne
650 1124 784 1182 4441444444
795 1122 942 1196 44441444,

148 1228 178 1276 44
202 1235 324 1278 onerum
351 1219 496 1292 omnium,
518 1232 547 1282 et
573 1223 761 1284 consiliorum
788 1224 944 1303 participes

148 1317 215 1388 sint,
231 1335 357 1394 aequtun
373 1304 547 1380 censendam
562 1334 616 1395 esi,
637 1336 665 1384 44
686 1323 780 1385 officio
801 1325 892 1405 patris
915 1328 942 1386 in

149 1414 224 1477 iiiios
249 1410 487 1493 consentaneum,
509 1433 542 1482 ut
562 1425 707 1503 ampliori,
732 1443 820 1503 quam
843 1428 943 1501 ceteri,

148 1516 293 1595 gaudeant
302 1506 519 1602 praerogativa,
529 1533 557 1583 et
567 1542 625 1601 qno
637 1526 734 1605 piures
745 1527 943 1590 sustentandae

150 1616 296 1696 dignitatis
311 1637 396 1680 causa
413 1622 538 1683 habeant
552 1625 708 1698 ministros,
727 1637 756 1688 et
774 1627 830 1687 iliis
849 1628 944 1708 majus

145 1715 184 1774 ad
206 1716 446 1780 benemerendum
462 1722 636 1800 praebeatur
657 1727 879 1790 1444144411144
901 1743 944 1791 444

150 1815 227 1891 qnod
253 1834 305 1877 4444
325 1837 434 1890 omum,
456 1833 484 1881 44
498 1824 604 1902 singuli
620 1823 652 1884 S.
669 1825 706 1885 il.
721 1826 757 1887 E.
775 1827 943 1892 Cardinalcs

149 1914 349 1997 inlr-ascripti,
377 1939 432 1999 pro
459 1920 534 1982 bono
562 1935 590 1984 et
617 1926 692 1986 ieiici
718 1928 879 2007 regimine,
909 1913 962 1991 ac⁸

149 2014 245 2092 quiete
269 2028 366 2078 nostra
391 2017 537 2097 juramus,
554 2036 582 2085 et
605 2044 744 2087 voremus
764 2028 826 2089 Deo
846 2031 944 2090 omni·

149 2117 272 2194 potenti,
287 2128 316 2178 et
335 2118 448 2181 Sanctis
462 2121 606 2202 Apostoiis
627 2126 716 2187 Petro
736 2140 766 2189 et
785 2128 888 2205 Paulo,
909 2151 943 2192 uc

148 2217 281 2277 omnibns
298 2217 422 2294 Sanctis,
436 2222 641 2304 Ecclesiaeque
657 2248 726 2289 suae
744 2240 943 2311 4444444144-

149 2316 301 2392 mittimus,
317 2321 395 2398 quod
414 2324 438 2382 41
454 2325 560 2403 aliquis
575 2346 609 2387 44
628 2329 710 2390 nobis
728 2331 837 2393 eiectus
855 2335 944 2398 suerit

148 2415 177 2474 in
205 2415 326 2496 Papam,
349 2421 407 2494 ilie,
427 2426 523 2486 statim
542 2441 608 2489 unte
634 2431 856 2509 publicationem
881 2436 943 2498 cie·

147 2515 249 2575 ctionis
269 2518 304 2579 de
320 2538 349 2579 se
365 2521 535 2598 celebratae,
547 2525 666 2603 jurabit·
676 2542 705 2592 et
720 2532 836 2594 vovebit
858 2554 946 2614 pure,

148 2614 328 2694 simpliciter,
343 2636 378 2678 ac
391 2620 465 2681 bona
484 2623 540 2685 iide
557 2646 676 2692 servare
697 2633 804 2704 iacere,
824 2646 853 2696 et
875 2655 942 2698 44444

147 2714 250 2774 ellectu
276 2717 434 2798 adimplere
454 2725 549 2784 omnia
570 2739 599 2788 et
620 2730 732 2809 singula
751 2738 874 2814 capitula
897 2738 943 2798 in·

148 2813 317 2895 irascripta,
337 2836 389 2880 nec
419 2840 479 2882 non
506 2835 564 2887 tres
587 2828 737 2892 schedulas
759 2835 941 2917 infrascripta

147 2915 273 2992 capitula
294 2921 470 2983 continentes
485 2943 572 2987 manu
593 2935 712 3010 propria
728 2934 873 3013 signabit,
888 2943 942 3001 snb

147 3013 241 3073 lormo
259 3018 417 3081 verborum
432 3023 679 3104 subsequentium,
696 3034 837 3098 videlicet:

189 3113 255 3193 Ego
273 3115 307 3177 11.
323 3119 433 3180 4144444
448 3123 475 3182 14
494 3143 640 3194 summunt
659 3129 840 3211 Pontificem,
853 3158 941 3218 prae-

147 3215 232 3276 4414444
243 3218 338 3277 omnin
352 3223 504 3298 promitto,
518 3242 621 3302 voveo,
639 3240 668 3291 ct'
684 3229 756 3308 juro
775 3236 941 3313 observare,

147 3311 306 3395 adimplere
324 3318 353 3378 in
368 3321 512 3398 omnibus,
527 3339 555 3387 et
573 3348 626 3409 per
642 3332 749 3407 omnia,
764 3338 896 3410 realiter,
912 3354 941 3403 et

147 3433 216 3474 4444
229 3417 343 3492 affectu,
358 3420 395 3478 ad
408 3421 521 3484 literam
535 3427 594 3490 sine
608 3432 704 3509 aliqua
720 3436 896 3516 exceptione,
913 3452 941 3501 44

147 3516 396 3595 tergiversatione,
410 3534 439 3583 et
458 3525 691 3606 interpretatione
707 3537 865 3599 verborum
886 3540 940 3600 sub

69 3648 71 3651 ·
147 3635 237 3694 poena
266 3617 387 3698 perjurii
414 3636 444 3685 et
469 3627 675 3706 anathematis,
696 3651 712 3691 a
735 3653 793 3712 qun
816 3655 869 3698 nec
895 3658 940 3700 me

148 3716 242 3795 ipsum
254 3721 414 3798 absolvam,
424 3743 477 3787 nec
489 3728 695 3794 absolutionem
706 3735 792 3795 alicui
804 3731 940 3798 commit·

147 3828 222 3892 4444,
243 3822 284 3882 414
303 3841 348 3885 me
369 3823 447 3886 Deus
473 3826 652 3904 4411444444
674 3832 744 3896 14444
766 3848 864 3897 444444
886 3838 939 3899 Dei

146 3921 306 3998 4444341144
319 3941 353 3983 44
370 3926 437 3986 4414
450 3928 528 4005 quod
541 3929 777 4007 dic'toe'ceduiae,
791 3947 820 3996 et
835 3944 938 3998 earum

147 4018 290 4093 quaelibet
309 4023 367 4082 vim
386 4024 536 4089 decretalis
556 4042 585 4090 et
605 4033 815 4095 constitutionis
833 4044 939 4118 perpe·

146 4125 212 4178 tuae
230 4119 433 4185 inviolabiliter
449 4127 646 4192 observandae
665 4153 732 4193 44444
755 4133 872 4197 decreto
894 4139 939 4197 ir·

146 4215 244 4276 rituuti
269 4218 400 4282 habeant.
426 4223 507 4286 Etsi
530 4230 689 4310 quidquam
712 4255 763 4312 por
785 4256 831 4298 me
853 4258 936 4300 44444

144 4313 253 4375 lactum
268 4318 375 4395 luerit,
391 4333 420 4381 et
435 4325 464 4383 in
485 4326 582 4404 aliquo
597 4335 797 4395 contravenire
823 4338 867 4397 vei
889 4337 937 4396 di·

144 4420 271 4494 spensari
296 4432 462 4497 tentavero,
489 4426 517 4484 id
546 4430 654 4490 nullius
677 4434 714 4492 414
740 4435 871 4510 roboris,
891 4440 936 4498 vei

145 4519 291 4594 momenti,
306 4534 335 4582 ct
350 4522 534 4586 nihilominus
553 4530 612 4608 ipsa
635 4533 771 4611 capitula,
788 4548 818 4597 44
839 4539 937 4615 quod·

145 4613 214 4678 libet
228 4618 356 4699 ipsorum
371 4622 400 4682 iu
415 4643 469 4686 sno
484 4627 600 4703 robore,
615 4644 642 4692 et
660 4633 796 4698 1144414444
818 4658 936 4718 perma-

145 4729 241 4793 neant,
253 4722 389 4800 quodque
399 4725 514 4786 ceduias
525 4732 686 4808 praedictas
701 4723 808 4811 tenere,
822 4751 850 4800 et
862 4759 935 4808 4444-

143 4835 263 4883 scrvare
273 4824 390 4902 apudse
402 4828 520 4890 debeam
531 4843 589 4893 tres
604 4835 770 4897 Cardinaies
781 4813 935 4918 cujustibet

143 4918 252 4979 ordinis
268 4921 392 5001 priores,
404 4927 440 4986 ad
459 4931 623 5009 petitionem
634 4939 712 4997 sacri
725 4941 850 5018 collegii,
862 4942 933 5002 nniii

144 5035 327 5096 unquomeas
340 5027 512 5108 assignaturi
526 5034 586 5096 sine
596 5038 724 5098 omnium
736 5038 932 5103 cardinalium

145 5135 276 5196 expresso
294 5142 449 5204 consensu3
465 5151 516 5193 nec
542 5153 598 5196 non
617 5136 692 5198 inira
714 5149 773 5198 tres
788 5139 847 5200 dies
868 5157 931 5220 post

143 5223 356 5287 coronationem
387 5249 478 5293 aream
506 5235 580 5298 dabo
603 5249 661 5301 tres
686 5239 779 5299 bullas
802 5237 929 5317 ejusdem

143 5322 261 5397 tenoris,
279 5330 434 5393 4444444144
449 5354 499 5414 per
516 5339 626 5416 priores
643 5341 793 5420 cujuslibet
810 5342 928 5421 ordinis,

1679 276 1780 359 14444
1795 276 1805 359 1

1012 425 1044 474 444
1058 432 1156 494 supra.
1174 412 1271 474 Tenor
1287 432 1359 474 vero
1372 412 1570 491 capitulorum
1586 412 1804 490 praedictorum

1011 515 1156 593 sequitur,
1173 526 1202 577 44
1221 526 1262 575 cst
1281 515 1357 586 44114,
1372 513 1515 576 videlicet:

1054 613 1119 693 Ego
1134 612 1168 672 N.
1183 615 1292 675 electus
1310 612 1338 672 in
1357 612 1466 692 Papam
1485 632 1589 689 voveo,
1609 615 1760 695 promitto,
1774 627 1804 678 et

1009 713 1080 792 juro
1102 714 1288 794 omnipotenti
1307 713 1379 786 Deo,
1398 723 1427 774 et
1446 713 1560 775 Sanctis
1575 714 1719 794 Apostoiis
1738 710 1803 790 ejus

1011 815 1100 877 Petro
1117 825 1145 876 et
1160 813 1263 886 Paulo,
1279 825 1308 874 et
1323 814 1456 874 omnibus
1477 814 1538 875 41114
1553 813 1679 896 Sanctis,
1690 834 1725 876 ac
1741 815 1803 877 Ec·

1011 916 1113 975 4144144
1129 912 1244 976 sanctae
1259 915 1312 977 Dei
1326 916 1494 994 praelatae,
1515 916 1622 988 144444,
1639 915 1802 990 4444441444,

1009 1026 1038 1074 44
1059 1015 1226 1087 observare,
1246 1026 1275 1076 et
1301 1016 1636 1099 efficaciteradimpiere
1658 1016 1756 1077 4444414
1773 1028 1802 1079 44

1011 1116 1123 1194 singula
1144 1116 1345 1197 infrascripta3
1366 1117 1475 1177 44111444
1496 1115 1562 1200 (lle
1614 1102 1616 1104 V

1051 1216 1084 1275 in
1100 1217 1201 1297 primis
1217 1216 1252 1278 de
1267 1217 1453 1298 proventibus
1468 1217 1607 1283 Gamerae
1620 1216 1801 1296 Apostolicne

1011 1319 1080 1378 dare
1098 1329 1126 1377 et
1143 1318 1265 1389 scivere,
1280 1337 1330 1377 seu
1346 1318 1409 1378 dari
1431 1331 1460 1379 44
1480 1319 1553 1379 soiri
1568 1318 1666 1380 lacere
1684 1330 1801 1380 centnm

1012 1419 1135 1480 lioreuos
1145 1418 1211 1476 anri
1224 1416 1258 1477 de
1270 1416 1391 1479 Camers
1403 1420 1481 1479 omni
1492 1437 1587 1480 mense
1595 1418 1715 1478 cuilibet
1724 1419 1802 1480 Car·

1011 1518 1097 1578 dinali
1115 1535 1174 1579 oon
1190 1515 1304 1578 habenti
1322 1521 1433 1597 integra
1450 1517 1485 1580 de
1502 1519 1689 1598 proventibus
1704 1519 1802 1580 eccle·

1008 1619 1139 1691 siasticis,
1149 1629 1178 1680 et
1196 1619 1311 1696 capitali
1326 1617 1373 1701 (91
1385 1630 1510 1696 quatuor
1523 1618 1610 1679 miliia
1622 1617 1801 1680 iiorenorum

1009 1720 1176 1792 annuatim,
1202 1736 1354 1797 quousque
1379 1722 1404 1779 41
1435 1719 1583 1799 provisum
1609 1721 1647 1780 414
1667 1719 1703 1780 de
1723 1720 1801 1782 411444

1009 1837 1122 1879 summa
1137 1820 1172 1877 14
1194 1804 1361 1879 redditibus.
1383 1817 1422 1880 Et
1442 1817 1607 1880 Cardinaies
1627 1836 1727 1880 omnes
1746 1819 1802 1879 ha·

1010 1919 1106 1979 bentcs
1127 1936 1327 1997 quaecumque
1344 1918 1480 2001 1444411414
1501 1920 1692 1980 ecclesiastica
1715 1923 1802 1981 441444

1011 2019 1234 2098 incompatibilia
1260 2019 1287 2077 144
1318 2018 1451 2091 titulum,
1472 2022 1525 2081 ,vei
1551 2021 1578 2080 in
1600 2022 1800 2083 commendam

983 2160 986 2166 ·
1011 2117 1201 2179 manutenebo
1221 2128 1249 2179 et
1269 2117 1416 2178 delendam
1430 2119 1466 2179 in
1487 2124 1661 2198 possessione
1679 2120 1728 2205 (3)
1748 2142 1801 2184 eo-

1011 2219 1155 2280 rumdem.
1681 2246 1684 2251 ,

1052 2320 1143 2391 14444,
1168 2307 1289 2379 44441141
1309 2320 1345 2378 ab
1367 2319 1466 2381 iisdem
1486 2320 1688 2381 Cordinaiibus
1709 2321 1799 2382 libera

1011 2421 1178 2499 perveniant
1189 2421 1317 2492 consilia,
1329 2437 1385 2479 non
1396 2422 1549 2500 apponam,
1564 2431 1617 2481 nec
1632 2441 1683 2500 per
1695 2439 1800 2499 414444-

1010 2521 1087 2599 piam
1107 2520 1210 2599 apponi
1230 2523 1394 2600 permittam
1415 2539 1532 2581 manum
1552 2523 1580 2581 in
1600 2506 1732 2602 persona,
1754 2525 1800 2584 rei

1010 2618 1090 2681 bools
1100 2620 1224 2699 aiicujus
1238 2620 1393 2691 exclames
1403 2613 1549 2698 aliquidin
1562 2640 1665 2683 eorum
1676 2633 1755 2682 statu
1770 2634 1799 2684 44

1009 2720 1173 2798 provisione
1188 2718 1309 2778 mutabo
1320 2737 1503 2798 quacumque
1519 2723 1641 2795 ratione,
1651 2740 1739 2781 causa
1753 2724 1798 2785 vei

1008 2819 1185 2880 authoritate
1197 2817 1295 2902 111441
1307 2820 1466 2893 occasione,
1472 2806 1670 2901 sineexpresso
1679 2823 1799 2885 consilio
1848 2812 1850 2815 ⁵

1008 2931 1038 2979 et
1052 2937 1190 2980 consensu
1206 2919 1331 2980 duarum
1348 2922 1473 2998 partium
1490 2920 1674 2983 dominorum
1693 2921 1800 2983 Cardi-

1009 3022 1131 3093 nalium,
1146 3038 1197 3082 uec
1216 3022 1314 3097 aliquo
1332 3021 1597 3101 modoprocedam,
1613 3033 1664 3082 ant
1682 3023 1799 3102 procedi

1009 3122 1162 3196 mandabo,
1178 3123 1222 3183 vei
1239 3121 1403 3200 permittam
1426 3133 1525 3183 contra
1543 3124 1667 3202 aliquem
1688 3143 1723 3185 44
1743 3115 1799 3197 414,

1008 3226 1062 3284 4141
1080 3222 1276 3284 44414444ῐί144
1296 3233 1325 3283 44
1345 3224 1585 3284 consentientium
1602 3221 1697 3284 tribus
1722 3225 1800 3285 Gar·

1008 3322 1162 3394 dinaiibus‚
1181 3343 1240 3387 uno
1267 3325 1398 3385 videlicet
1419 3344 1453 3384 44
1472 3325 1600 3402 quolibet
1618 3325 1720 3385 ordine
1746 3343 1801 3385 eo-

1008 3445 1087 3499 rum,
1106 3446 1158 3507 per
1173 3428 1247 3508 ipsos
1261 3426 1439 3499 cardinales,
1456 3444 1505 3486 seu
1527 3425 1666 3504 majorem
1685 3434 1799 3504 perlem

1007 3548 1122 3600 eorum,
1141 3528 1221 3588 adid
1239 3526 1404 3608 deputandis
1410 3532 1424 3600 ;'
1437 3545 1488 3588 nec
1508 3526 1649 3587 dtumobo
1661 3525 1797 3611 aliquem

1006 3647 1042 3688 ex
1055 3629 1094 3690 eis
1116 3630 1167 3688 nisi
1190 3629 1356 3688 convictum
1381 3646 1505 3690 numero
1531 3628 1644 3688 testium
1665 3644 1799 3705 expresso

1006 3727 1036 3785 14
1057 3728 1260 3800 constitutione
1274 3727 1407 3787 Silvestri
1429 3726 1525 3806 Papae
1538 3728 1615 3787 14444
1633 3727 1663 3786 14
1678 3726 1798 3807 synodo,

1006 3847 1081 3906 quae
1099 3828 1209 3909 incipite
1225 3829 1361 3900 Praestri
1379 3846 1442 3888 non
1462 3826 1797 3899 414444444444·,·44444144δ

1006 3948 1062 4008 que
1086 3950 1135 3991 eos
1158 3931 1276 4002 liberos,
1301 3940 1331 3989 et
1348 3940 1494 4008 exemptos
1513 3928 1549 3987 ab
1569 3929 1648 3988 omni
1669 3926 1797 3987 dutio'et

1005 4032 1117 4110 gabello
1136 4043 1223 4111 prout
1245 4043 1373 4110 ternpore
1394 4029 1441 4090 iel.
1461 4047 1520 4090 rec.
1539 4029 1725 4089 dominorum
1745 4026 1797 4086 Ni·

1005 4133 1085 4201 colai
1105 4129 1216 4204 Quinti,
1235 4142 1264 4190 et
1280 4129 1353 4191 Sixti
1372 4128 1475 4199 Quarti
1496 4129 1696 4189 Romanorum
1718 4127 1797 4189 Pon·

1005 4232 1115 4311 tibrum
1136 4234 1389 4313 praedecessorum
1412 4242 1580 4292 nostrorum
1601 4231 1711 4289 14444444
1732 4228 1797 4301 1414,

1004 4351 1056 4394 nec
1081 4333 1109 4393 in
1137 4333 1284 4408 ecclesiis,
1309 4331 1504 4403 monasteriis,
1525 4341 1554 4391 et
1574 4329 1638 4399 41114
1655 4326 1796 4390 1444114114

1001 4435 1199 4495 ecclesiasticis
1214 4453 1264 4514 per
1280 4451 1328 4495 eos
1344 4450 1398 4513 pro
1412 4443 1542 4510 ternpore
1555 4430 1688 4501 obtentis,
1703 4429 1795 4488 4114444

1003 4532 1131 4594 decimae
1149 4533 1288 4604 subsidii,
1310 4541 1374 4592 ant·
1392 4531 1512 4592 41444144
1537 4534 1634 4592 oneris
1651 4529 1698 4613 (5)
1718 4547 1795 4607 qno·

1043 4732 1078 4789 (t)
1088 4729 1160 4788 Quae
1173 4733 1318 4790 sequantur
1330 4742 1363 4780 44
1381 4730 1524 4782 Barchardi
1536 4731 1620 4783 diario
1634 4729 1685 4781 MS.
1706 4732 1731 4782 in
1743 4729 1795 4779 Ta·

1003 4808 1088 4859 bular.
1105 4807 1185 4856 vatic.
1197 4812 1293 4867 exten..
1305 4809 1371 4870 sign.
1391 4824 1417 4858 4.
1433 4814 1472 4869 ³7,
1489 4824 1515 4873 p·
1526 4812 1565 4869 75,
1578 4810 1659 4861 441444
1680 4809 1795 4874 1144441-

1002 4888 1051 4937 dus
1070 4888 1094 4936 14
1107 4887 1305 4939 conlimitanei.
1321 4884 1390 4937 Ecci.
1403 4887 1481 4937 card.
1492 4889 1593 4939 baronii
1605 4890 1638 4938 ad
1651 4903 1709 4939 aon.
1724 4893 1792 4940 4181.

1043 4968 1078 5024 141
1094 4964 1124 5015 114
1140 4965 1245 5026 capitoli
1261 4965 1428 5016 desideratur
1446 4969 1470 5016 14
1488 4966 1550 5016 Cod.
1567 4980 1580 5016 4
1597 4966 1722 5030 ltayuaid.
1739 4970 1785 5017 cit.

1041 5047 1159 5111 (1141414
1176 5048 1200 5095 14
1218 5046 1372 5098 4441144414.
1389 5050 1486 5111 legitur
1501 5051 1667 5110 perceptione.
1684 5080 1686 5083 ·

1042 5131 1078 5189 411
1095 5125 1136 5176 Vei
1151 5126 1305 5177 autitoritoia
1322 5128 1415 5188 iegitur
1432 5129 1457 5177 iu
1474 5128 1610 5190 beyond,
1627 5128 1675 5179 sed
1691 5128 1794 5180 deside·

1000 5215 1074 5260 ratur
1091 5210 1116 5259 io
1135 5208 1220 5257 tribus
1234 5206 1331 5254 uostris
1344 5207 1496 5264 codicibus,
1508 5210 1543 5264 44,
1559 5220 1616 5258 mco
1633 5207 1739 5268 judicio,
1759 5207 1793 5258 ad

1000 5291 1064 5339 ditio
1082 5292 1131 5347 est,
1149 5288 1183 5338 ob
1201 5288 1297 5349 stylum
1314 5288 1386 5337 iloni.
1403 5287 1508 5360 Curiae,
1526 5302 1577 5339 uon
1595 5289 1672 5338 bona.

1042 5372 1076 5434 (5)
1093 5369 1157 5421 41414
1176 5367 1340 5429 1411414414.
1359 5367 1464 5417 allerias
1482 5370 1601 5419 nominis.
