3780 6030
53 238 165 326 (ram)

57 391 186 451 cumque
207 373 323 435 nomine
338 373 495 454 nuncupati
515 391 687 453 gravamen,
709 389 854 450 quaeum-

58 491 117 550 que
132 473 255 546 ratione,
276 473 321 535 vel
344 490 430 534 causa
454 474 610 554 imponam,
631 475 677 534 sel
691 472 728 533 ab
749 473 854 536 eisdem

57 571 261 634 cardinalibus
276 592 333 654 pro
343 573 482 647 ecclesiis,
500 584 530 634 et
544 554 733 647 monasteriis,
751 574 855 651 quibus

57 692 108 737 eos
132 672 250 754 praefici
275 672 338 756 (l),
356 685 385 735 et
400 664 542 735 beneficiis
563 675 739 753 quibuslibet
758 677 854 738 eccle·

57 773 192 846 siasticis,
208 775 243 836 de
261 775 367 853 quibus
381 776 421 835 eis
436 795 491 857 pro
508 788 638 856 tempore
659 775 808 858 provideri
825 779 853 836 in

58 869 179 934 titulum
203 876 247 937 vel
267 875 466 936 commendam
488 878 712 957 continget,sub
731 889 854 938 annatn·

58 993 128 1036 rum
152 974 210 1057 (i),
229 994 281 1035 seu
307 974 468 1036 mediorum
491 975 643 1037 fructuum
663 977 854 1052 minutorum,

57 1079 261 1150 servitimmm,
276 1092 327 1137 seu
341 1078 398 1137 alio
412 1095 598 1156 quocumque
618 1080 742 1152 nomine,
755 1079 794 1138 nil
808 1074 853 1159 (a)

58 1179 172 1259 penitus
191 1179 314 1257 erigam,
328 1191 380 1240 aut
393 1178 429 1238 ab
445 1181 486 1242 eis
501 1179 587 1240 etiam
605 1190 706 1259 sponte
726 1179 853 1239 offeren-

58 1280 146 1353 tibus,
161 1293 190 1341 et
203 1281 382 1343 solventibus
397 1282 499 1362 recipi,
517 1299 568 1342 seu
582 1280 657 1359 exigi
674 1280 790 1350 faciam,
809 1279 853 1339 vel

56 1383 225 1460 permittam
243 1399 362 1460 quoquo
384 1381 469 1442 modo
488 1380 608 1454 directe,
631 1381 675 1441 vel
697 1379 852 1451 indirectam

56 1481 271 1560 privilegioque
297 1500 402 1543 eorum
426 1483 537 1553 omnia,
554 1492 584 1540 et
607 1481 720 1561 singula
739 1480 854 1551 illaesa,

56 1581 286 1660 qaabaeumqas
310 1583 388 1655 sint,
406 1581 607 1654 conservabo,
631 1592 661 1642 et
688 1582 712 1641 si
739 1580 853 1657 aliquae

56 1681 245 1761 obligationes
259 1683 287 1741 in
302 1681 423 1744 Camera
435 1682 615 1762 ‚Apostolicm
633 1682 744 1742 ratione
763 1698 853 1758 prue-

56 1783 205 1843 dictarum
221 1793 405 1855 sanatorum,
420 1784 619 1862 reperiantur,
639 1800 687 1844 eas
708 1782 742 1842 in
759 1792 852 1842 totum

56 1883 168 1944 aboleri
188 1882 307 1954 faciam,
327 1893 356 1942 et
377 1883 496 1943 cassari.
542 1893 547 1911 ⁶

97 1985 182 2055 bem,
194 2001 261 2043 cmn
272 1982 440 2045 cardinales
451 1983 576 2045 Sanctae
587 1983 734 2045 Romanae
746 1982 853 2044 Eccle-

56 2085 114 2145 siae
125 2083 241 2156 assidue
255 2084 387 2144 assistant
400 2069 516 2144 summo
534 2083 678 2158 Pontifici,
692 2096 721 2145 et
732 2082 853 2164 proinde

56 2183 180 2245 debeam
197 2183 368 2264 specialibus
390 2184 612 2264 praerogativis,
637 2196 666 2245 et
692 2184 853 2263 privilegiis

55 2284 197 2362 gaudere,
210 2303 245 2345 es
258 2301 342 2346 nunc,
351 2285 479 2345 concedo
493 2286 560 2364 ipsis
572 2284 773 2347 cardinalibus
788 2284 852 2363 ple·

56 2385 169 2444 nariam
200 2396 229 2445 et
260 2385 382 2445 liberam
412 2385 624 2464 dispositionem
657 2386 789 2445 omnium
824 2394 853 2445 et

54 2484 244 2563 singulorum
264 2487 519 2556 monasteriorum,
535 2487 732 2564 prioratuum,
754 2485 853 2562 digni-

56 2594 162 2660 tatum,
177 2597 395 2664 personatuum,
406 2586 687 2648 administrationum
699 2596 728 2647 et
740 2586 853 2647 allicio·

56 2704 136 2760 rum,
150 2688 385 2760 canonicatuum,
400 2699 430 2749 ct
443 2687 687 2766 praebendarum,
707 2689 851 2749 aliorum·

56 2804 113 2863 que
129 2786 337 2850 beneficiorum
355 2791 618 2857 ecclesiasticorum
634 2810 702 2852 cum
724 2807 809 2862 cura,
822 2799 852 2849 et

55 2891 116 2951 aiae
131 2907 216 2964 cura,
227 2890 263 2950 ad
278 2892 472 2966 collationem,
491 2893 852 2972 provisionempraesen-

55 2992 206 3066 macarem,
230 2995 411 3065 electionem,
437 2994 697 3065 confirmationem,
718 2993 852 3053 institu-

54 3095 255 3167 tionem-scu
274 3099 417 3177 quamuis
433 3099 534 3160 oliam
551 3082 769 3168 similem-cel
782 3097 851 3158 dis·

55 3197 191 3258 similem
219 3200 460 3280 dispositionem
484 3198 530 3284 (l)
549 3201 717 3262 earumdem
739 3201 851 3261 ratione

55 3304 246 3365 ecclesiarum
265 3313 296 3374 at,
309 3303 463 3363 titulorum
484 3304 677 3366 cardinalium
692 3321 807 3377 eorum,
822 3314 852 3364 et

54 3406 142 3465 etiam
162 3406 364 3479 ecclesiarum,
379 3410 634 3481 monasteriorum,
651 3408 851 3490 prioratuum,

55 3506 241 3587 dignitatum,
260 3511 466 3589 personatuum
481 3556 489 3584 ,
504 3510 802 3583 administrationum,
822 3523 851 3572 et

53 3610 231 3685 officiorum,
250 3613 435 3692 aliorumque
453 3612 662 3676 beneficiorum
676 3605 852 3678 ecclesiasti-

55 3705 179 3785 corum,
192 3712 298 3790 quibus
319 3727 468 3793 praestant,
482 3727 510 3776 et
532 3734 606 3795 quac
626 3717 766 3790 obtinent,
783 3736 852 3778 eos-

55 3828 112 3887 que
128 3830 272 3892 praeesse,
287 3826 316 3876 et
330 3801 386 3895 pro
406 3827 536 3895 tempore
554 3816 684 3880 obtinere
703 3819 851 3897 continget

55 3910 214 3975 intitulum
226 3915 271 3976 vel
287 3917 485 3977 commendam
500 3914 546 3999 (li)
556 3936 606 3980 scu
617 3920 687 3980 alias
704 3937 849 3997 quocum-

56 4029 113 4088 que
131 4014 266 4095 joreval
287 4018 615 4097 tituloquomodolibet
642 4023 849 4101 spectantium,

56 4114 192 4194 quodque
207 4118 400 4197 expectatione
416 4121 544 4199 gratiae,
558 4125 695 4203 speciales
714 4143 850 4185 reserva-

57 4215 157 4289 tionas,
177 4216 312 4278 mandata
326 4219 361 4281 de
374 4221 511 4294 uniendo,
526 4234 556 4284 et
574 4227 693 4303 quaevis
711 4218 784 4287 aliae
802 4225 850 4284 di-

57 4317 234 4394 apositiones‚
254 4328 283 4378 et
302 4320 421 4397 regulae
441 4320 648 4394 Cuniculariae,
667 4320 849 4403 dignitatum

58 4415 215 4494 majorum,
225 4427 255 4478 et
269 4418 483 4501 principalium,
498 4424 680 4501 aliorumque
694 4422 849 4490 beneficio-

58 4527 176 4591 rum,et
189 4518 378 4581 familiarium
399 4521 608 4597 cardinalium,
627 4536 678 4586 aut
699 4524 850 4586 Rornano-

59 4635 124 4678 rum
133 4617 322 4694 Pontificum,
333 4638 383 4681 seu
399 4623 585 4695 eorumdem,
596 4635 648 4684 aot
664 4623 757 4686 dictae
768 4625 850 4686 Sedis

59 4718 246 4792 officialium,
272 4736 323 4782 seu
346 4721 416 4781 alias
434 4703 625 4800 quovismodo
642 4724 850 4786 reservationes

98 4934 135 4993 (t)
150 4931 234 4983 Duob.
251 4934 329 4984 codd,
340 4933 441 4997 prefect.

99 5012 135 5072 (2)
152 5011 179 5060 ln
196 5013 326 5076 ltsyaald.
341 5017 524 5065 orrisaeolorasn.v

100 5091 135 5151 (3)
150 5091 212 5149 Nil,
227 5094 254 5142 iu
269 5091 328 5142 cod.
344 5092 398 5143 Vat.
414 5093 589 5143 desideratur.

98 5169 132 5229 (i)
148 5169 245 5221 Nescio
257 5183 290 5219 an
307 5170 407 5221 codicis
424 5171 542 5221 Vaticani
558 5171 673 5232 defectu,
693 5176 734 5223 rel
753 5175 849 5238 tipogr.

63 5247 151 5310 neglig.
167 5247 354 5300 desiderentur
365 5249 391 5299 iu
409 5249 630 5313 associaretur
648 5254 743 5301 notata.

92 5327 125 5386 (5)
140 5325 292 5389 llaynaldus
311 5326 344 5376 de
361 5325 411 5378 troc
427 5338 518 5390 parag.
535 5328 597 5377 nihil
616 5328 687 5378 aliud
704 5330 795 5381 refert.

531 230 735 302 chchVE
756 238 859 301 rust
882 239 1031 322 sixttlttt
1054 241 1255 312 uniuntur.
1675 248 1715 308 tu

891 430 893 432 ,
924 377 1082 454 generales,
1091 377 1152 438 sive
1162 377 1296 456 speciales
1307 376 1492 452 continentes,
1506 379 1566 441 sive
1576 379 1717 444 inducen-

924 485 966 535 tes
979 477 1204 547 constitutiones,
1217 474 1303 538 etiam
1319 478 1553 558 praecedentiam
1572 479 1717 542 innovan-

924 583 975 648 tes,
994 587 1045 636 aut
1060 577 1133 636 alios
1148 577 1364 655 quomodolibet
1378 581 1495 642 allectus
1510 580 1659 655 facientes,
1681 581 1718 642 ad

923 674 999 753 dictu
1024 679 1214 752 monasteria,
1240 679 1401 758 prioratus,
1420 683 1648 762 praeposituras,
1669 682 1717 743 di·

921 777 1056 855 gnitates,
1071 789 1251 857 personatus,
1266 777 1537 856 administrationes,
1558 793 1588 843 et
1607 784 1716 856 officia,

923 878 1128 948 canonicatus,
1154 889 1184 938 et
1209 879 1406 957 praebendas,
1437 882 1550 961 aliaque
1579 883 1716 944 beneficia

923 981 1088 1040 nullatenus
1103 999 1133 1040 se
1146 979 1348 1054 extendantur,
1367 980 1415 1043 sed
1430 982 1546 1064 deipsis
1565 1004 1620 1065 pro
1638 995 1717 1046 tem·

922 1097 992 1159 pore
1007 1078 1221 1157 quomodolibet
1233 1090 1314 1144 extra
1326 1078 1485 1142 Romanum
1501 1083 1621 1145 cnriam
1630 1083 1716 1144 etiam

922 1179 1096 1244 cessantibus
1115 1179 1290 1241 commendis
1316 1182 1447 1255 illorum,
1466 1200 1540 1260 qnae
1566 1201 1717 1245 comulen-

922 1279 1005 1341 datae
1024 1280 1130 1351 forent,
1147 1280 1336 1353 vacantibus,
1354 1281 1523 1344 cardinales
1542 1283 1595 1363 ipsi
1617 1284 1716 1362 dlspo·

922 1392 1002 1453 nant,
1016 1379 1134 1461 perinde
1148 1397 1182 1439 ec
1197 1380 1220 1438 si
1235 1382 1346 1457 gratiae
1360 1383 1554 1461 expectatime
1568 1382 1716 1462 speciales,

922 1491 950 1541 et
967 1481 1041 1541 aliae
1062 1482 1283 1554 reservationes,
1302 1484 1475 1556 affectiones,
1490 1485 1619 1555 uniones,
1639 1501 1715 1553 con·

921 1580 1093 1653 stitutiones,
1112 1588 1142 1642 et
1163 1582 1296 1643 mandatu
1320 1581 1487 1662 hujusmodi
1510 1600 1715 1663 nou-appara·
1784 1611 1786 1614 ⁴

922 1691 997 1742 rent.
1017 1678 1092 1741 cum
1118 1701 1189 1744 sero
1209 1684 1256 1744 illa
1276 1684 1396 1745 indicta
1414 1685 1620 1746 ouriaracare
1640 1701 1714 1744 con·

922 1783 1026 1860 tinget,
1046 1782 1099 1842 nisi
1121 1782 1156 1844 de
1177 1800 1313 1863 expresso
1339 1778 1479 1847 consensu
1500 1785 1587 1864 ipsius
1607 1783 1715 1846 Cardi-

922 1882 994 1941 nalis
1015 1881 1166 1955 ordinarii,
1180 1899 1230 1943 seu
1241 1885 1481 1946 commendatarii
1496 1872 1524 1945 in
1537 1883 1714 1966 expeditione

921 1982 1073 2042 literarum
1087 1981 1211 2062 desuper
1234 1983 1405 2060 adhibendo,
1418 1988 1479 2048 sine
1493 2001 1552 2066 quo
1566 1986 1715 2067 provisio-

921 2102 970 2147 nes
988 2085 1067 2165 ipsae
1091 2084 1199 2143 nullius
1220 2085 1277 2144 sint
1299 2088 1412 2165 penitus
1433 2087 1623 2160 collusisse!
1646 2105 1714 2147 mo-

921 2186 1021 2260 nenti,
1032 2187 1167 2247 ecclesias
1182 2202 1310 2263 quoque,
1331 2188 1514 2261 monasteria,
1528 2187 1714 2268 praepositu-

920 2305 979 2360 ras,
1004 2285 1163 2367 prioratus,
1190 2283 1353 2362 dignitates,
1380 2299 1566 2366 personatus,
1586 2287 1712 2348 admini-

920 2387 1084 2459 strationes,
1099 2389 1146 2447 vel
1161 2385 1267 2459 officia,
1281 2387 1477 2461 canonicatus,
1487 2398 1516 2450 et
1526 2386 1713 2466 praebendas,

920 2488 1070 2566 reliquave
1082 2485 1218 2549 beneficia
1232 2487 1425 2550 ecclesiastica
1438 2489 1611 2560 saecularia,
1621 2470 1651 2550 et
1660 2507 1715 2550 or-

920 2587 1019 2648 dinum
1034 2605 1289 2666 quorumcumque
1315 2589 1463 2668 regularia
1483 2607 1552 2651 curn
1575 2607 1662 2672 curu,
1684 2598 1715 2648 et

919 2687 979 2748 sine
996 2705 1081 2761 cura,
1100 2690 1334 2767 qualiacumque,
1346 2710 1398 2771 per
1415 2691 1538 2763 obitum,
1551 2689 1715 2770 promotio·

920 2803 997 2863 nem,
1012 2809 1063 2851 seu
1078 2792 1211 2868 quamvis
1226 2792 1312 2852 oliam
1327 2790 1532 2863 dimissionem,
1548 2790 1594 2850 vel
1615 2789 1714 2867 dispo·

919 2891 1050 2953 sitiosiem
1075 2891 1282 2963 familiarium,
1305 2893 1511 2953 continuorum
1533 2904 1715 2951 commensa-

920 2990 991 3052 lium
1002 2990 1201 3053 Cardinaliam
1215 2991 1395 3063 eorumdem,
1410 3010 1465 3072 pro
1485 3004 1615 3071 tempore
1626 2990 1713 3049 etiam

918 3094 996 3172 apud
1019 3094 1123 3160 Sedeas
1145 3094 1303 3173 praefatam
1315 3095 1457 3166 vocantia,
1476 3092 1562 3153 etium
1583 3091 1606 3151 si
1626 3090 1713 3150 fami-

919 3198 1006 3259 liares
1031 3198 1084 3277 ipsi
1110 3196 1299 3270 decedentes,
1325 3197 1373 3259 illa
1408 3199 1436 3256 in
1467 3198 1606 3270 titulum,
1634 3196 1713 3257 velut

920 3300 999 3360 unita
1014 3299 1078 3361 aliis
1092 3296 1237 3361 beneficiis
1249 3299 1450 3360 ecclesiasticis
1464 3317 1517 3378 par
1531 3315 1580 3359 eoa
1591 3296 1714 3358 obtentis

918 3401 954 3460 ad
977 3420 1080 3463 eorum
1107 3403 1198 3461 vitam
1219 3401 1418 3473 obtinuissent,
1434 3413 1463 3463 et
1484 3401 1535 3462 illa
1553 3401 1714 3463 obtinentes

918 3503 1101 3582 Apostolicee
1114 3502 1197 3564 Sedis
1215 3504 1332 3576 notarii,
1347 3503 1516 3584 cappellani,
1527 3503 1715 3574 cubicularii,

918 3604 1027 3674 nuncii,
1052 3605 1205 3665 literarum
1223 3607 1450 3684 apostolicarum
1471 3604 1711 3671 abbreviatores,

918 3705 1095 3785 Scriptores,
1109 3724 1160 3767 seu
1174 3706 1245 3767 alias
1259 3703 1388 3782 ejusdem
1401 3705 1482 3766 Sedis
1500 3704 1647 3774 officiales,
1662 3715 1712 3762 aut

917 3806 1022 3885 quavis
1045 3807 1106 3866 alia
1124 3807 1262 3884 qualitate
1287 3803 1444 3887 (aliquam
1467 3807 1554 3866 aliam
1575 3821 1713 3866 reserva·

918 3907 1024 3968 tionem
1040 3909 1216 3986 generalem,
1231 3925 1282 3968 seu
1294 3909 1457 3988 specialem,
1472 3907 1519 3968 vel
1533 3905 1711 3967 affectionem

916 4006 1087 4089 inducente)
1099 3988 1256 4085 qualificati
1270 4018 1298 4068 et
1314 4006 1381 4080 mei,
1391 4017 1442 4067 aut
1458 4005 1713 4085 praedecessorum

918 4125 1050 4169 meorum
1067 4108 1268 4167 Romanorum
1284 4107 1458 4169 Pontificum
1470 4106 1625 4167 familiares
1639 4121 1713 4165 con·

917 4207 1002 4278 tinui,
1014 4209 1220 4268 commensales
1233 4218 1316 4267 antea
1329 4206 1460 4280 fuissent,
1471 4218 1500 4269 et
1515 4205 1544 4268 iu
1564 4217 1712 4285 posterum

916 4316 1015 4376 erunt,
1025 4305 1061 4366 de
1071 4322 1209 4366 comensu
1221 4305 1385 4367 cardinalis
1392 4325 1506 4380 corum,
1515 4306 1543 4366 in
1558 4306 1712 4366 literarum

917 4405 1040 4485 desuper
1054 4404 1242 4484 expeditione,
1256 4416 1285 4466 et
1301 4425 1357 4468 non
1375 4408 1462 4467 aliter
1476 4407 1637 4476 conferam,
1662 4414 1714 4464 ant

916 4503 1067 4584 disponam
1093 4506 1128 4565 de
1154 4504 1271 4577 eisdem,
1288 4507 1326 4566 ita
1341 4549 1349 4578 ,
1367 4517 1400 4567 ut
1418 4507 1441 4567 si
1465 4523 1548 4568 secus
1566 4522 1664 4584 egero,
1684 4502 1711 4561 id

918 4597 1011 4666 totum
1025 4606 1132 4665 nullius
1148 4605 1185 4664 sit
1204 4604 1330 4678 roboris,
1345 4606 1390 4667 rel
1407 4607 1541 4666 momenti
1547 4627 1557 4677 ;
1573 4615 1601 4665 et
1619 4604 1642 4662 si
1658 4602 1712 4663 be·

917 4704 1052 4766 aeficium
1079 4703 1196 4782 aliquod
1221 4721 1325 4765 vacare
1348 4703 1620 4788 quomodocumque
1639 4717 1713 4762 con·

917 4806 1031 4886 tigerit,
1047 4806 1108 4866 eius
1137 4804 1253 4865 collatio
1271 4800 1340 4882 jure
1357 4805 1506 4866 ordinario
1527 4803 1564 4863 ad
1584 4801 1711 4879 aliquem

917 4926 951 4967 ex
964 4888 1084 4966 dominis
1099 4903 1300 4966 cardinalibus
1316 4906 1499 4984 spectaverit,
1514 4915 1543 4964 et
1561 4900 1711 4982 pertinue-

919 5009 979 5079 rit,
1006 5008 1096 5078 rolo,
1118 5005 1195 5084 quod
1215 5004 1292 5065 illius
1325 5003 1443 5064 collatio
1463 5015 1491 5066 et
1509 5001 1637 5084 provisio
1657 5020 1710 5080 per

857 5134 861 5136 ·
919 5109 1012 5188 ipsum
1022 5107 1169 5168 dominum
1182 5104 1366 5168 cardinalem
1380 5104 1551 5165 collatorem
1566 5101 1711 5163 liatetiam

920 5208 944 5268 si
956 5207 1026 5270 illud
1038 5206 1293 5287 obtinensalterius
1304 5202 1463 5265 cardinalis
1476 5202 1625 5266 familiaris
1640 5220 1713 5264 con·

922 5313 1018 5370 tinnus
1031 5305 1228 5370 commensalis
1239 5305 1338 5377 fuerit,
1353 5304 1387 5365 de
1402 5304 1505 5381 quibus
1520 5303 1567 5366 fiet
1582 5302 1712 5384 specialis
