3764 6036
208 263 269 326 lii)

205 406 279 466 enini
300 403 463 477 Auriensia3
484 401 615 464 similiter
630 412 659 466 et
679 400 715 462 ii.
737 401 772 465 D.
789 402 943 465 Aleriensis
958 420 992 462 ex

205 510 292 569 domo
312 525 365 566 sua
385 506 421 565 ad
442 502 574 566 eamdem
595 522 740 568 cameram
764 505 863 577 veuit,
883 505 912 564 in
933 520 991 581 qua

207 628 237 669 se
258 617 475 686 congregarunt
495 615 677 684 expectantes
698 606 811 678 boram,
840 623 896 684 qua
918 623 990 667 con·

204 711 352 771 sistorium
366 717 459 770 essent
479 708 654 786 ingressuri,
674 706 723 766 ubi
745 726 813 768 cum
833 708 921 767 simul
942 726 989 768 cs-

205 810 468 890 sentcougregati,
480 809 606 870 dimissis
626 810 743 872 birretis
762 811 823 870 suis
841 809 989 888 quotidia-

205 918 259 990 nis,
293 922 465 993 acceperunt
496 911 624 989 primum
651 911 763 973 rosacia
788 910 988 973 cardinalibus

205 1016 411 1079 convenientia.
447 1014 564 1074 Interim
598 1023 739 1075 venerunt
771 1011 806 1072 ad
842 1011 986 1071 Palatium

204 1118 371 1181 Cardinales
387 1116 513 1194 antiqui,
531 1125 560 1176 et
582 1113 635 1176 SS.
658 1115 693 1176 D.
709 1113 744 1175 ii.
766 1123 884 1194 paratus
905 1132 986 1174 more

172 1224 173 1227 ’
204 1229 339 1280 consueto
362 1217 440 1279 venit
463 1217 499 1277 ad
520 1218 617 1277 locum
639 1217 819 1288 consistorii,
840 1214 893 1276 ubi
910 1214 986 1276 Car-

205 1320 310 1380 dinales
330 1338 429 1381 omnes
447 1319 580 1396 antiquos
602 1317 712 1400 accepit
727 1317 764 1377 ad
782 1318 985 1392 reverentiam,

202 1433 235 1482 ut
257 1422 346 1483 moris
364 1432 416 1483 est.
429 1419 518 1494 Tum,
532 1418 664 1480 omnibus
678 1418 910 1493 consedentibus,
922 1417 985 1481 Do·

200 1522 297 1582 minus
308 1521 477 1583 Dominieus
490 1519 637 1582 Romanus
655 1519 820 1581 advocatus
835 1519 985 1582 Consiste·

200 1623 283 1683 riaiis
304 1623 458 1703 proposuit
480 1620 635 1700 quamdam
654 1638 783 1694 causam,
802 1639 860 1700 qua
885 1630 914 1681 et
931 1620 985 1680 ad·

202 1724 299 1797 missa,
313 1722 368 1783 SS.
385 1721 419 1783 D.
434 1719 469 1782 N.
491 1721 559 1782 lecit
570 1739 658 1781 unum
670 1721 814 1782 modicam
828 1720 984 1781 orationem

199 1841 323 1884 narrans
338 1840 468 1898 caumm,
483 1821 521 1884 ob
540 1840 627 1900 quam
640 1821 805 1885 Cardinales
820 1822 944 1896 creavit,
957 1833 985 1884 et

198 1924 350 2005 publicans
371 1941 444 2002 quos
464 1924 624 2003 assumpsit:
646 1919 867 1986 admonitionem
890 1936 983 1986 tamea

198 2024 263 2088 lieri
287 2036 453 2087 consuetam
475 2026 556 2087 novis
576 2023 778 2087 cardinalibus
809 2026 906 2086 lacere
927 2042 984 2085 no·

198 2128 278 2200 luit,
299 2126 394 2189 dicens
414 2129 443 2187 in
471 2137 583 2188 secreto
608 2126 779 2189 consistorio
807 2127 886 2186 illam
920 2124 983 2187 lieri

197 2229 315 2302 debere,
334 2228 397 2289 ER.
418 2227 480 2290 DD.
502 2227 747 2290 vicecancellario
766 2239 796 2289 et
814 2226 983 2291 Camerario

197 2331 398 2404 asserentibus,
416 2329 453 2390 R.
471 2331 508 2390 D.
530 2329 630 2390 Sancti
651 2330 741 2390 biarci
759 2341 789 2391 et
803 2349 848 2390 me
862 2338 984 2390 contra·

198 2433 275 2491 rium
297 2429 493 2511 allegantibus.
515 2430 632 2492 Interim
654 2430 717 2490 ER.
740 2431 801 2491 DD.
815 2430 982 2491 deFuxoet

198 2533 300 2594 Sanan
315 2530 447 2610 Georgii,
465 2531 707 2604 Beneventanum,
720 2542 783 2612 post
798 2531 863 2591 illos
875 2531 909 2592 de
923 2530 982 2592 Sa·

200 2635 284 2695 bellis
314 2644 343 2694 et
372 2632 524 2707 Columna,
540 2633 728 2704 Aleriensem,
748 2642 777 2694 et
809 2631 933 2694 Ursinus
952 2644 981 2694 et

197 2732 346 2807 Ascamus,
364 2731 533 2793 auriensem
555 2733 584 2793 in
604 2733 709 2793 ultimo
725 2733 790 2793 loco
800 2734 980 2796 associarunt

197 2836 233 2895 ad
255 2835 466 2896 consistorium.
486 2832 561 2895 Cum
581 2845 673 2895 essem
693 2834 723 2893 in
745 2835 866 2895 introitu
884 2838 981 2896 consi·

195 2939 277 3000 storii
298 2937 375 3019 Papa
396 2936 490 2998 finivit
508 2954 669 2998 sermonem
690 2954 788 3011 suum,
803 2937 903 3016 sicque
921 2938 980 3000 sina

195 3057 278 3101 mora
293 3049 475 3102 accesserunt
495 3038 531 3097 ad
552 3035 720 3099 Pontificem
736 3056 804 3098 cum
818 3040 978 3101 reverentia

195 3152 348 3215 consueta,
370 3158 456 3220 quam
478 3138 612 3201 Pontifici
632 3151 697 3202 ante
718 3138 827 3220 gradus
848 3139 912 3200 solii
933 3139 978 3201 le·

198 3241 443 3303 ceruacnccessit
453 3242 566 3321 primus
580 3239 747 3304 Pontificem
762 3241 978 3303 Beneventanus

195 3361 263 3404 cum
284 3343 346 3402 suis
366 3341 602 3415 conductoribus,
623 3361 709 3421 quem
727 3341 807 3422 Papa
827 3341 864 3401 ad
888 3341 977 3421 pedis,

195 3460 317 3515 suanus,
333 3452 363 3503 et
383 3442 442 3504 oris
462 3442 594 3503 osculum
615 3445 747 3524 aceepit:
774 3442 878 3504 illisio
905 3445 978 3505 solio

195 3541 417 3617 remanentibus,
432 3543 553 3604 accessit
573 3543 658 3604 etiam
674 3542 827 3604 lileriensis
839 3562 906 3605 cum
918 3546 977 3605 suis

194 3643 438 3717 conductoribus,
463 3643 515 3722 qui
534 3642 634 3705 eodem
655 3643 740 3706 modo
759 3656 891 3725 receptus
918 3657 977 3720 ast,

194 3744 328 3805 similiter
346 3755 376 3807 et
396 3744 556 3819 Auriensis
578 3745 682 3823 quibus
702 3746 836 3807 omnibus
854 3747 977 3826 receptis

194 3861 212 3901 a
240 3842 377 3906 Pontilice
407 3855 589 3906 accesserunt
619 3847 780 3908 successive
812 3847 849 3906 ad
878 3865 976 3909 omnes

194 3944 370 4019 cardinales,
381 3946 477 4026 primo
497 3946 532 4007 ad
552 3946 841 4031 vicecancellarium,
857 3956 921 4006 tum
939 3945 976 4006 ad

195 4047 265 4107 alios
278 4056 307 4107 et
327 4046 364 4106 ab
384 4048 518 4108 omnibus
529 4045 566 4106 ad
584 4047 643 4109 oris
661 4051 795 4109 osculum
809 4057 877 4107 sunt
892 4064 976 4109 rece·

194 4145 247 4225 pti.
259 4146 334 4207 Tum
350 4146 386 4206 ad
395 4165 448 4208 sua
461 4150 524 4209 loca
535 4157 599 4227 post
611 4146 648 4207 lt.
658 4148 695 4208 D.
706 4147 886 4210 Cardinalem
898 4147 975 4208 Par·

195 4263 320 4308 mensem
342 4249 491 4316 collocati:
511 4248 616 4327 quibus
632 4248 856 4324 consedentibus,
871 4247 975 4310 Domi·

194 4363 250 4406 nus
268 4345 376 4408 Paulus
397 4347 503 4410 Plance
522 4349 685 4412 Advocatus
712 4351 860 4431 proposuit
886 4352 974 4412 aliam

194 4447 451 4525 commissionem,
480 4467 538 4527 qua
578 4469 633 4531 pro
664 4450 802 4514 Pontidce
830 4453 975 4527 admissa,

196 4558 328 4610 cantores
340 4550 525 4631 incoeperunt
536 4563 564 4613 et
574 4554 721 4633 prosecuti
735 4564 802 4615 sunt
816 4553 972 4637 hymnum,

196 4808 309 4871 dienza,
333 4815 360 4861 et
384 4812 420 4862 lui
441 4825 556 4864 vennae
577 4815 652 4866 mend
676 4828 737 4867 seco
753 4818 779 4867 la
794 4819 888 4870 Giralia
911 4823 937 4869 et
956 4822 974 4871 il

194 4889 280 4942 Leone
296 4889 455 4951 domestico,
472 4905 487 4942 e
503 4894 535 4957 gli
552 4894 621 4945 dono
637 4896 687 4946 alla
703 4896 819 4960 signaris
834 4910 882 4962 per
898 4904 974 4963 parte

197 4969 240 5021 del
263 4971 392 5032 soldano,
408 4971 441 5021 ed
461 4972 529 5024 obba
553 4974 630 5038 lungo
646 4977 778 5040 colloquio
794 4980 834 5028 col
851 4980 975 5031 Goniata-

195 5052 268 5101 niere
284 5063 334 5113 per
348 5065 440 5102 mezzo
455 5053 480 5102 d’
491 5067 526 5104 un
542 5057 686 5119 interprete
713 5059 846 5120 Siciliane,
866 5065 892 5111 et
911 5074 975 5124 pre·

195 5131 270 5181 sentb
292 5132 299 5180 i
323 5132 430 5195 capitoli
450 5134 476 5182 et
497 5135 625 5198 privilegii
642 5137 691 5186 cbe
715 5138 806 5188 ieoeva
825 5139 842 5190 il
863 5139 973 5191 Soidena

195 5209 244 5258 aila
260 5211 354 5261 naaion
370 5211 515 5273 florentina,
526 5227 555 5266 se
571 5213 590 5263 i’
601 5217 723 5267 aversino
740 5219 830 5269 voluto
847 5221 973 5272 tradicare

194 5288 301 5338 ne’suoi
308 5291 393 5418 paesi.
405 5314 414 5335 ·
425 5292 484 5346 Post
500 5294 606 5358 aliquod
622 5302 724 5362 tempas
740 5296 850 5364 legatus
867 5301 971 5355 Romam

196 5378 314 5427 processi
330 5404 335 5418 .

672 263 954 329 consulemus
974 263 1198 332 innocencii
1218 258 1370 338 OCTAVl.

1733 281 1830 369 (⁴⁴⁸⁹)

1057 405 1119 467 sive
1139 409 1304 472 canticum:
1327 412 1369 473 Te
1386 412 1484 476 Deusta
1506 417 1690 492 laudaram
1711 438 1769 499 quo
1790 426 1828 485 ia·

1057 515 1157 587 coepto
1172 509 1257 571 iidem
1272 523 1404 575 cantores
1425 516 1572 579 intrarunt
1590 521 1750 600 cappellam
1765 543 1827 603 par·

1058 624 1123 669 ram
1145 620 1299 686 cantantes,
1311 632 1383 692 quos
1403 618 1494 677 secuti
1515 630 1581 680 sunt
1601 640 1701 683 omnes
1731 621 1826 686 Cardi-

1055 709 1133 770 nales
1151 706 1285 791 (exeeptis
1304 712 1338 774 de
1359 716 1489 778 Fumat
1510 718 1607 783 Sancti
1634 720 1765 803 Georgii,
1786 731 1825 804 qai

1054 806 1172 871 iverunt
1185 810 1221 870 ad
1235 813 1422 875 assistendum
1434 816 1540 900 Papae)
1550 820 1611 881 bini
1621 834 1649 884 et
1661 822 1825 904 bini,prino

1053 906 1315 972 vicecancellarius
1328 922 1395 987 etc,
1405 914 1506 979 deinde
1516 919 1564 979 alii
1579 939 1632 982 suo
1644 922 1757 985 ordine.
1773 924 1825 988 itit.

1052 1005 1166 1069 Domini
1187 1011 1221 1074 de
1236 1012 1405 1090 Comitibus,
1426 1029 1454 1080 et
1472 1018 1647 1098 Parmensis,
1669 1024 1826 1107 Presbyteri

1052 1108 1228 1188 Cardinales,
1236 1115 1273 1176 ob
1284 1115 1427 1179 delectum
1433 1120 1778 1199 Diaconorum,medium
1790 1129 1826 1188 in·

1053 1221 1096 1272 ter
1117 1232 1147 1274 se
1168 1212 1332 1278 babuerunt
1347 1219 1532 1298 Aleriettsem,
1551 1236 1579 1286 et
1598 1227 1626 1286 in
1647 1228 1755 1289 ultimo
1774 1230 1826 1292 ioco

1051 1312 1210 1376 incedentes
1236 1313 1369 1379 Sabellus
1390 1331 1417 1380 et
1438 1319 1579 1383 Columna
1597 1325 1825 1401 biscoctum

1052 1426 1217 1491 ventanum3
1233 1417 1345 1497 antiqui
1358 1419 1524 1483 Cardinales
1543 1422 1675 1486 lecerunt
1688 1427 1824 1490 circulum

1050 1514 1177 1578 sedentes
1197 1536 1213 1578 a
1233 1520 1371 1581 cornibus
1390 1523 1491 1583 altaris
1507 1544 1608 1587 versus
1621 1539 1738 1606 portam
1751 1530 1825 1609 prin-

1050 1615 1170 1694 cipalem
1190 1617 1283 1680 dictae
1307 1621 1459 1700 cappellae.
1481 1621 1538 1684 Sex
1557 1623 1694 1706 Episcopi
1711 1647 1730 1687 a
1745 1647 1825 1692 coma

1050 1714 1205 1798 Epistolae,
1218 1717 1383 1800 Presbyteri
1404 1740 1421 1781 a
1443 1741 1535 1784 cornu
1550 1724 1717 1806 Evangelii,
1728 1740 1756 1790 et
1771 1744 1826 1810 post

1049 1837 1096 1879 eos
1107 1818 1158 1880 alii
1170 1819 1335 1901 Presbyteri
1345 1834 1372 1883 et
1388 1822 1507 1884 Diaconi
1528 1844 1545 1884 a
1567 1844 1661 1888 cornu
1676 1827 1827 1910 Epistolae,

1049 1919 1071 1978 si
1086 1918 1156 1981 bene
1173 1917 1334 1996 judico...
1346 1922 1396 1983 sed
1407 1924 1480 1985 iliud
1490 1926 1533 1987 eis
1543 1928 1661 2007 placuit.
1674 1927 1751 1991 Nori
1762 1930 1827 1993 ca-

1048 2018 1154 2082 dinales
1174 2040 1204 2082 se
1223 2032 1408 2101 prostrarunt
1429 2025 1458 2085 in
1477 2036 1586 2087 terram
1607 2040 1674 2092 ante
1694 2032 1826 2093 altarein

1048 2119 1133 2198 plano
1161 2123 1304 2203 cappellae
1333 2142 1421 2204 super
1450 2136 1544 2207 tapete
1571 2147 1703 2209 magno,
1732 2131 1827 2192 ibidem

1048 2234 1157 2301 parato.
1180 2224 1394 2287 beneventanus
1415 2226 1445 2287 in
1466 2228 1577 2303 medio,
1597 2248 1615 2289 a
1636 2229 1748 2293 dextris
1764 2233 1827 2294 Ale·

1048 2324 1163 2399 riensis,
1184 2336 1248 2386 eta
1275 2326 1400 2387 sinistris
1417 2325 1482 2404 ejus
1501 2329 1670 2404 Auriensis,
1691 2345 1829 2394 munies

1048 2439 1143 2501 usque
1163 2437 1226 2504 post
1245 2425 1349 2486 dictam
1365 2428 1533 2490 orationem.
1552 2430 1647 2493 Finito
1675 2432 1717 2494 Tc
1736 2434 1827 2496 Derras

1049 2525 1226 2598 laudamus,
1236 2527 1494 2590 licerancellarius
1515 2542 1590 2592 stans
1600 2544 1684 2594 extra
1699 2536 1789 2596 altare
1802 2537 1827 2596 in

1047 2644 1138 2688 cornu
1151 2625 1311 2708 Epistolae,
1323 2648 1406 2690 versa
1426 2631 1499 2694 lucie
1513 2632 1550 2692 ad
1564 2652 1657 2694 cornu
1670 2634 1828 2716 Evangelii,

1047 2728 1138 2808 capite
1161 2728 1351 2807 discooperto,
1371 2751 1406 2793 ex
1434 2733 1513 2793 libro
1531 2752 1619 2815 super
1637 2737 1726 2798 altari
1743 2740 1827 2819 posito

1046 2827 1128 2889 dixit:
1136 2828 1233 2890 Pater
1244 2840 1361 2902 noster,
1372 2842 1401 2892 et
1419 2833 1474 2893 alia
1486 2844 1573 2913 prout
1585 2834 1614 2894 in
1626 2837 1826 2900 caerimoniali:

1046 2930 1152 3007 quibus
1173 2929 1264 3005 dictis,
1275 2931 1440 2993 cardinales
1452 2933 1522 2993 novi
1540 2951 1744 3013 surrexerunt,
1756 2951 1784 3001 et
1796 2958 1825 3001 eo

1045 3030 1144 3092 ordine
1159 3048 1217 3108 quo
1239 3043 1388 3105 venerunt,
1404 3051 1501 3096 omnes
1521 3035 1672 3100 redierunt
1684 3038 1720 3098 ad
1736 3041 1824 3101 eura·

1043 3130 1166 3192 storiam
1180 3131 1216 3190 ad
1234 3129 1416 3207 Pontificem,
1427 3151 1525 3195 coram
1541 3155 1601 3215 quo
1613 3137 1748 3202 lecerunt
1765 3144 1821 3205 cir·

1045 3233 1158 3306 culum,
1178 3235 1245 3293 novi
1266 3253 1284 3295 a
1303 3235 1396 3296 latere
1417 3234 1565 3328 Pontificis·
1583 3239 1612 3299 in
1640 3242 1728 3321 plano
1756 3244 1822 3317 solii,

1044 3331 1117 3394 inira
1136 3331 1268 3413 Episcopi
1287 3353 1304 3393 a
1318 3333 1427 3396 dextris
1436 3345 1465 3396 et
1476 3336 1673 3418 Presbyteria
1689 3343 1820 3416 sinistris;

1043 3433 1160 3495 Diaconi
1180 3444 1244 3514 past
1257 3452 1365 3497 omnes:
1376 3436 1444 3496 novi
1454 3435 1622 3501 Cardineles
1632 3442 1720 3502 simul
1733 3461 1821 3504 oannes

1044 3545 1101 3596 tres
1113 3535 1331 3614 genuflexerunt
1339 3554 1437 3597 coram
1449 3537 1597 3600 Pontiilce.
1608 3539 1687 3601 Tum
1701 3542 1820 3605 Pontiles

1043 3636 1181 3717 recipiens
1204 3637 1365 3716 cappellum
1388 3635 1510 3698 rubeum
1532 3656 1641 3700 novum
1662 3658 1732 3702 cum
1758 3662 1818 3724 pen·

1043 3735 1132 3798 dentis
1150 3738 1315 3811 suis,manu
1329 3737 1411 3799 Petri
1423 3739 1459 3800 da
1473 3740 1563 3813 Valle,
1579 3740 1653 3801 illud
1665 3745 1754 3824 capiti
1770 3745 1817 3804 Bt·

1043 3839 1192 3900 neventani
1210 3837 1390 3918 discooperto
1418 3841 1564 3920 imponens
1593 3843 1687 3905 dixit:
1722 3846 1815 3926 accipe

1042 3951 1096 4001 etc.
1109 3937 1175 4009 Duo
1187 3937 1273 4012 dieto,
1285 3938 1414 4001 Pontifex
1428 3941 1553 4003 restituit
1565 3946 1731 4025 cappellum
1743 3964 1814 4027 prae·

1042 4040 1119 4101 dicto
1139 4038 1227 4101 Petro
1249 4040 1421 4116 tenendum,
1440 4052 1472 4102 ut
1493 4043 1575 4122 prius
1584 4067 1596 4120 3
1619 4045 1722 4110 deinde
1748 4043 1811 4108 aliud

1042 4142 1204 4222 cappellum
1225 4143 1336 4222 accepit
1356 4141 1391 4203 de
1412 4161 1501 4205 manu
1530 4147 1674 4221 alterius,
1699 4160 1731 4210 et
1757 4144 1813 4209 illul

1042 4243 1175 4323 imposuit
1186 4242 1273 4324 capiti
1288 4241 1453 4313 Aleriensis,
1475 4242 1570 4306 dicens
1582 4256 1620 4306 ut
1635 4251 1734 4326 prius3
1750 4248 1810 4308 iden

1041 4341 1108 4404 iecit
1123 4342 1158 4403 de
1179 4342 1266 4403 tertio
1284 4343 1413 4422 cappello
1431 4344 1587 4406 duriensi:
1609 4356 1672 4407 tum
1692 4367 1813 4410 surrexe·

1043 4453 1112 4503 runt
1140 4443 1208 4504 novi
1234 4441 1422 4517 cardinales,
1444 4456 1474 4506 et
1494 4445 1579 4507 simul
1601 4466 1670 4508 cum
1702 4447 1813 4527 mitiquis

1041 4545 1176 4606 Quart
1192 4543 1229 4603 ad
1247 4545 1310 4605 loca
1325 4562 1389 4619 sua,
1403 4547 1528 4626 exceptis
1546 4546 1580 4608 da
1590 4548 1684 4623 Faxo,
1697 4560 1727 4611 et
1740 4550 1814 4612 etiua

1042 4642 1143 4706 Sancti
1164 4641 1307 4725 Georgii,
1327 4647 1378 4724 qui
1399 4659 1565 4710 manserunt
1597 4667 1665 4710 cum
1688 4647 1814 4713 Pontidce

1041 4747 1071 4806 in
1092 4763 1145 4807 sua
1166 4727 1332 4820 assistentia,
1359 4758 1535 4834 expectantes
1557 4750 1711 4812 introitum
1733 4747 1814 4812 Tusci

1041 4847 1078 4907 ad
1099 4848 1310 4922 consistorium,
1330 4859 1359 4910 et
1379 4850 1458 4911 illius
1478 4852 1690 4931 receptionem
1710 4853 1814 4914 interim

1041 4948 1211 5011 Franciscus
1224 4949 1296 5012 Cibo
1311 4970 1346 5014 ex
1356 4954 1445 5014 latere
1459 4950 1603 5014 Pontilleis
1617 4955 1775 5030 recederes,
1787 4961 1814 5014 st

1040 5053 1121 5131 prius
1145 5049 1322 5126 mandatum,
1347 5068 1415 5112 cum
1433 5048 1608 5115 Oratoribus
1623 5055 1704 5116 laicis
1719 5054 1769 5116 ivit
1787 5050 1815 5112 ad
1856 5069 1857 5072 ¹

1041 5153 1241 5214 assoeimdum
1274 5152 1405 5215 Turcum
1429 5174 1464 5217 ex
1495 5154 1619 5217 cameris
1649 5154 1814 5219 habitationis

1040 5271 1119 5329 suae3
1130 5255 1181 5334 qui
1192 5255 1233 5315 sic
1244 5254 1400 5316 associatus
1412 5255 1539 5317 medium
1551 5257 1627 5320 inter
1639 5259 1812 5320 Franciscutu

1040 5365 1069 5416 et
1079 5354 1381 5431 Prior-emanantes,
1393 5357 1630 5437 praecedentibus
1637 5358 1812 5428 servientibus
