3780 6030
180 254 219 314 db
572 239 576 247 ²
653 254 937 335 enarraremus
958 252 1182 317 innuerunt
1205 252 1356 316 OCTdVl.

180 389 320 450 amictum
346 403 374 451 et
404 393 576 472 planetam,
608 392 742 455 Diacoui-
759 393 898 456 amictum
938 406 968 456 et

181 489 382 564 dalmaticam,
409 503 437 553 et
464 511 563 554 omnes
584 493 685 554 mitras
709 495 812 566 albas,
834 496 969 569 officiales

180 608 252 651 vero
282 610 380 655 ornnes
407 593 492 653 etiam
518 605 600 655 extra
631 598 808 676 cappellam,
836 599 971 661 videlicet

178 689 358 772 subdiaconi,
376 692 527 754 tunicellas
546 695 626 754 albas
644 715 734 776 supra
755 698 924 771 rocebetos;
935 717 970 759 ex

178 790 282 851 ultimo
302 803 397 853 tamen
413 793 448 853 D.
468 794 557 873 liuga
574 795 610 856 de
631 797 764 871 Denaiis,
779 799 829 876 qui
850 797 970 877 Episto-

180 890 238 951 lam
260 892 393 954 dicturus
414 905 487 969 erat,
507 896 620 975 accepit
641 897 791 970 amictum,
813 897 920 970 albam,
941 908 970 957 et

179 992 342 1070 cingulum,
362 993 518 1055 Auditorcs
536 994 638 1068 Rotae,
658 995 765 1057 Clerici
786 995 927 1059 Gamerae
941 1008 970 1058 et

181 1092 306 1171 accolpti
331 1095 531 1172 superpellicia
561 1113 650 1174 super
671 1094 822 1158 roebetos:
842 1109 971 1159 secreta·

180 1191 215 1251 rii
235 1211 305 1252 vero
317 1204 373 1266 „et
394 1193 528 1254 advocati
547 1195 685 1274 pluvialia
703 1198 769 1257 alba
798 1216 889 1277 supra
915 1216 970 1258 ve·

177 1302 235 1352 stes
254 1309 320 1351 suas
342 1311 508 1356 communes
523 1296 712 1375 accipiebant,
733 1307 888 1376 aperturas
900 1297 970 1377 plu·

180 1392 299 1452 vialimu
320 1411 410 1472 super
432 1395 561 1458 bumeris
581 1396 689 1458 dextris
711 1397 971 1470 babentesscubi·

123 1500 126 1505 “
177 1496 304 1568 colarii,
322 1495 452 1557 scutiferi
468 1495 581 1576 Papae
604 1508 634 1560 et
664 1498 714 1558 alii
744 1497 918 1559 incedebant
939 1499 968 1557 in

178 1594 280 1654 babitu
301 1614 355 1656 suo
376 1607 523 1658 consueto.
903 1668 904 1671 Ἴ

221 1691 363 1755 Omnibus
384 1697 493 1776 paratis
512 1697 693 1759 ministrante
712 1699 749 1759 R.
770 1699 807 1759 D.
828 1699 970 1760 Vicecan·

178 1794 309 1868 cellario,
327 1797 482 1858 naviculae
498 1796 576 1878 Papa
595 1800 730 1880 imposuit
752 1802 900 1861 incensum
915 1813 969 1878 pro

176 1895 369 1972 processione,
392 1908 424 1956 ut
442 1898 535 1958 moris
554 1910 607 1960 est.

221 1994 297 2055 Tum
320 1994 356 2055 ll.
384 1996 525 2058 Dominus
545 1998 706 2061 Cardinolis
738 2000 870 2062 &oensis
888 2001 969 2081 prior

179 2093 393 2170 Diaconorum,
416 2110 536 2178 accepta
559 2101 670 2175 ferula,
692 2103 764 2163 siva⁴
777 2102 882 2162 baculo
903 2102 969 2164 albo

179 2192 367 2274 longitudinis
378 2197 542 2275 palmorum
556 2212 697 2277 quatuor,
716 2205 761 2264 vel
781 2203 970 2275 circa,'ordi·

180 2295 261 2356 navit
290 2299 502 2375 processionem
532 2299 567 2362 de
594 2304 723 2382 cappella
756 2303 902 2382 praedicta
933 2304 970 2363 ad

179 2398 272 2460 altare
302 2399 413 2478 majus,
439 2418 498 2478 quo
518 2401 625 2461 ivimus
649 2421 700 2482 per
728 2421 830 2464 navem
855 2420 968 2464 sacram

179 2516 254 2575 quae
274 2499 414 2560 Vaticana
435 2500 544 2560 dieitur
564 2503 656 2563 dictae
675 2505 835 2583 cappellae,
849 2516 879 2565 et
900 2522 968 2566 cam

176 2598 406 2676 pervenissemus
426 2599 464 2659 ad
485 2619 588 2662 navem
607 2605 841 2677 uansversaiem,
863 2605 969 2667 ivimus

177 2696 214 2757 ad
228 2697 377 2758 dexteram
396 2717 489 2778 usqae
511 2718 614 2763 sersus
633 2715 749 2782 portam
769 2705 968 2783 principalem,

177 2815 236 2873 qua
264 2797 300 2856 ad
325 2799 450 2859 eborum
467 2802 569 2862 altaris
592 2804 711 2883 majoris
727 2804 819 2866 dictae
836 2804 968 2867 basilicae

175 2879 419 2976 ascenditur'boc
441 2902 551 2963 ordine.

125 3061 127 3066 ,
218 2996 443 3061 Praecesserunt
463 3001 549 3080 primi
571 3003 700 3064 scutiferi
724 3004 840 3085 Papae,
869 3005 968 3067 deinde

176 3096 349 3162 cubicularii
369 3112 451 3161 extra
466 3101 629 3163 Canteram.
645 3103 840 3178 —Oratores
859 3108 924 3167 laici
939 3119 968 3168 et

86 3183 89 3189 ’
175 3215 231 3259 aron
253 3202 383 3278 praelati.
406 3235 445 3249 -
460 3201 596 3266 Baroncs.
619 3240 658 3252 -
678 3205 839 3278 secretarii
859 3219 888 3268 et
908 3207 964 3267 ad·

176 3302 273 3361 vocati
296 3302 429 3377 mixtim,
456 3304 506 3383 qui
534 3323 597 3368 vrri.
628 3304 717 3383 bojas
742 3303 868 3380 mensis,
888 3309 967 3385 quod

175 3420 264 3480 supra
291 3402 388 3464 dicare
419 3408 599 3483 praetermisi
619 3426 654 3468 ex
671 3408 838 3481 oblivione,
867 3427 966 3469 coram

178 3498 210 3560 S.
224 3499 259 3561 D.
277 3499 310 3561 tt.
333 3520 420 3582 super
442 3507 642 3584 praecedentia
663 3509 872 3583 contendendo,
894 3528 968 3571 con-

176 3600 338 3665 cordarunt
357 3603 412 3664 boc
430 3604 529 3677 inodo,
551 3606 704 3669 videlicet:

217 3699 302 3771 Quot.
322 3703 528 3765 intervenerint
555 3709 725 3780 secretarii,
747 3720 790 3770 tot
814 3713 968 3791 capiantur

180 3802 313 3865 advocati
324 3803 481 3882 digniores,
493 3806 548 3866 boc
560 3819 603 3867 est
616 3808 712 3887 primo
729 3812 836 3890 recepti
854 3813 968 3872 utrius·

176 3923 233 3982 que
250 3905 349 3974 officii,
362 3906 449 3966 simul
471 3906 571 3970 deinde
587 3920 651 3988 post
665 3930 714 3970 eos
730 3912 854 3992 recepti,
869 3925 966 3992 postea

173 4006 224 4065 alii
248 4005 307 4066 bini
328 4017 358 4068 et
377 4005 436 4066 bini
455 4010 566 4068 mixtim
587 4011 810 4088 antiquioribus,
825 4013 969 4074 advocato

174 4116 202 4165 et
224 4108 384 4167 secretario
405 4108 547 4189 demptis,
572 4112 622 4188 qui
645 4096 781 4172 ultimum
802 4125 831 4173 et
851 4113 968 4192 dignio-

174 4223 238 4265 rem
258 4206 355 4265 locum
376 4206 498 4269 babeant
504 4230 515 4282 3
527 4220 555 4270 et
570 4210 598 4270 in
613 4211 747 4272 omnibus
762 4211 807 4271 bis
821 4214 893 4274 locis
908 4224 965 4273 tam

174 4306 289 4378 ultimo,
303 4324 390 4384 qaam
402 4310 649 4387 praecedentibus,
664 4315 762 4392 primo
779 4313 967 4393 recepti,sire

175 4408 324 4466 secretarii
346 4408 403 4468 sint
423 4408 484 4471 sive
504 4410 660 4484 advocati,
687 4414 849 4492 digniorem
868 4416 966 4475 locum

174 4507 307 4568 videlicet
326 4507 444 4570 dextrae
462 4524 564 4569 manus
583 4511 714 4572 babeant.
735 4513 877 4576 Advocati
897 4533 969 4576 rero

173 4610 223 4686 qui
245 4609 323 4669 ultra
347 4627 502 4670 numerum
524 4613 752 4674 secretariorum
768 4627 869 4689 erunt,
886 4616 967 4677 ibunt

171 4709 230 4771 bini
252 4721 282 4770 et
303 4710 362 4769 bini
392 4710 556 4773 immediate
576 4724 642 4774 ante
666 4715 730 4774 illos
755 4714 844 4787 duos,
865 4735 965 4778 secre-

173 4810 280 4870 tarium
290 4821 319 4870 et
333 4810 505 4871 advocatum
522 4811 677 4891 digniores,
692 4813 852 4893 digniorem
868 4815 966 4875 locum

172 4907 322 4971 habentes:
346 4910 401 4970 bac
424 4922 518 4972 tamen
540 4913 701 4974 conditione
714 4925 744 4973 et
758 4933 813 4994 pro
832 4914 886 4974 bac
903 4916 966 4976 vice

172 5008 322 5071 dumtaxat
335 5010 406 5072 baec
421 5011 554 5072 ordinata
573 5022 652 5081 sunt,
672 5023 705 5072 ut
725 5023 783 5071 tam
802 5015 965 5074 secretariis

173 5126 262 5187 quam
281 5109 430 5172 advocatis
449 5114 563 5173 nullom
582 5113 631 5192 jus
649 5112 808 5186 attribuat,
823 5123 852 5175 et
867 5117 964 5175 neutri

172 5228 275 5272 aarum
290 5208 481 5291 praejudicet,
493 5212 683 5277 deconsensu
697 5212 860 5286 Cornutide
873 5212 964 5273 Plan·

172 5308 237 5385 cbe,
258 5312 406 5375 Francisci
427 5314 463 5376 de
484 5314 584 5374 Padua
602 5327 631 5375 et
650 5317 776 5377 aliorum
796 5334 843 5377 sex
867 5315 962 5377 advo·

1602 275 1609 281 ·
1715 248 1828 335 (usn

1035 403 1171 453 catorum
1190 406 1291 453 coram
1314 390 1346 450 S.
1371 388 1498 451 Domino
1522 387 1557 450 Ν.
1584 391 1780 468 prementium
1800 402 1827 451 ct

1034 488 1246 572 acceptantium
1262 493 1376 552 nomine
1386 489 1520 569 Collegii,
1541 490 1576 551 de
1590 489 1685 552 Sacro
1696 490 1828 569 Collegio

1035 594 1072 654 lt.
1091 575 1285 655 Dominorum
1299 591 1399 652 Sancti
1416 589 1521 663 Marci,
1539 589 1643 652 Sancti
1660 590 1778 669 togati,
1795 589 1829 651 de

1034 671 1199 773 dragonis,
1231 704 1261 753 et
1290 692 1321 752 S.
1350 691 1471 771 Georgii
1499 690 1698 753 cardinalium
1724 689 1827 753 ibidem

1033 797 1235 874 praesentium.
1259 813 1262 817 ¹

1077 897 1219 976 dceolyti.
1230 895 1387 956 -Clerici
1399 895 1546 955 Gamerae.
1560 890 1775 953 -dnduores
1789 923 1827 937 ·-

1034 997 1193 1076 dccolptus
1211 1010 1278 1055 curo
1302 995 1452 1055 tiruribnlo
1473 1005 1501 1055 et
1524 992 1675 1053 ruricula
1699 1024 1739 1038 ·-
1762 990 1827 1052 Duo

1034 1097 1160 1176 accolpti
1173 1097 1354 1158 ceroferarii.
1370 1131 1409 1144 -
1433 1093 1634 1154 Subdiaconus
1648 1109 1716 1153 cum
1732 1090 1827 1155 Oruce

1034 1207 1064 1256 et
1083 1214 1183 1258 omnes
1204 1197 1333 1275 collegae
1351 1196 1396 1255 sui
1414 1195 1495 1256 cirea
1515 1196 1592 1255 eum.
1608 1191 1737 1267 -Duo
1755 1191 1827 1251 sab-

1035 1295 1147 1358 diaconl
1168 1297 1313 1378 Epistoias
1334 1296 1440 1359 lecturi
1458 1311 1527 1354 cum
1545 1293 1627 1354 libris
1648 1291 1828 1370 Evangelio·

1036 1416 1103 1458 rum
1118 1408 1184 1458 aute
1195 1407 1304 1476 pectus.
1318 1429 1358 1442 -
1369 1395 1515 1455 Diaconos
1529 1391 1724 1470 Eraogeiium
1738 1407 1828 1469 greci

1035 1515 1102 1558 cum
1118 1498 1261 1559 dicturus.
1277 1530 1317 1543 -
1333 1496 1456 1557 abbates
1471 1494 1608 1556 forenses.
1624 1524 1667 1537 ·-
1679 1490 1827 1570 Episcopi.

1033 1633 1076 1643 —
1096 1599 1323 1679 drcbiepiscopi.
1345 1632 1385 1644 -
1407 1597 1544 1676 Episcopi
1561 1607 1590 1657 et
1617 1591 1827 1671 archiepiscopi

1034 1698 1187 1762 Oratores.
1206 1699 1383 1767 -ssdbbates
1396 1697 1493 1760 Urbis.
1513 1727 1553 1740 —-
1571 1691 1774 1754 Patriarclrae.
1791 1726 1828 1739 -

1033 1801 1153 1862 Diaconi
1168 1800 1344 1862 Cardinales
1360 1830 1400 1843 -
1415 1795 1585 1875 Presbyteri
1599 1790 1778 1854 Cardinales.
1793 1825 1827 1837 -

1033 1901 1169 1982 Episcopi
1197 1900 1374 1961 cardinales.
1395 1933 1432 1943 --
1449 1896 1601 1968 ,Diaconos
1630 1891 1827 1970 Evangelium

1033 2005 1060 2063 in
1091 2004 1180 2064 latino
1206 2002 1350 2063 dicturus.
1381 2029 1422 2043 -
1447 1999 1514 2059 Duo
1540 1994 1648 2058 Clerici
1675 1993 1825 2053 caerimo-

1035 2106 1163 2165 niarum.
1234 2131 1236 2134 ·

1078 2205 1143 2284 Ego
1166 2218 1258 2264 unam
1276 2219 1395 2263 cannam
1412 2207 1471 2281 pro
1488 2211 1605 2278 stuppa,
1625 2206 1654 2256 ct
1675 2193 1721 2254 Jo.
1738 2190 1828 2254 illaria

1028 2305 1124 2364 ¹aliam
1139 2291 1207 2365 cum
1228 2303 1347 2364 candela
1369 2310 1526 2382 portantes.
1538 2329 1579 2344 ·-
1591 2296 1682 2376 Papa,
1692 2294 1747 2354 sub
1764 2293 1828 2353 bal·

1035 2404 1193 2477 daccbino,
1213 2402 1291 2481 quod
1318 2402 1474 2463 nobiliores
1507 2399 1573 2461 laici
1606 2390 1697 2460 Urbis
1717 2406 1826 2475 porta·
1862 2425 1864 2431 ·

1034 2503 1119 2577 bant,
1140 2505 1215 2564 inter
1237 2503 1311 2563 duos
1336 2501 1483 2562 Diaconos
1518 2500 1681 2559 assistentes
1700 2494 1826 2555 aurifri-

1034 2606 1149 2682 gerium
1168 2602 1303 2683 pluvialis
1315 2602 1381 2662 binc
1397 2613 1427 2663 et
1440 2601 1509 2661 inde
1520 2609 1678 2680 portantes,
1689 2595 1828 2657 continuo

1034 2707 1145 2785 populo
1156 2704 1387 2766 benedicens.·—
1398 2701 1532 2763 Decanus
1550 2698 1724 2760 Auditorum
1738 2693 1828 2754 Ratae

1036 2823 1105 2866 cnm
1127 2805 1239 2865 tobalea
1257 2803 1295 2862 od
1315 2803 1500 2880 collumpro
1526 2798 1625 2871 mitra,
1651 2794 1768 2856 medius
1784 2796 1828 2853 ins

950 2952 952 2956 .
1035 2915 1079 2965 ter
1100 2904 1173 2964 duos
1193 2910 1323 2965 secretas
1340 2899 1553 2969 cubicularios,
1575 2898 1711 2959 videlicet
1731 2894 1826 2955 donsi-

1033 3022 1104 3064 num
1133 3003 1328 3063 Laurentium
1363 3001 1397 3061 de
1426 3000 1519 3071 Mari,
1551 3010 1593 3059 et
1614 2997 1828 3079 Hieronymum

1033 3104 1248 3183 Calagrani.-·
1263 3101 1390 3163 Praelati
1408 3118 1465 3161 non
1480 3101 1573 3181 parati
1587 3100 1616 3158 in
1631 3115 1745 3158 eorum.
1755 3112 1826 3173 cap·

1033 3207 1075 3282 pis
1090 3205 1136 3265 vel
1152 3202 1263 3276 babitu,
1274 3203 1299 3262 si
1318 3205 1375 3261 sint
1392 3201 1529 3280 religiosi.
1549 3233 1588 3245 -
1603 3196 1826 3259 Protbonotnrii

1032 3309 1117 3366 etiam
1136 3307 1165 3365 in
1183 3324 1287 3367 cortun
1308 3306 1415 3384 cappis.
1445 3330 1448 3336 ¹

1073 3405 1298 3486 Quamprimum
1319 3404 1400 3485 Papa
1417 3405 1474 3464 luit
1494 3400 1769 3479 extra',eappellam
1791 3397 1824 3459 S.

1033 3506 1173 3586 Gregorii
1192 3506 1384 3586 praedictam,
1399 3502 1522 3584 imposui
1541 3518 1668 3591 parvum
1691 3500 1826 3579 manipu-

1033 3610 1093 3668 lam
1106 3619 1225 3687 stuppae
1238 3609 1266 3667 in
1283 3606 1450 3667 summitate
1461 3622 1569 3667 cannae
1584 3620 1674 3679 meae,
1686 3612 1716 3661 et
1730 3617 1825 3679 ganu-

1034 3707 1108 3780 liexi,
1119 3720 1241 3767 cannam
1252 3708 1341 3784 ipsam
1350 3704 1465 3766 dextera
1479 3721 1567 3779 manu
1578 3712 1705 3764 erectam
1716 3712 1827 3769 teneas,

1033 3824 1121 3887 quam
1150 3807 1248 3870 socius
1272 3824 1352 3866 meus
1381 3805 1532 3877 accendit,
1562 3822 1608 3863 me
1640 3804 1757 3863 interim
1787 3801 1822 3859 ad

1033 3907 1204 3970 Pontificem
1237 3925 1322 3967 verso
1344 3917 1372 3968 et
1392 3907 1450 3966 alta
1475 3924 1546 3966 voce
1567 3905 1698 3964 dicente:
1727 3904 1826 3963 Pater

1035 4010 1151 4070 Sancte
1166 4009 1214 4069 sic
1231 4008 1348 4069 transit
1362 4009 1470 4091 gloria
1482 4007 1607 4069 blandi:
1624 4007 1699 4067 idem
1711 4005 1828 4066 lactum

1032 4122 1086 4183 est,
1108 4122 1136 4170 et
1157 4109 1215 4168 dixi
1238 4110 1365 4171 seeundo
1387 4126 1458 4169 cum
1479 4123 1608 4170 marus
1624 4117 1692 4167 ante
1706 4103 1756 4188 (4)
1771 4150 1779 4164 .
1794 4149 1825 4163 ..

1041 4250 1044 4251 ⁷
1075 4212 1149 4273 Cum
1172 4211 1249 4291 Papa
1271 4211 1449 4290 pervenisset
1469 4221 1551 4269 extra
1569 4226 1673 4268 narem
1693 4207 1826 4266 Vaticani

1033 4312 1222 4390 praedictam,
1238 4322 1267 4372 et
1282 4323 1355 4373 esset
1375 4311 1455 4371 circa
1472 4309 1599 4370 medium
1623 4293 1747 4368 alterius
1774 4327 1828 4368 na·

1034 4416 1076 4473 vis
1084 4412 1130 4496 (9)
1144 4412 1343 4472 transversalis
1354 4409 1715 4484 Ecclesiae,occurrerunt
1726 4412 1754 4469 ei
1768 4420 1827 4469 tres

1029 4508 1160 4587 juniores
1174 4511 1348 4589 'Presbyteri
1368 4508 1550 4584 cardinales,
1564 4509 1698 4571 videlicet
1716 4508 1752 4570 de
1765 4509 1828 4570 Coe·

1032 4614 1162 4684 mitibus,
1174 4611 1371 4673 Gerundensis
1391 4621 1420 4672 et
1439 4610 1614 4685 Parmensis,
1636 4610 1686 4688 qui
1708 4609 1830 4670 detectis

1032 4714 1186 4793 capitibus,
1198 4712 1292 4792 Papae
1303 4712 1499 4777 reverentiam
1513 4712 1656 4782 lecerunt,
1663 4709 1830 4769 osculantes

1030 4832 1099 4873 eum
1115 4812 1211 4892 primo
1225 4813 1254 4872 in
1269 4829 1333 4883 ore,
1350 4810 1453 4873 deinde
1467 4812 1496 4871 in
1518 4820 1637 4891 pectore
1650 4808 1740 4887 juxta
1756 4827 1831 4868 cru·

1032 4931 1094 4974 cem
1122 4913 1218 4992 palili,
1246 4912 1398 4990 incipiente
1424 4909 1581 4972 Cardinele
1607 4909 1643 4970 de
1664 4907 1829 4969 Comitibus

1071 5176 1107 5231 ill
1119 5170 1266 5225 Notandum
1281 5170 1334 5230 bic,
1345 5156 1473 5219 delectum
1483 5167 1603 5218 codicum
1615 5169 1824 5220 Placentinorum

1032 5251 1165 5302 infirmare
1178 5253 1256 5301 etiam
1269 5250 1423 5298 vaticanum
1435 5261 1488 5309 quo
1500 5249 1650 5312 llavaaldus
1661 5263 1726 5300 usus
1744 5255 1794 5301 est.

1071 5336 1107 5389 (2)
1126 5330 1152 5381 ln
1166 5331 1249 5394 barn.
1267 5342 1314 5391 pro
1331 5327 1437 5376 oilerius
1453 5328 1526 5377 navis
1543 5334 1584 5379 est
1600 5328 1681 5379 nitore
1697 5330 1798 5393 atejus?
