3758 6030
35 268 151 352 (tros)

36 407 135 471 Clario
153 404 326 470 Caecmlbus
344 386 489 483 qumtdem
511 418 629 486 regom
651 405 743 477 luisti,
777 427 784 436 ’

81 509 177 570 blulto
198 505 307 569 clarior
328 524 359 566 ec
377 506 489 567 subdita
511 506 707 569 Praesulibus.

36 612 95 680 Oui
115 609 228 671 virtute
246 606 314 668 licet
334 607 487 668 nituerunt
508 620 637 688 tempore
659 608 766 687 prisco,

78 708 166 770 bland
182 709 394 775 vincuntaetas
412 726 499 786 quem
522 708 608 770 modo
627 718 725 768 nostra
743 704 832 766 ridct.

37 810 146 872 Sextus
164 807 328 894 distendar
346 808 492 889 Hispanus
513 809 625 889 origine
643 810 718 870 celsa

81 909 197 989 Regnat
214 919 244 970 et
264 908 359 969 udicio
379 908 512 989 iungitur
531 909 677 981 aetherem

34 1010 94 1080 Oui
105 1005 579 1089 prudensjustus,constans,pius
587 1021 675 1088 atque
687 1010 834 1071 modestus

83 1111 144 1172 Pro
159 1110 269 1172 meritis
283 1119 364 1170 tanto
378 1111 508 1185 culmine
522 1111 628 1190 dignus
643 1122 723 1185 erut;

37 1211 103 1291 lira
119 1210 311 1273 Christicolae
332 1210 459 1270 Domino
473 1213 631 1290 persolvite
651 1224 750 1293 grates

79 1311 210 1382 Quilibet
230 1323 260 1374 et
281 1322 413 1373 restrum
434 1323 529 1375 mente
548 1314 593 1393 pia
615 1327 746 1376 resonet:

38 1414 128 1476 Vivat
148 1413 308 1476 Alexander
331 1412 520 1474 celebrandus
541 1416 667 1494 imagine
688 1416 787 1496 Magni

79 1515 211 1596 Pastigio
230 1511 327 1591 major
350 1532 407 1575 oon
429 1513 573 1595 probitate
596 1512 699 1592 major.

288 1615 390 1677 Amen.

84 1817 283 1880 lntcriuerunt
305 1817 360 1879 boc
393 1837 477 1881 manc
511 1819 613 1882 blissae
647 1820 675 1880 in
698 1819 831 1898 cappella

41 1918 192 2000 praedicta
218 1928 346 2000 quatuor
369 1916 511 1981 Oratores
531 1921 622 1982 Ducis
653 1919 830 1993 Mediolani,

42 2020 177 2083 videlicet
210 2002 306 2081 eomes
338 2020 521 2095 Caiaceusis,
561 2040 658 2083 eomes
699 2021 832 2093 Slortin,

42 2122 78 2182 D.
100 2121 259 2199 Corigiae,
278 2132 308 2182 et
326 2121 413 2182 iason
436 2121 571 2194 licinus,
595 2123 646 2200 qni
670 2122 734 2183 loco
750 2119 831 2182 Ora·

41 2233 141 2284 torum
177 2224 321 2291 laicorum
357 2242 388 2284 se
428 2224 608 2285 locaverunt.
648 2224 831 2302 interrogari

40 2335 194 2403 propterea
216 2322 272 2384 SD.
300 2323 337 2382 D.
368 2323 403 2384 tt.
427 2342 464 2384 an
488 2324 642 2386 Sanctitati
663 2324 741 2386 Suae
768 2325 833 2404 pla·

42 2436 106 2485 ccat
120 2425 223 2502 primis
235 2424 350 2485 duobus
365 2426 409 2485 rei
425 2424 519 2484 tribus
537 2426 635 2486 locum
651 2426 680 2485 io
693 2424 833 2504 gradibus

44 2525 112 2587 solii
131 2525 191 2597 sui,
212 2526 284 2604 ipsis
305 2525 399 2605 magis
419 2526 646 2600 convenientem,
665 2527 759 2601 dare3
782 2526 832 2606 qui

43 2625 115 2685 milti
148 2625 296 2705 respondit
327 2626 382 2686 sibi
414 2644 470 2688 nou
487 2629 638 2706 placere,
671 2629 720 2691 sed
755 2629 834 2706 quod

39 2745 91 2788 eos
111 2727 142 2786 in
163 2725 240 2813 dicto
254 2726 378 2796 bancho,
393 2746 462 2788 curn
478 2728 542 2788 aliis
561 2726 737 2791 Oratoribus
754 2739 834 2790 stare

40 2827 250 2906 permitterem.
672 2840 673 2844 ’

83 2927 170 2989 Pcria
204 2927 330 2990 mcuuda
342 2971 352 3001 ,
385 2945 417 2989 x.
441 2929 602 2993 decembris
641 2934 670 2994 iu
693 2933 833 3005 diluenlo,

42 3029 171 3107 cqtritari
192 3047 293 3090 ematis
312 3029 460 3091 lilarinum
473 3051 528 3111 pro
540 3033 729 3094 instructione
741 3033 834 3093 danda

41 3129 87 3190 lli.
103 3129 187 3190 Dom.
207 3130 359 3191 Priderico
378 3130 413 3191 de
427 3132 575 3211 dragona,
597 3133 727 3213 Principi
748 3134 834 3194 altu·

43 3247 159 3302 murac,
177 3229 315 3292 Sereniss.
337 3231 512 3292 Perdinandi
534 3232 651 3294 Siciliae
672 3243 702 3293 et
719 3233 833 3293 Hieru-

44 3330 135 3389 salem
168 3328 258 3408 Regis
277 3329 523 3409 secundogenito‚
545 3331 669 3393 Romam
693 3341 834 3393 'venturo

41 3450 132 3512 super
154 3431 199 3491 his
218 3449 311 3509 quae,
333 3433 362 3491 in
384 3430 449 3509 ejus
464 3433 596 3512 ingressu
612 3434 702 3497 Urbis
723 3433 834 3513 agenda

44 3544 156 3606 crant,
178 3531 212 3592 dc
233 3550 293 3609 quo
313 3551 374 3612 per
387 3532 422 3593 D.
445 3532 587 3594 iacobum
607 3533 654 3616 (l)
672 3534 834 3596 Pontauum

507 264 791 331 conculcatus
813 258 1038 327 tumtunm
1059 259 1187 323 suxit.

1630 262 1694 322 bib
1713 304 1718 315 .

902 419 965 461 eam
994 399 1085 472 riam,
1112 418 1187 478 qnae
1215 417 1267 478 per
1286 409 1401 478 portem
1420 397 1555 461 Latinam
1586 401 1692 478 ducit,

904 521 956 580 per
978 519 1066 580 qnam
1088 500 1157 562 dieti
1172 498 1341 562 cardinales
1359 501 1556 576 divertentes,
1575 502 1692 567 dimisso

902 601 1054 683 Principe,
1077 602 1184 664 ibidem
1213 592 1305 663 ub'eo
1326 615 1508 665 recesserunt
1520 626 1531 679 3
1553 603 1691 685 Princeps

903 722 974 765 sero
995 721 1064 764 cum
1091 704 1151 763 suis
1174 721 1275 764 rersus
1303 714 1418 783 portum
1445 702 1692 780 beterrensem,

901 804 957 864 iter
969 823 1056 865 suum
1069 816 1242 885 prosecutus
1253 823 1346 884 traque
1357 807 1394 866 ad
1412 807 1564 869 eeclesiam
1574 807 1694 869 Latera·

901 923 1030 977 oensem,
1049 924 1083 967 ac
1095 902 1159 982 ejus
1169 902 1372 987 principalem,
1391 919 1421 970 et
1430 909 1604 971 anteriorem
1619 928 1692 990 por-

902 1018 971 1080 tam,
986 1018 1046 1067 tum
1061 1026 1116 1088 pro
1127 1008 1189 1067 luto
1201 1005 1349 1087 fugiendo,
1359 1020 1422 1069 turn
1435 1011 1521 1071 etiam
1541 1011 1611 1090 quia
1633 1010 1692 1072 dno

902 1106 1070 1169 Cardinales
1092 1108 1117 1167 ei
1139 1107 1351 1169 obriamituri
1370 1128 1461 1188 usquc
1477 1122 1558 1173 extra
1572 1120 1688 1191 portam

889 1208 1077 1287 praedictam
1092 1253 1101 1282 ‚
1119 1210 1247 1272 nondum
1273 1211 1484 1291 applicuerant.
1509 1213 1630 1274 Interim
1666 1223 1695 1275 et

903 1311 1036 1371 ornnium
1054 1322 1194 1372 venerunt
1207 1311 1323 1372 obriam
1337 1311 1536 1375 cardinalium
1553 1315 1693 1390 familiae,

902 1428 937 1471 ac
971 1410 1141 1492 Principum
1176 1408 1318 1474 Oratores
1348 1414 1376 1474 ln
1409 1414 1491 1478 Urbe
1519 1416 1690 1491 existentes3

902 1523 1044 1574 venerunt
1063 1514 1192 1574 etiamsi
1217 1512 1333 1574 obviam
1358 1517 1518 1578 successiva
1537 1517 1572 1576 D.
1596 1518 1693 1579 Julius

901 1612 1023 1675 Ursinus
1055 1613 1129 1675 Rer.
1165 1613 1283 1676 Domini
1322 1615 1481 1678 Cardiualis
1515 1617 1550 1679 de
1581 1617 1695 1681 Ursinis

903 1713 1077 1789 Germanus,
1095 1716 1132 1775 D.
1149 1714 1301 1778 Gerardus
1319 1715 1511 1790 Ususmaris,
1533 1717 1568 1777 D.
1586 1718 1690 1779 Domi·

901 1815 984 1877 nicus
1006 1816 1125 1887 Doris,
1157 1826 1187 1877 et
1207 1817 1258 1877 alii
1280 1815 1400 1896 quidam
1421 1817 1556 1890 nobiles,
1586 1817 1637 1897 qui
1659 1836 1693 1878 cx

900 1937 975 1996 equo
1002 1919 1202 1981 descendentes
1232 1920 1395 2000 Principem
1426 1920 1559 1982 venerari
1585 1920 1689 1980 volue-
1779 1944 1781 1948 ·

901 2032 982 2094 rnut3
1004 2019 1053 2080 sed
1069 2020 1207 2100 Princeps
1228 2039 1280 2081 eos
1290 2021 1421 2101 recipere
1442 2021 1612 2092 recusarit,
1634 2016 1688 2078 nisi

901 2121 1008 2181 iterum
1029 2139 1120 2199 equos
1143 2120 1370 2182 reaccenderent.
1398 2119 1569 2201 Expectarlt
1600 2119 1691 2179 Prin·

901 2240 968 2300 ceps
989 2241 1041 2301 per
1066 2221 1170 2282 boram
1205 2221 1249 2282 rel
1272 2221 1350 2281 circa
1371 2237 1459 2298 eques
1488 2231 1553 2280 ante
1575 2230 1690 2299 portam

900 2321 1039 2383 basilicae
1066 2321 1231 2401 praedictae
1259 2320 1460 2387 cardinalium
1488 2319 1616 2381 duorum
1640 2319 1692 2380 de·

901 2435 1072 2503 putatorum
1109 2422 1285 2494 adrentum,
1316 2422 1368 2500 qui
1395 2420 1508 2482 tandem
1535 2429 1601 2500 post
1637 2418 1693 2479 bo·

901 2543 964 2586 rum
991 2541 1048 2587 xxr
1074 2525 1119 2584 rel
1146 2523 1227 2584 circa
1248 2533 1412 2594 reuerunt,
1432 2519 1565 2582 videlicet
1591 2519 1685 2581 llerr.

899 2626 1017 2686 Domini
1049 2625 1153 2686 Montis
1174 2623 1291 2703 Regalis
1315 2623 1473 2702 Presbyter
1495 2632 1524 2683 et
1546 2620 1687 2682 Ascanius

901 2729 1047 2790 Diacouus
1065 2726 1243 2799 cardinales,
1261 2736 1289 2786 et
1316 2725 1480 2804 Principem
1502 2741 1584 2784 more
1605 2722 1691 2783 solito

901 2837 1086 2908 receperunt,
1107 2827 1202 2906 ipsum
1224 2825 1297 2886 inter
1320 2845 1349 2886 se
1382 2824 1510 2886 medium
1544 2822 1688 2884 ducentes.

901 2927 1058 3006 Postquam
1097 2937 1269 3005 perventum
1301 2937 1344 2986 est
1370 2925 1407 2984 ad
1436 2925 1560 3005 plateam
1591 2922 1691 2984 Sancti

901 3028 1039 3093 totenais
1071 3026 1293 3098 meranensis,
1327 3026 1377 3084 ubi
1398 3034 1491 3085 statua
1511 3024 1580 3102 equi
1613 3023 1689 3084 nerei

901 3147 969 3190 cum
995 3127 1113 3190 Sescme
1137 3127 1291 3200 cernitur,
1321 3135 1465 3186 venerunt
1489 3123 1611 3203 praelati
1631 3122 1692 3182 Pa-

902 3231 964 3292 latii
980 3247 1048 3291 cum
1066 3228 1175 3288 familia
1190 3225 1296 3307 Papae,
1316 3244 1391 3304 quae
1404 3237 1432 3287 et
1451 3226 1505 3306 ipsi
1523 3224 1691 3304 Principem

901 3350 983 3392 more
1013 3331 1100 3392 solito
1121 3340 1315 3409 receperunt,
1333 3328 1368 3387 D.
1389 3328 1613 3389 Dartbolomaeo
1629 3326 1692 3405 epi·

900 3451 988 3512 scopo
1023 3431 1231 3511 Segobriceuse
1266 3429 1410 3508 Magistro
1445 3429 1564 3494 Domus
1593 3426 1692 3506 palatii

900 3532 1078 3613 Apostolici,
1105 3532 1172 3592 iicet
1191 3531 1310 3608 quintus
1328 3532 1475 3610 praelatus
1494 3534 1580 3600 esset,
1602 3528 1691 3589 verba

901 3634 1032 3695 inciente-
1043 3632 1118 3693 Cum
1125 3631 1262 3712 Principe
1278 3641 1361 3692 eraut
1376 3640 1481 3710 septem
1498 3626 1693 3691 aliiOratores

901 3734 936 3794 ad
958 3733 1160 3814 praestandam
1191 3750 1258 3792 eum
1285 3751 1320 3794 co
1342 3729 1476 3793 Pontitiri
1503 3729 1691 3791 obedientiam

901 3837 978 3897 missi
992 3858 1002 3909 3
1026 3835 1156 3917 videlicet
1183 3833 1276 3896 Rerr.
1308 3836 1336 3893 in
1358 3833 1477 3894 Oitristo
1503 3831 1604 3891 Patres
1627 3830 1689 3890 Do·

46 3632 174 3714 Regium
196 3634 225 3693 iu
236 3631 317 3694 Urbe
333 3630 490 3695 Oratorem
512 3646 709 3707 asserentem,
730 3653 761 3694 se
781 3653 834 3694 su·
857 3715 858 3719 Ἰ

42 3753 96 3814 pcr
129 3732 185 3795 boc
213 3734 353 3813 speciales
392 3735 502 3796 litteras
530 3754 546 3794 a
577 3738 711 3815 praelato
745 3736 834 3796 Prin·

43 3836 109 3915 cipe
152 3835 315 3915 recepisse,
348 3834 411 3897 beri
444 3846 510 3896 sero
554 3837 635 3898 circa
677 3838 833 3899 mcuudnm

44 3936 149 3997 boram
172 3937 287 4009 noctis,
307 3947 426 4015 rogatus
447 3938 571 3998 lucram.
594 3936 712 4018 licperii
727 3937 833 3998 ibidem
902 3937 971 3997 mini
999 3936 1166 3998 Vincentius
1202 3934 1447 4013 trenieptscopns
1476 3930 1690 3992 Acherontinus

44 4035 209 4116 praelatum
242 4035 429 4115 Principem,
456 4036 505 4096 cui
537 4037 621 4115 plene
640 4038 729 4100 retuli
752 4038 834 4098 ordi·
868 4098 872 4110 ,
901 4049 930 4098 et
955 4038 1132 4110 Mater-anus,
1149 4035 1228 4096 Zeno
1246 4033 1278 4094 S.
1297 4034 1412 4103 idarci,
1437 4045 1466 4092 et
1493 4032 1690 4110 Hieronymus

45 4155 112 4198 nem
139 4147 167 4197 ct
189 4135 308 4197 modum
330 4133 487 4207 introitus,
521 4145 550 4195 et
572 4137 745 4215 receptionis
765 4155 835 4199 suue
867 4125 871 4188 l
902 4138 1121 4203 Polieastrensis
1151 4135 1301 4215 episcopi,
1320 4151 1355 4194 ac
1381 4133 1529 4192 illustriss.
1549 4131 1690 4192 Dominus

47 4256 83 4298 ac
113 4255 241 4309 eorum,
263 4254 336 4315 quac
368 4254 421 4316 per
441 4255 509 4297 euru
531 4235 610 4298 circa
632 4236 688 4298 hoc
723 4238 832 4316 agenda
902 4239 1157 4305 FranciscusDux
1172 4236 1335 4309 Gracinae,
1355 4245 1384 4294 et
1402 4231 1548 4312 blaguillei
1575 4232 1690 4300 Domini

46 4345 141 4397 erant.
902 4341 1026 4405 Carolus
1051 4340 1258 4411 Venestorum,
1277 4335 1384 4417 Lysias
1404 4335 1537 4409 Concae,
1563 4345 1592 4397 et
1613 4334 1689 4395 liar·

87 4436 174 4497 reris
197 4435 293 4509 tertia,
307 4453 343 4498 xr
359 4435 530 4509 decembris,
549 4437 630 4499 circa
646 4437 747 4498 boram
763 4455 833 4501 xvn
903 4442 1089 4502 tholomaeus
1119 4441 1241 4500 Palenae
1274 4438 1399 4500 Comites
1424 4437 1584 4516 generosi,
1619 4453 1692 4513 quos

45 4537 178 4618 praerato
211 4535 340 4616 Principi
374 4537 519 4612 venienti,
549 4549 692 4600 reueruut
718 4539 836 4600 obviam
902 4543 1003 4603 ordine
1030 4542 1126 4603 debito
1159 4542 1311 4602 collocari.
1342 4542 1374 4599 ln
1401 4539 1498 4619 primo
1531 4539 1596 4599 loco
1627 4547 1691 4616 post

45 4638 143 4699 ttevv.
163 4637 280 4699 Domim
301 4637 469 4700 cardinales
487 4639 709 4720 Neapolitanus,
730 4652 760 4702 et
779 4641 836 4702 Se·
903 4643 1068 4724 Principem
1081 4644 1117 4703 D.
1130 4643 1312 4704 vincentium
1325 4640 1582 4719 drobiepiseopum
1594 4638 1697 4699 ‚lebe-

47 4739 143 4800 nentis
158 4750 307 4818 tamquam
323 4739 516 4818 particulares
534 4740 614 4800 illins
629 4741 726 4815 amici,
746 4759 837 4819 usque
904 4748 1069 4818 mutinum,
1091 4745 1218 4804 medium
1238 4748 1312 4805 inter
1333 4741 1597 4821 brebiepiscopum
1614 4737 1692 4797 Tar·

49 4841 87 4900 ad
114 4839 275 4902 seeundum
304 4838 420 4900 miliare
447 4849 528 4901 extra
548 4840 659 4903 Urbem
685 4853 713 4901 et
735 4843 835 4913 ultra;
905 4861 1088 4908 raconcnsem
1113 4844 1348 4907 Gubernatorem
1376 4840 1503 4905 Urbisa
1529 4839 1637 4901 dextris
1665 4849 1694 4898 et

37 4941 100 5004 ,nbi
121 4940 285 5021 praelatum
307 4939 470 5019 Principem
502 4940 614 5002 bonore
646 4941 731 5002 solito
753 4961 839 5003 rece·
904 4947 1163 5028 Arcbiepiscopum
1181 4946 1377 5025 Saguntinum
1397 4960 1414 5001 a
1438 4941 1570 5000 sinistris.
1595 4940 1627 4998 lo
1646 4959 1694 5000 se·

46 5052 177 5124 parunt,
198 5041 251 5120 qui
283 5041 360 5102 veuit
382 5039 457 5101 inter
479 5058 527 5102 eos
548 5040 660 5101 medius
688 5059 779 5120 risque
800 5043 837 5103 ml
904 5049 999 5110 eundo
1026 5048 1223 5109 menonem
1251 5046 1416 5126 episcopum
1449 5040 1548 5102 Sancti
1578 5039 1693 5112 biarci,

906 5148 1033 5211 medium
1048 5150 1122 5210 iuter
1141 5147 1401 5226 Arebiepiscopnm
1416 5142 1602 5205 Cuseutiuum
1622 5138 1692 5200 Pri·

905 5264 1011 5312 matem
1029 5251 1131 5311 Palatii
1153 5247 1313 5321 adertris,
1333 5257 1362 5308 et
1377 5246 1542 5324 episcopum
1564 5240 1693 5303 bomba-

89 5258 837 5358 tthotuenPoniunoerutlobonuotioniouus,utalius
1429 5346 1436 5359 .
1533 5341 1569 5358 Η
1617 5344 1623 5358 ,
1735 5333 1746 5347 ,

40 5377 113 5425 ‘cist
906 5352 1044 5415 riceusem
1060 5350 1215 5413 Oratorem
1228 5349 1315 5428 Regis
1331 5348 1471 5408 Pranerae
1486 5363 1502 5403 a
1518 5353 1647 5405 srntstrts.
1662 5345 1693 5405 lu
