3758 6030
45 275 157 359 (taos)

50 411 210 476 cardinale
234 409 430 478 Attrabatensi
456 409 603 490 praedicto
624 408 784 466 orationem
801 406 846 467 la-

48 514 162 586 ciente3
183 511 317 572 similiter
339 521 374 571 ct¹
389 510 482 570 bonae
515 510 672 568 memoriae
698 505 843 566 cardina-

49 615 106 673 lem
126 610 361 688 andegavensem
394 608 430 667 ud
453 606 542 668 lelieis
564 606 772 668 reeordationis
791 605 842 664 ln·

49 712 215 783 nocentium
253 709 362 789 Papam
398 706 545 769 Octavum
583 726 638 786 pro
675 703 842 785 praestanda

49 813 212 874 obedientia
240 810 354 871 numine
374 807 518 870 Luuortct
538 808 625 887 Regis
646 805 843 877 Francorum,

54 931 115 972 una
144 931 211 972 carm
234 909 405 989 quibusdam
438 909 502 969 aliis
524 906 751 970 Corroraroribus
782 905 843 966 suis

52 1015 175 1072 missum
194 1009 290 1070 larissa.
324 1007 470 1089 Respondi
487 1006 682 1067 Dominationi
701 1004 777 1065 Suae
798 1024 842 1065 nte

51 1113 88 1175 de
109 1111 326 1173 constantiense
356 1118 385 1170 ct
415 1107 616 1168 Attrabatense
651 1106 723 1167 nihil
745 1106 842 1178 scire,

50 1212 103 1273 sed
118 1210 333 1288 rlrrdegarensis
351 1227 397 1268 mc
412 1225 570 1268 memorem
585 1228 661 1279 esse,
681 1206 758 1285 quod
776 1207 844 1267 licet

56 1331 111 1392 per
133 1310 243 1388 Regem
264 1308 445 1387 praedictum
466 1307 502 1367 ad
526 1305 693 1383 hujusmodi
714 1306 842 1367 cilicium

54 1411 223 1472 nominatus
256 1407 368 1481 luerit,
386 1424 438 1486 per
460 1406 569 1486 Papam
602 1419 696 1468 tamen
729 1417 758 1466 et
790 1424 841 1485 per

52 1510 222 1572 cardinales
243 1508 273 1568 in
295 1498 402 1588 populo
422 1519 559 1587 tanquam
570 1506 715 1587 Legatum
736 1505 842 1567 deba·

24 1604 25 1608 ’
54 1624 118 1674 tere
151 1629 202 1690 per
237 1608 361 1670 Sanctae
398 1608 555 1669 Memoriae
587 1607 701 1667 Sisturn
734 1605 842 1685 Papam

59 1724 201 1792 quartum
223 1710 258 1770 ad
280 1709 600 1787 Franciummissum,
622 1707 688 1768 inde
715 1705 843 1766 redeuu-

55 1826 115 1875 tem
150 1820 299 1891 receptum
320 1809 431 1882 luisse,
462 1808 490 1868 et
516 1807 616 1867 deinde
648 1806 776 1884 sequenti
798 1804 843 1865 die

56 1913 170 1975 comite
191 1909 325 1991 Delphini
346 1907 528 1969 conoratote
546 1891 598 1967 suo
611 1950 619 1978 ,
634 1924 691 1966 una
706 1923 773 1966 cum
793 1923 843 1965 ce·

55 2012 129 2074 teris
146 2030 196 2091 per
209 2019 324 2089 portam
335 2006 473 2069 Viridarii
488 2005 599 2067 Urbem
614 2006 735 2066 intranti
751 2004 844 2083 ipsum

55 2113 293 2190 «indagarensem
325 2107 378 2187 ipsi
395 2106 517 2168 comiti
550 2123 643 2185 usque
676 2103 713 2162 ad
745 2121 845 2164 muros

56 2223 141 2273 extra
163 2218 276 2289 portam
298 2205 476 2286 praedictam
507 2206 672 2284 equitasse,
693 2204 846 2284 ipsumque

59 2311 204 2374 Comitem
227 2307 392 2388 praelatum
405 2306 442 2364 ad
462 2306 609 2365 sinistram
628 2300 759 2381 ejusdem
770 2302 847 2365 car·

58 2412 167 2470 dinalis
180 2412 368 2487 equitantem,
384 2426 476 2485 usque
491 2407 528 2467 ad
548 2408 667 2468 domum
682 2405 847 2476 associasse,

57 2530 114 2591 pro
137 2529 195 2588 quo
217 2508 273 2567 88.
296 2507 331 2567 l).
355 2507 458 2567 Noster
475 2508 660 2567 Innocentius
681 2505 848 2584 praedictus

59 2613 157 2691 ipsum
178 2609 361 2671 cardinalem
384 2606 555 2687 redarguit,
577 2624 704 2666 asserens
730 2613 848 2684 praeter

60 2709 128 2788 ejas
146 2708 315 2769 mandatum
342 2707 455 2768 dictum
484 2700 667 2768 cardinalem
688 2704 717 2764 id
737 2704 846 2766 iecisse.

61 2813 95 2871 ln
114 2809 160 2870 die
184 2820 282 2868 autem
305 2805 509 2886 praestationis
529 2806 706 2866 obedientiae
725 2805 848 2865 eundern

61 2909 245 2972 cardinalem
275 2925 342 2968 cum
371 2908 429 2967 suis
451 2909 680 2969 conoratoribus
707 2906 851 2966 consisto·

63 3014 142 3070 riurn
157 3027 213 3070 non
229 3011 366 3081 intrasse,
385 3008 433 3069 sed
450 3010 549 3088 prius.
567 3054 574 3068 .
590 3052 597 3068 .
614 3055 621 3068 .
638 3008 762 3079 illos‚'et
778 3008 850 3067 inter

62 3112 233 3173 Cardinales
265 3111 293 3170 in
314 3112 378 3171 loco
405 3128 474 3169 strae
505 3110 695 3189 promotionis
724 3107 852 3177 sedisse,

63 3231 133 3272 cunr
160 3212 202 3271 illi
224 3212 378 3289 intrarent,
400 3220 428 3269 et
449 3209 638 3270 obedientiam
661 3216 851 3287 praestarent:

63 3330 164 3371 casum
179 3319 276 3370 autern
297 3321 429 3368 nostrum
449 3308 602 3388 praedictis
618 3308 676 3367 dixi
689 3326 748 3368 esse
768 3308 851 3385 longe

62 3411 296 3472 exhorbituntcm
320 3429 375 3488 pro
394 3428 428 3468 eo
450 3407 529 3487 quod
560 3408 721 3469 cardinalis
747 3405 852 3467 Montis

63 3513 184 3591 Regalis
209 3529 264 3573 noo
286 3511 322 3568 ab
342 3521 424 3569 extra
447 3510 541 3569 veniat
562 3509 610 3569 sed
630 3511 658 3567 in
677 3508 756 3570 Urbe
778 3507 854 3567 resi·

64 3614 141 3674 dcat.
178 3611 307 3690 Rogavit
340 3629 411 3679 me,
444 3610 522 3688 quod
546 3628 609 3669 rem
642 3607 715 3667 lianc
750 3608 853 3667 nemini

67 3715 337 3784 communicarem,
353 3710 402 3772 sed
418 3722 559 3772 secretam
574 3712 739 3784 retinerem,
755 3710 786 3770 et
801 3728 852 3772 co·

66 3818 204 3895 gitarern,
220 3814 359 3873 Sanctiss.
374 3812 409 3871 lJ.
424 3811 458 3870 ll.
478 3831 523 3871 tne
542 3831 628 3891 super
649 3795 704 3871 boc
723 3812 853 3872 iuterro-

65 3928 154 3995 gantc
176 3915 253 3991 equod
268 3915 361 3991 tnagis
379 3913 548 3973 conueniret
562 3911 598 3971 ad
612 3911 756 3983 ellectum,
775 3910 853 3988 quod

67 4019 124 4078 88.
144 4017 180 4077 D.
202 4014 236 4074 N.
258 4014 411 4094 acchi,
431 4025 460 4073 et
481 4013 631 4092 Reginae,
652 4033 686 4074 ac
705 4012 854 4076 cardinali

66 4115 443 4202 praedictissatisfacerem.
460 4114 534 4173 Post
555 4113 625 4175 baec
641 4113 697 4173 88.
710 4112 745 4172 b.
757 4112 791 4173 it.
811 4113 855 4175 dic

67 4218 179 4280 sabbati
202 4210 352 4289 hodierna,
366 4215 468 4294 uigilia
482 4214 675 4286 Pentecostes,
696 4213 785 4274 linitis
803 4235 856 4276 re·

67 4321 183 4400 aperis,
204 4316 297 4377 Revv.
319 4315 354 4375 b.
374 4314 575 4376 cardinalibus
595 4314 753 4395 praemissa
784 4333 855 4395 pro·

68 4404 168 4499 posuit
185 4436 273 4496 super
295 4415 428 4477 missione
450 4416 727 4477 Cardinalisbloniis
740 4415 856 4495 Regalis

69 4516 187 4596 atejus
219 4519 343 4577 introitu
366 4528 514 4595 tamquam
536 4518 670 4581 Oratoris
699 4516 807 4596 Regis,
828 4526 857 4576 ct

71 4621 200 4699 Reginae
221 4616 461 4696 praedictorum,
480 4618 546 4689 nbi,
569 4617 642 4680 inter
662 4620 728 4690 alia,
747 4619 858 4679 dictum

70 4720 148 4791 luit,
181 4728 310 4796 tempore
337 4716 427 4777 felicis
460 4717 668 4779 recordationis
701 4718 745 4777 Pii
767 4718 859 4798 Papae

73 4823 214 4895 Secundi,
235 4821 485 4883 constanciensem
502 4832 529 4882 et
541 4819 770 4880 rlttrabutensem
790 4831 859 4881 tunc

73 4924 243 4987 Cardinales
274 4942 363 4984 novos
390 4922 426 4981 ad
448 4921 559 4984 Urbem
582 4922 713 4994 senisse,
735 4938 770 4980 ac
805 4938 862 4982 no·

75 5028 152 5086 mine
178 5023 264 5102 Regis
283 5024 467 5085 Francorum
493 5022 632 5102 praedicti
664 5039 763 5082 reram
790 5022 860 5083 obe·

77 5125 215 5186 dientiam
231 5124 417 5204 praestitisse,
434 5122 694 5201 Pragutaticneque
716 5121 862 5182 Sanctioni

72 5227 259 5291 renunciasse
271 5247 281 5300 3
306 5225 384 5304 quod
417 5245 485 5287 curn
512 5223 638 5297 bnnori,
660 5233 688 5284 et
711 5222 862 5283 commodo

70 5327 203 5392 Sanctae
215 5328 362 5393 Romanae
383 5326 529 5389 Ecclesiae
550 5322 711 5406 plurimum
732 5322 862 5400 cederet,

521 269 807 333 PONTlFlCllTUS
829 268 1056 335 stantuna}
1072 273 1206 337 'SEXTl

1629 267 1691 330 atti

911 409 938 468 id
959 412 1000 472 sic
1023 410 1085 472 lieri
1106 431 1157 492 per
1176 410 1297 472 cundem
1316 410 1402 471 Pium
1420 411 1578 472 admissum
1598 410 1694 471 luisse.

910 509 955 570 Ad
973 509 1028 571 ltoc
1049 511 1169 572 adduxit
1189 510 1260 572 Rev.
1282 509 1443 571 cardinalis
1464 511 1596 572 Senensis
1617 510 1696 589 quod

911 629 978 670 cum
1001 611 1071 669 alias
1089 622 1218 691 tempore
1240 610 1329 670 felicis
1349 609 1562 671 recordationis
1580 607 1693 671 llicolai

911 709 1005 790 Papae
1020 707 1130 782 Quinti,
1144 710 1348 770 Serenissinrus
1358 709 1530 771 Fridcricus
1547 692 1697 773 Romano·

909 828 977 869 rum
999 808 1072 881 Rex,
1092 809 1179 870 rebus
1200 809 1322 889 publicis
1344 809 1571 871 cln·istianorum
1592 810 1696 890 prori-

911 910 979 969 derc
1010 908 1189 981 desiderans,
1204 909 1334 970 'Dietnnr
1359 908 1534 971 Ratisbonae
1565 906 1698 969 omnibus

909 1008 1220 1089 Principibuslmperii
1238 1009 1399 1083 indixisset,
1415 1028 1449 1070 ac
1469 1009 1559 1071 bonae
1581 1026 1697 1069 memo·

910 1108 1160 1170 riacCardinalem
1176 1108 1275 1170 Sancti
1290 1109 1370 1171 Petri
1385 1109 1565 1182 attinente,
1577 1108 1699 1170 deCusa

909 1221 1120 1288 nuncupatum,
1133 1209 1338 1271 inGermania
1361 1221 1433 1270 tunc
1452 1209 1642 1281 residentem,
1663 1220 1698 1269 ut

908 1308 963 1368 sub
984 1311 1171 1390 Imperatoris
1203 1313 1317 1372 nomine
1347 1304 1533 1370 Ratisbonum
1555 1329 1584 1370 sc
1613 1319 1698 1369 tran·

908 1408 1023 1483 slerre,
1044 1422 1072 1470 et
1093 1411 1190 1473 Dictae
1212 1413 1272 1472 sire
1292 1411 1510 1491 congregationi
1530 1406 1698 1486 hujusmodi

910 1512 1112 1586 procuratoris
1130 1511 1244 1572 nominc
1261 1508 1390 1588 ejusdem
1410 1510 1598 1589 imperatoria
1611 1525 1699 1589 prae·

910 1609 1005 1670 sidere
1027 1612 1114 1672 uellet
1144 1630 1197 1691 per
1219 1630 1287 1671 suas
1308 1613 1407 1674 literas
1428 1623 1456 1674 et
1479 1609 1620 1673 Oratores
1642 1627 1696 1670 ro·

910 1722 1028 1788 gasset,
1058 1720 1089 1772 ct
1110 1710 1184 1773 idem
1220 1711 1292 1773 Res.
1314 1711 1351 1772 Ι).
1373 1711 1535 1773 cardinalis
1556 1709 1591 1773 de
1621 1709 1698 1771 Casa

910 1811 1000 1870 sciens
1023 1810 1053 1871 id
1073 1812 1134 1872 sine
1148 1810 1230 1871 Sedis
1244 1813 1425 1890 spostolicae
1441 1812 1552 1874 licentia
1568 1808 1701 1890 speciali,

911 1910 963 1969 sibi
986 1928 1043 1972 non
1066 1908 1153 1972 licere
1174 1930 1208 1972 ac
1229 1911 1271 1972 illi
1285 1913 1339 1972 soli
1355 1912 1473 1973 obedire
1492 1911 1607 1983 debere,
1623 1927 1700 1989 pro·

907 2021 1012 2092 pterea
1034 2032 1064 2072 sc
1084 2013 1161 2091 apud
1183 2013 1346 2092 praelatum
1367 2015 1576 2094 imperatorem
1607 2025 1699 2070 encu-

912 2123 1021 2186 sasset,
1043 2112 1119 2173 idern
1140 2113 1303 2193 lmpcrator
1325 2113 1405 2173 misit
1431 2111 1467 2171 ad
1490 2097 1613 2172 Sanctae
1636 2109 1702 2170 ble-

913 2215 1022 2277 moriae
1043 2215 1197 2276 Nicolaum·
1209 2215 1318 2293 Papam
1341 2212 1483 2284 Quintum
1500 2202 1650 2293 laegatus,
1671 2224 1700 2274 et

912 2317 1004 2379 eidem
1021 2316 1095 2378 lianc
1111 2336 1173 2377 rem
1188 2318 1336 2396 exposuit3
1349 2317 1410 2394 qui,
1430 2316 1573 2377 intellecto
1584 2313 1699 2375 Dictum

915 2414 1083 2495 hujusmodi
1104 2437 1159 2497 pro
1188 2418 1334 2477 communi
1363 2414 1600 2478 christifidelium
1628 2414 1704 2475 bono

914 2530 943 2579 ct
964 2517 1117 2579 commodo
1138 2518 1274 2580 indictam
1287 2537 1357 2590 esse,
1375 2518 1542 2598 pruciatuas
1561 2514 1705 2577 cardina·

917 2620 972 2680 lem
994 2618 1029 2680 de
1048 2618 1123 2680 Casa
1145 2619 1174 2680 in
1196 2618 1277 2680 Sedis
1299 2617 1482 2700 spostolicae
1504 2616 1647 2696 Legatum
1670 2614 1705 2678 de

916 2717 1021 2782 batere
1031 2720 1153 2792 crearit,
1161 2720 1314 2799 ipsumque
1326 2730 1359 2778 ut
1371 2715 1587 2797 congregationi
1599 2711 1705 2790 bajus·

917 2819 995 2879 modi
1017 2830 1046 2880 et
1076 2807 1174 2880 Dictae
1207 2828 1372 2899 praeesset,
1394 2815 1581 2876 Ratisbonum
1608 2814 1704 2888 nrisit3

918 2937 977 2997 quo
997 2919 1069 2979 idem
1085 2918 1247 2980 cardinalis
1268 2938 1302 2979 ea
1321 2917 1520 2978 commissione
1551 2923 1580 2975 et
1609 2910 1708 2992 bega-

919 3004 994 3081 tione
1009 3017 1175 3095 hujusmodi
1188 3038 1217 3078 se
1229 3017 1361 3089 contulit,
1371 3026 1400 3078 et
1413 3028 1471 3076 tam
1485 3012 1706 3091 Sedi'ilpostoli·

919 3138 969 3181 cac
988 3138 1076 3198 quam
1098 3120 1226 3199 praelato
1245 3117 1417 3197 imperatori
1448 3133 1516 3176 cum
1546 3112 1656 3173 ltonorc
1677 3121 1706 3172 et

918 3221 1121 3282 cardinalatus
1143 3217 1286 3298 dignitatis
1299 3216 1539 3297 perscrcratione,
1561 3211 1706 3273 satisfecit.

920 3319 1034 3390 Quibus
1055 3332 1084 3381 et
1104 3319 1169 3379 aliis
1190 3318 1378 3381 consideratis
1393 3318 1563 3378 conclusum
1585 3312 1640 3373 init
1653 3331 1705 3392 per

920 3423 976 3484 88.
997 3422 1033 3482 Ι).
1055 3421 1089 3481 Ν.
1113 3423 1142 3481 in
1163 3419 1386 3499 congregatione
1404 3415 1573 3498 praedicta,
1599 3411 1706 3474 Cardi-

919 3530 1014 3588 nalem
1033 3527 1136 3588 Montis
1148 3525 1266 3605 Regalis
1282 3523 1518 3603 praesummant
1533 3535 1708 3598 quemcum-

920 3649 977 3706 que
998 3628 1111 3688 obriam
1133 3627 1287 3707 praedictis
1299 3622 1479 3686 Oratoribus
1490 3620 1564 3682 mitti
1583 3626 1635 3679 aut
1647 3616 1707 3680 Le·

920 3731 1043 3809 gationis
1063 3730 1127 3790 sire
1147 3725 1282 3789 Oratoris
1303 3727 1398 3787 officio
1413 3724 1498 3803 iungi
1514 3739 1572 3782 non
1593 3720 1712 3791 debere,

920 3842 949 3891 at
965 3841 1118 3910 propterca
1132 3826 1297 3889 Secrcturio
1313 3825 1496 3886 commissum
1509 3819 1587 3900 quod
1597 3818 1709 3880 Tarna-

923 3947 1084 3999 conenseut,
1094 3927 1328 4006 cartaginensent
1345 3935 1374 3986 et
1384 3922 1550 3993 Pacensem,
1560 3919 1710 3998 pet·Rrere

923 4030 1122 4110 Apostolicutn
1145 4027 1212 4106 ipsis
1234 4033 1387 4105 propterea
1410 4019 1593 4090 mittendum,
1614 4026 1710 4078 certos

922 4129 1055 4190 redderet
1075 4127 1151 4206 quod
1174 4142 1278 4187 eorum
1314 4122 1467 4182 introitum
1489 4119 1560 4179 alias
1591 4116 1712 4178 ordino·

923 4240 1010 4305 rent,
1031 4239 1059 4288 et
1078 4234 1325 4306 prosequerentur
1346 4220 1455 4299 absque
1476 4218 1637 4282 cardinalis
1659 4238 1711 4279 es·

923 4330 1080 4412 pretatione
1101 4327 1156 4411 (l).

960 4547 995 4607 (1)
1011 4544 1104 4594 Cetera
1122 4541 1154 4590 de
1173 4541 1220 4589 hac
1240 4536 1369 4602 legatione
1388 4539 1412 4587 ia
1429 4534 1583 4586 Barchardo
1604 4532 1714 4582 doside·

926 4629 1031 4675 cantura
1044 4623 1092 4672 scd
1104 4634 1136 4670 ex
1149 4621 1234 4669 Surita
1247 4623 1273 4667 et
1286 4618 1344 4667 aliis
1357 4617 1490 4666 historicis
1508 4620 1563 4662 tum
1580 4610 1714 4673 Hispanis,

927 4710 980 4754 tum
998 4703 1087 4758 italis,
1103 4698 1331 4759 narraturltegem
1345 4696 1487 4757 Hispanum
1500 4694 1652 4754 suspectam
1670 4690 1716 4739 lta·

927 4784 1016 4833 baisse
1029 4780 1105 4830 fldem
1118 4778 1204 4827 Caroli
1217 4777 1349 4825 cattorum
1368 4776 1459 4836 Regis,
1478 4786 1526 4834 pro
1543 4769 1715 4832 requisitione

925 4861 1090 4924 Neapolitani
1117 4859 1221 4919 Regni;
1248 4855 1307 4905 ideo
1334 4855 1408 4912 hae,
1437 4853 1547 4913 aliisque
1571 4850 1659 4898 multis
1681 4846 1715 4896 de

927 4943 1034 4998 causis,
1060 4939 1226 5000 legationem
1246 4933 1395 4996 huiusmodi
1414 4932 1517 4982 misisse
1540 4949 1563 4976 ·.
1584 4927 1716 4989 Hispanus

929 5035 992 5071 uero
1008 5020 1065 5082 (sic
1083 5015 1232 5081 ltaynaldus
1251 5027 1285 5064 ex
1306 5012 1416 5071 Sarita)
1441 5013 1561 5059 metuens
1581 5018 1615 5056 ne
1639 5004 1717 5054 Caro·

930 5104 970 5154 ius
995 5102 1129 5152 Gallorum
1154 5102 1223 5155 ilex,
1248 5098 1325 5158 parta
1349 5092 1521 5154 Neapolitano
1542 5084 1718 5149 regno,sici·

931 5185 979 5232 liae
997 5182 1113 5232 insulam
1131 5177 1215 5227 veteri
1225 5177 1285 5238 lare
1298 5172 1449 5227 affectaret,
1464 5180 1523 5218 cum
1542 5170 1593 5225 jara
1611 5177 1639 5214 sc
1655 5163 1719 5213 Sici-

930 5264 979 5311 liae
996 5266 1023 5311 et
1038 5259 1263 5322 ierosolymorum
1281 5254 1376 5315 Regem
1394 5251 1419 5300 in
1436 5246 1612 5297 Cardiualium
1625 5247 1717 5294 senatu

932 5341 1051 5392 oratoris
1077 5338 1181 5388 Aubinii
1208 5346 1272 5384 voca
1297 5345 1327 5382 se
1355 5329 1533 5394 appellasset,
1556 5328 1610 5374 tum
1638 5325 1717 5373 aiam
