3758 6030
648 264 651 269 ¹
689 240 974 312 redemissetis
996 243 1222 312 inexauditi
1242 243 1369 310 sexli.

181 518 970 547 ——Q-q--u-u

185 579 241 630 suoi
259 577 399 636 sacrificii,
415 580 442 627 et
467 576 530 626 idoli
548 579 573 625 in
591 582 731 640 conspetto
750 581 775 630 di
796 581 856 644 cgn'
867 596 918 632 uno
935 596 980 632 ro·

186 659 287 717 viuere,
303 669 378 706 come
395 669 455 705 cosa
469 669 545 714 vana,
556 668 570 704 e
582 658 773 718 superstitiosa.
786 658 979 710 Grandemenle

189 738 272 787 sinino
288 735 370 787 debiti
387 750 402 784 a
418 734 466 784 Dio
483 734 576 785 ottirno
593 737 739 794 massimo,
756 739 773 786 il
796 739 874 800 quale
898 752 931 790 ne
947 739 980 787 ba

184 828 312 867 concesso
328 819 400 866 tanto
423 815 550 877 imperio,
561 826 576 865 e
589 816 703 876 maestb,
713 818 731 866 il
743 819 861 879 qualeae
873 830 979 867 saremo

82 890 86 900 '
188 896 319 959 diligenti,
341 897 367 946 in
383 895 419 945 tal
446 895 524 944 modo
551 892 757 951 l'averemo'ad
773 900 978 960 augumentare,

185 975 234 1023 abe
247 976 263 1023 it
275 975 359 1036 primo
373 974 449 1035 luogo
466 973 578 1024 ottenird
591 975 637 1035 ‚ira
655 976 715 1024 tuiti
733 977 740 1025 i
757 976 982 1030 Christianiiiott

187 1050 202 1100 e
225 1052 346 1114 adunque
368 1051 394 1101 di
419 1051 537 1103 rillulare
562 1053 653 1103 l¹utiie
679 1055 824 1117 consiglio,
846 1069 860 1119 e
885 1054 980 1117 pigllar

187 1131 204 1179 l'
216 1144 288 1181 arma
304 1143 353 1193 pes
369 1132 394 1179 la
410 1131 558 1181 Christiana
583 1132 721 1194 religione,
742 1132 765 1181 la
794 1133 871 1194 quale
891 1131 931 1181 sta
952 1132 979 1188 in

188 1222 288 1260 sommo
312 1209 449 1272 pericolo,
465 1223 480 1259 e
497 1222 547 1262 con
572 1215 639 1260 tutte
657 1212 682 1260 te
698 1215 789 1261 nostre
806 1212 879 1260 torae
897 1222 980 1272 augu-

187 1288 333 1344 mentarts‚
351 1302 366 1338 e
382 1293 475 1351 questa
492 1289 643 1342 santissima
661 1291 775 1352 impresa
797 1290 822 1339 in
846 1291 882 1340 tsi
900 1290 977 1338 modo

187 1365 247 1417 sais
259 1370 336 1427 grata
354 1367 378 1415 st
394 1365 521 1419 Creatore
538 1367 579 1416 dei
596 1371 680 1429 tuito,
699 1369 748 1418 obe
766 1369 792 1417 in
809 1368 867 1430 ogni
885 1371 978 1417 nostro

189 1459 311 1498 successo
329 1460 362 1496 ne
379 1446 438 1496 sari
455 1446 607 1497 inrorevole
626 1467 647 1495 ι.

232 1526 385 1576 franciscus
408 1524 582 1575 Gnicciardini
607 1531 634 1576 ct
656 1525 698 1576 ille
715 1527 743 1575 in
759 1526 869 1576 bistoria
886 1526 975 1576 italica

190 1606 336 1658 orationem
351 1605 429 1667 Regis
447 1604 539 1655 Gallici
557 1605 695 1664 inscribit,
711 1606 760 1656 sed
784 1606 834 1655 alia
860 1609 976 1655 oratoria

188 1685 271 1735 torma
295 1685 460 1742 ordinatam,
477 1685 503 1733 in
520 1698 571 1747 qua
594 1684 675 1734 rebus
699 1689 866 1747 potiusquam
887 1685 995 1758 verbis

187 1769 280 1813 auctor
292 1763 456 1813 florentinus
471 1762 635 1812 intendebat.
650 1762 744 1812 Corius
761 1762 977 1814 narratNationis

187 1843 288 1891 electos
305 1840 387 1890 verba
407 1841 534 1903 Principis
556 1841 649 1903 plausu
675 1842 823 1892 incredibili
839 1844 977 1904 excepisse

187 1921 310 1983 idemque
327 1920 354 1970 in
373 1920 490 1970 historiis
506 1920 598 1970 torius
614 1920 760 1971 confirmat.
777 1920 830 1970 sed
845 1920 977 1971 Guicciao·

188 1997 274 2047 dinius
291 2001 368 2059 negat
394 2017 405 2040 ι
426 1998 484 2049 Non
505 1998 532 2048 in
557 1998 629 2048 ndita
647 1998 700 2062 (sic
722 1998 780 2064 ilic)
803 2003 864 2049 con'
878 2000 976 2061 aliegro

190 2077 278 2126 animo
295 2079 389 2138 questa
406 2081 529 2138 proposts
548 2077 701 2142 da'Signori
719 2078 811 2140 grandi
821 2077 848 2127 di
859 2077 976 2136 Francia,

188 2169 203 2205 e
220 2155 409 2217 specielmente
422 2155 454 2203 da
468 2155 557 2204 coloro
575 2154 623 2206 obe
640 2169 689 2217 per
705 2155 806 2206 nobilis
822 2169 837 2205 ο
854 2157 976 2220 ορίυίουο

187 2234 214 2284 di
236 2234 390 2296 prudenza,
413 2247 494 2283 erano
518 2235 544 2283 di
569 2238 702 2297 maggiore
727 2236 857 2293 autorilbs
879 2235 975 2298 iquali

187 2308 360 2376 giudic'arano
377 2318 471 2375 queste
482 2326 534 2363 non
547 2319 624 2376 poter
636 2327 727 2365 essere
739 2315 808 2365 altro
821 2317 868 2365 cbe
880 2328 976 2377 guerra

189 2394 266 2454 piena
283 2391 308 2441 di
326 2392 406 2441 molte
429 2390 550 2441 difficolts
574 2396 623 2442 etc.
650 2412 672 2441 »a
696 2391 829 2442 lebannes
853 2392 976 2444 lolianus

186 2471 317 2521 Pontanus
336 2484 394 2520 cum
412 2470 605 2521 Gniccisrdinio
621 2471 766 2523 concordat
782 2472 843 2522 dum
862 2475 897 2521 ait
914 2472 974 2532 (leb

186 2549 212 2597 V.
227 2547 258 2598 da
273 2548 428 2609 Montio)
445 2569 456 2591 ·
474 2547 622 2599 Declaravit
635 2549 663 2599 id
674 2550 751 2601 modo
768 2550 894 2600 Ludorici
905 2552 974 2601 Stor-

186 2629 238 2677 tiae
255 2626 456 2678 mediolanensis
473 2630 603 2690 bynaslaa
620 2628 728 2681 honoris
753 2632 882 2691 appetitio
903 2633 975 2681 insa·

187 2706 301 2763 dabilis,
321 2704 480 2769 ambitioque
498 2706 613 2757 maxime
630 2708 765 2768 insolens,
787 2721 821 2759 ne
845 2710 879 2761 de
904 2711 974 2760 uitae

186 2786 244 2847 ejus
264 2785 412 2834 actionibus
434 2786 494 2837 aliis
511 2787 684 2849 moribusque
707 2802 759 2838 non
779 2791 885 2839 omnino
907 2794 975 2841 tem·

186 2865 286 2926 peratis
302 2863 397 2913 dicam.
410 2864 434 2914 is
445 2863 479 2914 ob
492 2865 658 2915 insolentiam
671 2867 749 2917 animi
760 2879 902 2930 moresque
914 2881 979 2930 petzv

184 2943 371 3001 versissimos,
389 2955 442 2992 non
457 2956 516 2994 sese
533 2946 619 3006 ipsum
636 2946 715 2995 modo
736 2946 761 2995 iu
778 2946 895 3004 ruinam.
916 2961 974 2997 car·

184 3034 280 3081 cerem,
298 3025 499 3085 proximamque
512 3024 641 3073 immersit
654 3027 796 3082 miseriam,
813 3039 904 3076 verum
921 3028 974 3076 ita·

184 3103 245 3151 iiam
272 3103 424 3151 universam
450 3114 517 3164 pene
534 3102 560 3151 in
578 3103 735 3154 servitutem
759 3107 893 3165 coniecit,
908 3107 972 3157 dum

183 3181 327 3231 iohannem
347 3181 491 3232 Galeatium
509 3181 599 3232 fratris
616 3182 713 3241 illium,
730 3185 972 3236 innocentissimum

183 3262 396 3320 adolescentem,
410 3274 512 3311 veneno
524 3261 598 3311 efferi
611 3263 644 3313 ob
657 3263 808 3313 dominandi
825 3263 971 3323 libidinem,

182 3339 357 3404 Carolumque
368 3338 421 3389 viil
433 3340 564 3390 Gallorum
574 3340 688 3402 Regem,
704 3342 801 3403 ingenii
813 3342 971 3394 conductum

182 3419 303 3480 pecunia,
311 3418 428 3480 quamvis
438 3418 613 3473 dissidentibus
624 3418 719 3468 Gallius
728 3419 885 3470 Primoribus
895 3421 973 3484 sume

183 3499 317 3560 omnibus,
334 3500 455 3548 maximis
470 3511 530 3547 snm
543 3499 626 3560 copiis
637 3499 662 3548 in
675 3497 774 3549 italiam
792 3501 873 3551 trabit
883 3507 934 3552 ete.
949 3521 969 3545 ι.

224 3575 357 3637 Philippus
373 3577 406 3625 de
423 3575 563 3631 Comines,
585 3575 707 3638 begatusi
718 3581 744 3626 et
767 3579 866 3627 amicus
883 3576 971 3628 Caroli

182 3653 235 3702 vlit
258 3654 285 3702 in
309 3654 364 3703 suis
387 3656 524 3703 memoriis
547 3654 625 3715 (ildit-
651 3655 713 3705 υυυί
739 3658 799 3706 1720
814 3669 831 3707 o
848 3655 971 3718 Godelrog

183 3732 329 3792 illustrato,
344 3736 405 3781 tom.
424 3731 461 3791 ii,
484 3745 508 3794 p.
525 3735 563 3782 13.
590 3736 617 3782 et
640 3734 714 3795 seq.)
736 3733 801 3783 baec
825 3734 857 3785 dc
881 3736 968 3786 causis

179 3812 288 3862 'italicae
307 3812 449 3861 invasionis
466 3822 514 3872 per
530 3811 624 3872 liegem
641 3824 717 3862 suurn
735 3811 844 3861 scribil=

226 3914 236 3934 ·
250 3892 300 3944 Nul
317 3893 453 3941 servitenr
463 3904 497 3940 ne
509 3896 604 3953 parcnt
616 3891 651 3941 du
663 3891 717 3941 Duc
728 3891 808 3942 leben
825 3892 914 3942 dabas
935 3894 968 3946 de

180 3972 257 4022 iiiios
273 3972 381 4021 donuoit
398 3972 614 4033 empescbement
632 3985 665 4022 au
681 3972 806 4035 Seigneur
826 3972 968 4024 Ludooica

180 4052 295 4114 prendre
313 4051 336 4100 la
352 4050 533 4112 Ducbepour
559 4058 619 4114 luy,
645 4064 696 4114 que
722 4052 746 4102 la
772 4052 869 4103 remma
893 4053 968 4105 dudit

180 4132 250 4189 Duc,
267 4132 312 4193 qui
329 4131 410 4179 estoit
427 4131 504 4187 leuna
521 4133 548 4178 et
565 4142 643 4192 sage.
668 4136 695 4181 et
712 4129 763 4180 illle
787 4131 822 4182 du
846 4130 901 4181 Duo
921 4133 968 4183 atl-

179 4212 281 4272 pbonse
297 4209 330 4259 de
347 4208 468 4267 Gutelm,
490 4222 542 4271 que
559 4222 607 4271 par
624 4210 723 4261 devant
739 4223 773 4275 ay
789 4213 911 4273 nomme,
927 4212 967 4266 tiis

179 4290 252 4338 aisne
275 4289 310 4338 du
327 4288 382 4351 Roy
407 4288 522 4341 Ferroad
546 4288 580 4339 de
603 4288 717 4351 Noptcs5
739 4295 766 4340 ct
789 4302 822 4340 en
848 4291 967 4344 l'anunil

178 4370 272 4428 quatra
290 4376 353 4415 oens
370 4368 567 4430 quatre-ringis
579 4372 605 4418 et
618 4371 717 4429 treize,
732 4382 886 4432 commenqa
903 4373 967 4425 ledit

178 4446 303 4506 seigneur
314 4442 425 4494 Ludooic
436 4443 450 4492 b
462 4456 581 4507 envoyer
592 4445 690 4498 dauers
702 4448 725 4496 le
738 4448 791 4511 iioy
799 4447 967 4517 CborlssViii,

178 4524 211 4576 de
227 4527 338 4587 present
354 4527 481 4585 regnant,
506 4536 574 4586 pour
591 4526 615 4574 te
631 4529 772 4590 pratiquer
788 4529 915 4582 devenir
933 4546 966 4583 en

177 4604 248 4655 italic
271 4603 285 4654 d
308 4603 451 4664 conquerir
468 4602 532 4652 ledit
549 4604 682 4667 iioyaume
708 4607 742 4657 de
766 4609 875 4670 Noplcs,
899 4624 966 4673 pour

178 4683 313 4736 destruire
325 4687 351 4733 et
364 4681 455 4732 auoler
467 4694 536 4733 ceux
548 4685 592 4744 qul
605 4685 628 4735 le
640 4687 826 4747 possedoient‚
842 4702 893 4752 que
907 4691 965 4755 j'ay

177 4777 308 4815 nommen.
327 4761 377 4811 Car
394 4766 484 4812 estana
501 4761 605 4813 ceux-is
622 4776 655 4813 en
671 4764 744 4816 torae
761 4771 787 4816 et
803 4773 891 4827 ventu,
902 4770 965 4820 ledit

176 4844 290 4896 ludovic
306 4844 385 4893 n’eut
402 4841 447 4891 ose
464 4842 659 4902 entreprendre
684 4857 715 4895 oe
731 4847 799 4909 qn'il
816 4847 844 4897 iit
861 4847 964 4910 depuis.

177 4923 228 4974 Car
245 4936 279 4973 en
303 4934 334 4971 ce
359 4919 486 4982 temps-le
509 4921 624 4971 estoient
647 4923 713 4975 lorls
738 4930 765 4977 et
789 4928 878 4978 ricbes
901 4928 964 4978 ledit

176 5002 293 5054 i'errand
309 5002 363 5064 Roy
383 5000 417 5049 de
435 4998 528 5060 coctio,
548 5005 574 5050 et
591 5015 639 5052 son
655 5001 696 5053 iiis
711 5003 853 5066 alphonso,
869 5010 895 5055 et
911 5007 964 5057 lort

177 5084 377 5146 experimentes
388 5092 420 5129 au
432 5081 540 5129 mesties
556 5081 589 5130 de
601 5082 624 5131 la
637 5097 749 5146 guerre,
764 5089 791 5134 et
808 5086 917 5135 estimes
929 5086 962 5136 de

177 5164 261 5224 grand
277 5170 378 5219 meur,
394 5159 516 5210 combien
533 5173 584 5223 que
610 5163 635 5212 le
651 5165 784 5213 contraire
801 5176 830 5214 se
846 5166 901 5216 veit
917 5166 963 5217 de·

177 5242 255 5303 puis,
272 5245 298 5291 at
315 5241 379 5291 ledit
394 5241 520 5303 seigneur
536 5241 647 5292 budooic
668 5244 747 5293 esicii
769 5244 872 5298 homme
893 5246 963 5297 tass-

176 5333 252 5384 ssge,
265 5320 332 5371 mais
342 5321 396 5372 tort
405 5320 513 5372 craintii
521 5325 548 5371 et
558 5322 619 5372 bien
631 5322 739 5384 scupis,
750 5325 840 5385 quand
856 5326 873 5376 it
891 5327 961 5377 auoit

1733 241 1842 326 (isos)
1875 263 1877 266 ⁴

1048 591 1114 639 peur
1129 577 1200 640 (j'en
1218 578 1292 639 parte
1310 589 1412 626 comme
1427 575 1460 625 de
1474 576 1552 637 celuy
1568 585 1618 636 que
1630 575 1684 636 say
1696 585 1798 635 cognu,
1814 578 1839 622 et

1047 655 1185 718 beaucoup
1197 654 1230 705 de
1243 655 1337 705 cboses
1351 653 1444 704 traicte
1457 665 1590 716 avecques
1609 653 1675 715 luy)
1692 655 1719 700 et
1736 652 1838 702 homme

1048 747 1110 784 sans
1126 735 1188 797 loy,
1204 733 1245 783 sit
1262 733 1354 796 coquit
1370 746 1420 783 son
1437 732 1517 794 prodi
1540 744 1610 794 pour
1626 732 1651 781 la
1669 733 1788 793 compre.
1809 731 1837 783 Et

1047 802 1123 872 ainsi,
1139 825 1241 862 comme
1257 811 1297 862 dii
1313 801 1371 871 esi,
1388 813 1439 861 l’an
1455 812 1501 862 mil
1524 816 1620 873 quatre
1643 822 1709 860 cens
1730 815 1838 872 quatre·

1048 891 1135 952 cingis
1147 893 1173 938 et
1185 891 1285 946 traina,
1302 901 1456 950 cnmmana
1469 888 1483 940 ί
1494 888 1561 957 taire
1577 889 1662 947 saniir
1678 887 1694 938 ί
1711 901 1743 939 ce
1758 890 1837 949 leuna

1047 971 1102 1033 iloy
1120 969 1225 1020 θρανίου
1240 968 1301 1018 ulti.
1315 969 1348 1019 de
1364 960 1521 1032 vingt-deux
1538 980 1600 1025 ane,
1625 967 1675 1018 des
1696 967 1800 1017 fumeas
1814 973 1837 1019 et

1041 1049 1143 1110 'gloires
1160 1034 1266 1107 d'itct'ic,
1282 1047 1327 1110 luy
1344 1050 1539 1105 remonstrent,
1555 1045 1724 1098 commedit
1740 1050 1801 1103 est,
1816 1047 1836 1096 le

1048 1125 1212 1188 droiciqu'il
1230 1126 1302 1176 avait
1318 1139 1352 1176 en
1372 1137 1403 1177 ce
1425 1126 1493 1181 bea'u
1505 1126 1652 1196 Χ,ίίυγουίυο
1675 1124 1710 1175 da
1729 1124 1836 1184 Nuptae,

1048 1207 1111 1267 quil
1123 1207 1282 1270 luysqavoit
1294 1205 1354 1255 bien
1371 1206 1514 1259 blasonner
1526 1209 1553 1257 et
1571 1207 1662 1261 leden
1680 1208 1708 1255 et
1724 1204 1835 1255 s'adres·

1048 1289 1100 1335 sois
1115 1287 1149 1335 de
1167 1291 1254 1337 toutes
1270 1285 1366 1337 oboses
1382 1283 1397 1334 l
1413 1289 1456 1336 cet
1468 1284 1592 1336 Estienne
1604 1285 1638 1336 de
1649 1285 1712 1335 Vers
1723 1286 1835 1337 <deveas

1046 1366 1188 1416 senesobal
1204 1366 1238 1421 de
1254 1363 1404 1423 Βουυουίτυ,
1415 1368 1450 1413 ¹et
1467 1364 1592 1426 enricby,
1608 1365 1677 1414 maie
1695 1377 1749 1413 non
1766 1367 1835 1425 point

1046 1456 1159 1493 encoma
1175 1442 1190 1493 a
1206 1455 1254 1494 son
1270 1445 1332 1506 gre)
1346 1447 1373 1493 et
1391 1456 1423 1492 an
1438 1442 1551 1493 denerat
1565 1442 1723 1500 misenensi,
1736 1445 1834 1494 bomme

1047 1525 1119 1574 ricbe
1137 1529 1164 1573 et
1180 1524 1242 1574 bien
1260 1524 1376 1574 entendu
1393 1537 1425 1574 en
1444 1523 1578 1582 ilnanoas,
1600 1522 1684 1585 grand
1706 1537 1769 1586 amy
1786 1525 1833 1574 lore

1046 1603 1080 1652 du
1097 1604 1237 1653 Senesobal
1256 1604 1290 1653 de
1306 1602 1456 1662 Βοουυορο,
1473 1615 1523 1665 par
1540 1603 1626 1664 lequel
1643 1604 1660 1652 il
1677 1602 1833 1652 laisoitcon·

1046 1683 1136 1731 seilier
1153 1682 1225 1732 audit
1240 1682 1386 1732 serenabat
1402 1683 1440 1731 de
1454 1694 1483 1733 se
1500 1681 1566 1732 isira
1584 1681 1710 1732 Prestre.
1733 1686 1762 1732 et
1778 1684 1831 1744 qu'il

1046 1759 1071 1808 te
1087 1760 1165 1811 feroit
1176 1759 1312 1819 cardinal,
1329 1760 1346 1809 a
1361 1761 1453 1810 l'autre
1471 1762 1593 1814 comboit
1610 1763 1673 1811 d'un
1691 1761 1790 1811 Daciae.
1805 1761 1831 1811 iit

1048 1853 1116 1900 pour
1131 1852 1297 1903 commences
1314 1840 1328 1889 ί
1345 1842 1631 1900 conduiretoutes'ces
1643 1841 1760 1900 choses,
1777 1842 1832 1890 ledit

1045 1917 1171 1980 seigneur
1196 1918 1307 1968 Ludooio
1334 1933 1438 1984 envoya
1466 1933 1518 1971 une
1544 1921 1645 1984 grande
1671 1920 1831 1971 Ambassade

1045 1996 1142 2046 devere
1159 1998 1271 2062 leiloy,
1289 1998 1303 2049 d
1318 1999 1411 2059 Poris,
1427 2000 1500 2050 audit
1517 2013 1566 2060 an,
1591 2000 1657 2049 dont
1675 2000 1759 2049 estoit
1775 1999 1834 2048 Cbei

1044 2076 1068 2128 le
1080 2076 1171 2125 comte
1182 2077 1215 2127 de
1226 2075 1338 2140 Colosso
1346 2114 1355 2140 ,
1370 2077 1411 2128 ills
1429 2081 1504 2129 eisne
1519 2079 1594 2129 dudit
1611 2080 1701 2129 liobert
1713 2080 1744 2128 de
1754 2077 1832 2129 Soisct

1043 2155 1158 2216 Soomin,
1183 2155 1248 2205 dont
1260 2158 1317 2221 l'ay
1333 2159 1428 2220 parte,
1453 2159 1540 2221 lequel
1565 2164 1663 2208 trouva
1685 2159 1702 2209 a
1722 2158 1795 2207 Poris
1808 2159 1829 2208 la

1044 2235 1136 2284 Prince
1152 2235 1186 2285 de
1202 2235 1317 2296 Selene,
1333 2237 1396 2287 dont
1409 2239 1425 2286 il
1438 2238 1518 2288 estoit
1529 2237 1643 2294 cousin,
1658 2250 1706 2298 oar
1724 2236 1829 2300 celuy-tl

1044 2313 1123 2361 estoit
1139 2313 1204 2363 cnei
1224 2313 1257 2364 de
1273 2314 1298 2363 la
1315 2327 1416 2365 maison
1440 2315 1472 2365 de
1498 2314 1584 2366 suiad
1605 2314 1714 2366 §souin
1734 2327 1829 2366 comme

1043 2390 1139 2441 deseos
1153 2394 1207 2456 j’ay
1224 2393 1277 2452 dit,
1301 2398 1328 2442 et
1352 2396 1433 2445 estoit
1456 2408 1491 2446 en
1506 2394 1618 2456 Francos,
1641 2394 1739 2446 obesse
1762 2395 1829 2445 dudit

1043 2471 1098 2534 itoy
1121 2470 1252 2537 emano,
1273 2484 1376 2524 comme
1402 2486 1469 2525 evea
1494 2475 1610 2526 entendn
1638 2478 1786 2535 pansant,
1805 2477 1828 2522 el

1043 2551 1228 2611 pourcbassoit
1239 2551 1326 2602 ,indite
1343 2554 1496 2615 entreprise
1511 2552 1545 2603 de
1563 2551 1668 2614 Noples.
1684 2553 1758 2603 Avec
1771 2553 1828 2601 ledii

1043 2628 1134 2678 comte
1151 2631 1184 2679 de
1201 2630 1309 2692 cainaea
1325 2631 1406 2680 estoit
1423 2632 1446 2683 le
1463 2630 1556 2683 comta
1572 2630 1685 2682 cbarles
1702 2631 1737 2683 de
1752 2630 1830 2681 Batia·

1042 2708 1154 2767 ioceuaa,
1170 2711 1197 2758 et
1212 2708 1323 2760 itessire
1348 2707 1437 2759 doleas
1460 2708 1584 2770 Vicomte,
1606 2708 1752 2769 Milanotss
1776 2714 1828 2760 tous

1041 2785 1111 2835 deux
1129 2787 1242 2836 estoient
1258 2785 1312 2837 tort
1328 2786 1390 2839 bien
1408 2790 1560 2839 accoustrez
1585 2793 1612 2857 et
1630 2801 1827 2850 accompagnez.

1040 2864 1123 2914 Laura
1140 2866 1247 2926 paroles
1264 2878 1298 2916 en
1313 2866 1403 2928 public
1421 2868 1562 2933 n'estqient
1587 2881 1640 2930 que
1666 2862 1826 2927 visitatione,

1041 2950 1067 2994 et
1092 2945 1199 3007 perolas
1215 2958 1291 2996 assez
1315 2946 1470 3008 generales,
1493 2950 1520 2997 et
1544 2950 1623 2997 estoit
1649 2949 1672 2998 ta
1700 2951 1825 3013 premiere

1041 3023 1206 3074 ambassada
1229 3024 1347 3085 grande.
1371 3027 1433 3087 qu‘il
1455 3029 1505 3084 eui,
1516 3027 1620 3089 sauoye
1646 3027 1748 3079 devera
1770 3028 1825 3078 ledit

1039 3104 1171 3167 seigneur.
1187 3102 1207 3151 il
1223 3105 1294 3153 avoit
1311 3104 1373 3155 bien
1395 3104 1499 3168 envoye
1519 3109 1649 3167 pararant
1675 3120 1714 3157 un
1737 3111 1825 3158 secre-

1041 3182 1126 3241 taire,
1142 3195 1208 3245 pour
1226 3184 1335 3232 trainter
1347 3195 1398 3245 que
1411 3185 1434 3239 le
1446 3184 1500 3234 Duc
1512 3184 1546 3234 de
1557 3184 1650 3245 sdan,
1669 3199 1719 3237 son
1737 3199 1825 3242 neven,

1039 3261 1093 3310 tust
1110 3273 1189 3311 recen
1200 3261 1215 3310 ia
1226 3261 1363 3323 hommage
1375 3261 1408 3312 de
1420 3260 1533 3324 mnae,
1549 3277 1598 3326 par
1616 3251 1783 3327 procureur,
1798 3279 1824 3317 ce

1040 3340 1103 3401 qu’il
1120 3340 1175 3398 int,
1192 3345 1219 3391 et
1236 3347 1328 3392 conire
1345 3341 1452 3393 raiscne
1478 3345 1543 3395 mais
1568 3344 1631 3395 bien
1657 3347 1705 3410 luy
1721 3348 1823 3409 pouroit

1040 3420 1064 3468 lo
1081 3421 1135 3485 ltoy
1153 3421 1217 3470 taire
1229 3426 1300 3471 nette
1311 3434 1391 3485 grece
1401 3435 1454 3485 que
1466 3424 1499 3475 da
1510 3429 1670 3475 commatice
1687 3427 1822 3490 quelqn’un

1039 3498 1053 3546 a
1071 3498 1094 3546 le
1110 3500 1244 3548 receuoir:
1259 3512 1304 3551 car
1317 3501 1362 3563 luy
1374 3503 1462 3552 estant
1474 3515 1506 3554 en
1520 3504 1542 3552 la
1556 3505 1648 3555 tutelle
1660 3505 1695 3556 de
1708 3519 1738 3557 sa
1750 3517 1822 3563 mere,

1036 3577 1064 3636 ie
1083 3577 1135 3640 i’ay
1152 3589 1232 3627 recen
1249 3590 1283 3627 en
1300 3589 1348 3629 son
1365 3578 1492 3630 cbasteau
1509 3580 1542 3631 de
1558 3580 1651 3641 sinn,
1670 3596 1732 3646 moy
1743 3588 1820 3635 estant

1039 3652 1236 3704 Ambassadeur
1248 3654 1281 3704 de
1294 3669 1343 3717 par
1360 3655 1385 3704 le
1402 3655 1445 3706 teu
1461 3656 1517 3720 ltoy
1533 3658 1616 3719 Loacus
1626 3659 1668 3709 Xi.
1681 3661 1715 3711 de
1728 3674 1758 3712 ce
1769 3672 1820 3713 nou

1038 3737 1119 3796 ayant
1144 3733 1168 3782 la
1192 3733 1288 3796 oberge
1312 3746 1439 3796 expresse
1464 3736 1495 3788 de
1519 3749 1551 3787 ce
1574 3738 1658 3789 taire:
1685 3743 1753 3791 mais
1777 3744 1820 3792 tort

1042 3811 1138 3861 Genese
1150 3814 1228 3862 estoit
1240 3811 1302 3862 bors
1320 3814 1353 3863 de
1370 3815 1441 3865 leurs
1454 3813 1557 3875 maius,
1574 3820 1601 3867 et
1619 3818 1643 3868 la
1662 3822 1750 3870 tenoit
1764 3821 1820 3870 lies·

1037 3893 1092 3941 sire
1108 3891 1226 3953 Baptista
1242 3890 1275 3940 de
1291 3889 1536 3955 comparassemus,
1553 3899 1579 3948 et
1597 3896 1762 3949 maintenant
1778 3911 1819 3959 que

1033 3970 1062 4030 je
1079 3969 1137 4029 dis,
1154 3970 1178 4020 te
1195 3970 1321 4032 seigneur
1344 3972 1472 4025 Loudooic
1498 3975 1588 4024 l’avoit
1612 3978 1778 4036 resonares,
1799 3981 1818 4027 el

1036 4051 1124 4100 donna
1148 4048 1278 4101 seucuns
1301 4050 1476 4104 Cbambelans
1500 4053 1535 4103 du
1559 4056 1634 4119 iioy,
1661 4058 1735 4108 buict
1760 4059 1818 4109 milla

1038 4131 1153 4188 Ducats,
1171 4143 1238 4192 pour
1250 4131 1324 4180 avoir
1337 4133 1417 4182 ludite
1428 4133 1586 4185 investiture
1598 4172 1607 4196 ,
1622 4136 1741 4200 lesquels
1753 4138 1817 4190 lirant

1037 4209 1118 4272 grand
1135 4212 1189 4259 tort
1205 4207 1219 4256 s
1237 4209 1294 4259 leur
1310 4213 1438 4263 maistre:
1455 4224 1500 4262 car
1517 4214 1548 4263 ils
1565 4220 1678 4266 eussent
1694 4231 1732 4279 pu
1749 4230 1818 4280 para·

1037 4294 1098 4339 vani
1117 4291 1193 4340 avoir
1208 4288 1305 4341 denae
1321 4303 1388 4351 pour
1413 4291 1437 4341 le
1461 4291 1516 4355 iioy
1541 4291 1595 4343 s'rts
1612 4299 1724 4346 eussent
1741 4296 1816 4347 voute

1036 4372 1062 4419 si
1080 4375 1173 4434 argent
1191 4370 1282 4420 devoit
1299 4371 1414 4439 prendre
1432 4384 1499 4433 pour
1516 4372 1596 4422 iadiie
1615 4375 1817 4435 investitureils

1035 4463 1068 4500 en
1085 4450 1211 4499 dernient
1228 4450 1372 4501 demander
1388 4451 1464 4512 plusa
1482 4463 1527 4501 cer
1552 4454 1576 4502 le
1602 4452 1658 4503 Duc
1683 4453 1774 4506 Galeas
1791 4468 1816 4504 en

1036 4542 1106 4592 paya
1118 4541 1169 4578 une
1182 4529 1231 4578 tois
1242 4542 1275 4579 an
1286 4530 1341 4592 iioy
1357 4530 1445 4589 iosus
1458 4543 1520 4580 mon
1536 4533 1665 4594 maistre,
1683 4538 1816 4599 cinquaula

1035 4610 1105 4658 nuile
1122 4607 1237 4667 Duoais,
1264 4608 1389 4671 desquels
1403 4609 1458 4671 j’en
1475 4621 1523 4660 eus
1545 4615 1632 4662 trente
1656 4615 1728 4666 mille
1745 4615 1816 4666 Escus

1034 4691 1160 4746 content,
1177 4700 1209 4736 en
1227 4688 1295 4743 don,
1313 4687 1389 4738 dudit
1406 4689 1462 4753 iioy
1479 4689 1575 4752 boues,
1589 4690 1604 4740 e
1620 4692 1746 4755 quiDieu
1757 4695 1816 4744 tasse

1034 4767 1158 4829 perdone
1183 4767 1326 4835 touteeiois
1354 4768 1386 4818 ils
1411 4769 1527 4820 discient
1551 4771 1627 4821 avoir
1652 4775 1710 4835 pris
1735 4774 1816 4824 lesdita

1035 4846 1108 4894 buict
1126 4846 1196 4896 mille
1214 4847 1328 4906 licente,
1345 4848 1380 4898 dn
1398 4853 1600 4900 consentement
1617 4851 1653 4900 du
1670 4853 1728 4916 lioy
1741 4873 1749 4911 ς
1763 4852 1815 4904 ledit

1027 4924 1157 4977 ‘Esticnne
1175 4926 1208 4976 de
1226 4926 1297 4987 Vera,
1309 4929 1449 4979 Senescbai
1460 4932 1494 4981 de
1506 4931 1660 4991 neocaes,
1676 4937 1758 4984 estoit
1772 4934 1815 4982 t'un

1011 4998 1012 5001 ’
1034 5006 1066 5054 de
1077 5019 1144 5056 ceux
1156 5007 1202 5070 qui
1213 5019 1245 5057 en
1257 5008 1329 5069 prit,
1344 5014 1370 5060 st
1387 5022 1452 5073 croy
1465 5010 1527 5062 bien
1539 5013 1602 5074 qn’it
1614 5013 1639 5062 ie
1651 5013 1741 5063 iaisort
1756 5024 1815 5075 posr

1034 5088 1122 5136 mieux
1140 5088 1286 5137 entrctenir
1304 5087 1367 5138 ledit
1382 5089 1508 5152 seigneur
1529 5091 1641 5143 Μαρία
1664 5105 1733 5154 pour
1753 5096 1813 5141 cette

1033 5167 1181 5229 entreprise
1200 5167 1232 5216 ορ
1253 5169 1270 5216 ίί
1288 5169 1397 5217 tendoit
1418 5168 1514 5223 Estsns
1531 5170 1546 5220 ί
1561 5171 1636 5243 Rosia
1654 5172 1693 5222 las
1710 5171 1813 5222 Ambae·

1032 5246 1158 5305 sedeam,
1176 5246 1240 5296 dont
1257 5246 1309 5310 j'ay
1326 5248 1400 5309 parte
1423 5261 1456 5298 en
1480 5262 1510 5300 ce
1538 5250 1674 5315 cbapitre,
1692 5256 1718 5301 et
1739 5260 1812 5313 syene

1031 5326 1104 5388 parte
1121 5339 1155 5376 en
1170 5327 1295 5388 general,
1320 5329 1394 5389 paria
1414 5328 1428 5377 ia
1445 5333 1504 5390 part
1521 5343 1585 5380 arec
1611 5332 1636 5381 to
1661 5332 1733 5392 isay,
1755 5327 1812 5378 ledit
