3764 6036
179 261 240 325 tie
654 255 943 325 redimiculis
964 256 1191 337 tiliitiOEdljlt
1211 257 1365 344 oculte

178 406 254 461 emt
273 394 452 472 duditorrs,
484 394 563 479 quud
594 394 717 476 iusignia
748 394 970 478 ipsiu-*penio

179 495 309 577 epposits
353 495 535 572 ostendunt,
577 497 781 579 separavitque
820 498 970 560 ecclesium

179 595 281 657 Sancti
314 596 453 661 lobannis
484 595 709 698 Luternnensis,
742 598 875 660 videlicet
906 612 971 663 ente

187 758 279 768 —

181 831 233 882 ties
249 829 364 882 ldedices
381 833 484 894 peperit
501 830 628 899 (Vioiord
645 832 672 880 is
687 829 733 884 te.
749 831 803 882 lea.
823 829 892 895 titt)
905 829 972 881 Cer·

182 909 326 963 &mistum
336 907 443 961 lubsnui
456 910 518 971 illio,
528 912 650 974 quamvis
666 923 735 974 pene
746 903 839 980 puero,
850 909 973 963 tandem·

182 1001 234 1052 que
251 1001 380 1040 summum
399 988 582 1056 pontilioatum
600 989 627 1041 ln
644 1002 717 1041 suam
735 989 860 1040 inmitium
877 988 973 1049 intulit,

183 1078 237 1131 quo
253 1071 422 1131 posterorum
439 1068 607 1131 principatus
623 1069 742 1120 lirmetus
758 1072 801 1120 est
819 1087 841 1116 o.

224 1148 340 1204 Menelais
357 1159 443 1207 sero,
467 1148 620 1201 testimonio
643 1148 768 1214 Regaeldi
793 1147 857 1199 brec
884 1145 973 1209 adiicit

184 1226 285 1280 verbus

225 1325 237 1349 ι
255 1304 423 1359 innocentius
435 1304 484 1356 boe
499 1309 689 1357 sunonriurse
710 1303 830 1357 debitum
840 1302 974 1362 exsolvit,
999 1323 1000 1326 ¹

183 1396 276 1437 meuse
293 1388 320 1434 et
336 1383 379 1434 dio
395 1384 422 1434 in
437 1384 585 1437 Annalibus
602 1384 744 1436 indicetis..
755 1384 903 1447 l’rlneipem
919 1384 974 1445 egit

183 1466 291 1526 mitem,
305 1463 464 1528 benignum,
477 1464 619 1516 humanum
630 1477 699 1529 quae
711 1466 770 1524 eius
787 1464 903 1515 virtutes
914 1463 975 1514 lau·

181 1544 245 1597 dem
256 1543 326 1606 apud
337 1556 430 1596 omues
442 1542 656 1608 promeruerunt.
670 1544 755 1605 sieut,
764 1543 892 1604 vicissim,
903 1539 975 1607 quod

185 1624 282 1682 mtbos
300 1621 367 1674 ilios
384 1634 447 1674 suos
465 1625 581 1674 ostentui
600 1623 723 1674 bebuerlt
739 1622 917 1684 extuleritqae
933 1620 976 1670 dl·
995 1609 999 1619 ’

184 1701 329 1776 gultatibus
346 1704 373 1753 et
389 1702 506 1763 divitiis,
520 1702 646 1754 insidiam
662 1703 734 1768 opud
747 1712 841 1754 omnes
856 1702 975 1753 incurrit.

184 1780 301 1843 Primum,
310 1785 424 1834 omnium
433 1782 669 1836 tuissel’ontilicem
681 1785 726 1848 qui
738 1783 833 1839 nothus
841 1782 910 1838 ddot
920 1794 975 1833 non

183 1865 273 1916 celare
289 1859 471 1915 tantummodo
486 1863 654 1927 neglexerit,
671 1861 720 1913 sed
735 1865 763 1914 et
784 1862 810 1912 in
827 1863 912 1913 lucem
929 1873 977 1911 sc·

186 1945 291 2007 umque
302 1943 434 1994 collocare
451 1954 504 1993 aon
514 1942 662 2003 erubuerit,
679 1941 775 1994 scribit
785 1941 975 2012 etadetestatur

184 2022 300 2085 liepbael
312 2020 499 2072 Voleterranus
511 2020 581 2084 apud
593 2020 755 2072 lnnslistam
770 2021 814 2071 bic
823 2034 850 2070 u.
859 2024 900 2071 ts.
911 2019 976 2070 Sunt

189 2104 279 2153 tamen
294 2100 338 2164 qui
356 2099 424 2150 bauo
441 2099 601 2151 columniam
617 2112 633 2150 a
648 2100 723 2151 Sixto
734 2100 868 2164 depellant
882 2098 976 2148 delen·

187 2180 281 2231 dentes
297 2179 400 2230 Petrum
414 2178 529 2234 lilerium
543 2178 708 2230 Cerdinelem
719 2179 836 2243 pontilicl
854 2177 915 2229 bute
927 2190 977 2228 us·

188 2260 279 2321 potem
295 2267 329 2308 ex
340 2269 450 2318 sorore,
465 2270 518 2308 non
534 2271 601 2309 voro
611 2257 693 2310 litium
709 2259 827 2322 spurium
844 2257 975 2308 extitisse.

187 2335 240 2386 Sub
253 2334 406 2386 Innocentio
417 2338 518 2399 pariter
529 2335 652 2388 Pontidce
669 2339 743 2392 sulae
760 2339 865 2388 licentis
882 2336 979 2385 latmo·

186 2417 279 2468 darete
296 2422 375 2474 aucta
401 2420 442 2467 est
469 2417 551 2476 adeo,
567 2422 597 2468 ut
624 2418 658 2469 ed
674 2418 807 2480 lestlgiura
832 2416 897 2467 illud
924 2427 977 2478 qne

190 2495 299 2548 tandem
315 2495 366 2546 sub
381 2495 534 2547 Alexandro
545 2495 717 2548 Vl.l²outllloe
734 2497 841 2560 pertigit
856 2495 978 2558 proxime

190 2577 346 2628 accesserit.
363 2574 427 2625 vide
437 2576 559 2638 exemplo
571 2577 641 2639 opud
657 2577 817 2640 Stephanum
830 2572 978 2626 lsdssursm

191 2654 227 2706 ad
241 2655 290 2705 llo.
311 2654 382 2704 title.
396 2653 423 2703 in
439 2653 491 2726 llus
508 2656 578 2704 runt.
594 2655 646 2706 Sed
662 2668 695 2706 eo
719 2656 777 2719 ipso
793 2655 896 2717 puriter
911 2656 979 2703 tem·

188 2746 283 2798 poree
296 2730 479 2783 Cardinrtibus
495 2732 601 2795 qeidsm
614 2733 812 2796 spectabuntur,
822 2734 865 2796 put
876 2743 978 2783 sacram

190 2812 346 2876 dignitatem
360 2812 455 2876 insigni
467 2812 607 2876 probitatis
618 2815 740 2878 exemplo
752 2809 980 2863 commendebant.

190 2893 261 2943 Ante
280 2891 414 2942 biennium
434 2892 505 2942 enim
523 2889 626 2942 obierat
649 2894 752 2944 Marcus
767 2890 869 2945 berbus
885 2889 981 2940 cardi·

191 2972 259 3022 uelis
276 2970 604 3034 &sumministrare
620 2970 785 3035 patriarcis,
801 2981 878 3034 puero
889 2972 980 3022 tentes

180 3049 336 3114 probitatis
353 3051 440 3100 virum
456 3049 537 3099 iesse
554 3053 669 3100 testatm
684 3050 830 3114 Naugerius
847 3050 873 3098 in
897 3050 982 3098 histo·

192 3130 232 3179 ris
244 3128 341 3179 Veneto
354 3127 388 3179 ud
399 3127 467 3201 bunc
479 3140 585 3189 sunum,
596 3132 625 3179 ut
637 3130 764 3192 pecunius
777 3141 845 3192 pene
862 3128 982 3190 indigens

194 3206 302 3258 obierit.

235 3287 277 3338 bd
292 3287 470 3338 innocentium
486 3297 554 3337 voro
577 3291 607 3337 ut
622 3286 818 3351 regrediamur,
843 3282 983 3347 iniquioris

194 3365 269 3418 litum
286 3365 366 3416 enimi
382 3365 409 3414 lu
425 3364 576 3415 Geuuenses
593 3377 656 3417 suos
672 3370 779 3417 rccuset
789 3364 903 3416 'Bizerus
920 3363 981 3413 bist.

196 3444 330 3496 Genusus.
343 3440 388 3496 tib.
406 3445 443 3495 1c.
461 3442 489 3495 ld
506 3455 570 3494 vero
583 3444 652 3495 uads
669 3445 804 3508 receperit
815 3444 929 3506 scriptor
940 3441 983 3493 bic

197 3523 232 3574 sb
248 3525 335 3573 aetate
345 3521 390 3571 illa
402 3525 520 3572 remotus
531 3523 653 3584 ignorare
664 3524 695 3575 se
709 3522 849 3586 prometur
859 3522 983 3572 oldoinus

196 3600 223 3650 in
240 3599 367 3650 addition.
383 3598 418 3648 ad
433 3597 593 3666 ciaconium.
608 3599 702 3651 Verum
718 3600 810 3651 liuere
826 3599 984 3662 suffragatur

200 3679 418 3733 bartholomaeus
441 3679 572 3743 Seuerega
594 3682 638 3744 qui
654 3694 699 3733 res
721 3681 899 3733 Geauemlum
915 3681 984 3731 iliius

200 3762 296 3812 aetstis
308 3762 370 3810 tunc
382 3757 518 3810 seribebrt
528 3760 633 3818 (lterum
647 3758 702 3809 list.
712 3763 777 3810 tom.
787 3757 887 3818 xxiv.)
899 3756 945 3821 qul
957 3761 985 3807 et

196 3839 278 3890 tradit
295 3850 324 3889 se
341 3838 438 3892 ltemue
455 3840 575 3901 egentem
592 3838 700 3900 publica
714 3838 828 3902 quadam
852 3837 887 3887 de
903 3846 983 3887 cause

196 3922 338 3981 expertum
358 3917 514 3981 cognomsse
539 3930 595 3969 rem
615 3916 721 3968 habere.
735 3930 767 3967 ee
784 3929 844 3966 cum
862 3915 985 3967 Poulidce

195 4001 224 4048 ln
239 3995 407 4048 Florentinos
422 3996 528 4059 quidem
538 3997 691 4059 plurimum,
707 4008 803 4060 parem
814 4009 880 4047 vero
896 3997 922 4045 ln
935 3997 985 4046 (ie-

192 4087 313 4127 nueoees
329 4087 474 4139 propense.
927 4096 928 4101 ι

237 4154 350 4217 Scripsit
366 4159 474 4218 praeter
485 4154 613 4217 epistoles
629 4152 664 4204 ad
674 4152 797 4204 disemos
813 4151 920 4216 quasin
935 4164 985 4204 ro·

197 4233 286 4282 iumen
301 4232 426 4283 collectus
443 4233 468 4281 ln
487 4231 681 4285 vindobonensi
698 4230 859 4282 bibliothece
881 4233 985 4283 servari

197 4309 502 4368 Possevinusalllrmat,
523 4311 635 4374 liegulas
659 4311 786 4373 quasdam
810 4321 876 4373 quas
900 4313 927 4360 in
943 4309 986 4360 bi·
1056 4338 1059 4347 ι
1088 4337 1091 4343 ,

197 4387 329 4441 bliolhecs
354 4389 563 4440 coelestinorum
588 4388 811 4441 avenionensium
835 4389 934 4440 vidisse
955 4400 985 4440 se

198 4466 348 4518 Ludovicus
363 4466 477 4518 lacubus
494 4481 509 4516 a
525 4467 549 4517 S·
564 4466 658 4518 Cerolo
675 4469 701 4517 in
718 4466 877 4518 bibliothece
897 4466 987 4516 Ponti·

136 4588 140 4598 ,
197 4546 256 4597 licie
272 4549 394 4596 testetur.
406 4546 559 4597 innocentio
575 4558 716 4597 successor
727 4545 805 4597 datus
816 4548 858 4597 est
869 4545 986 4595 Alexan·

198 4625 247 4676 der
258 4623 288 4674 lli
301 4644 323 4670 ι.
339 4625 429 4675 blansi
477 4683 479 4689 y
547 4656 549 4660 ,
683 4675 689 4683 ,

240 4701 357 4754 Tandem
374 4702 408 4753 de
424 4702 548 4753 memorie
565 4699 736 4754 iul’onttdcis
753 4705 922 4753 monumento
943 4701 985 4751 in·

198 4784 310 4846 scripta,
326 4781 392 4832 bace
408 4779 512 4831 vianne.

224 4880 253 4928 7ι
286 4859 484 4910 L'lnsorizione
511 4859 659 4921 sepulcrale
683 4858 725 4907 del
750 4857 878 4909 Poetelius
904 4855 984 4906 inuo-

199 4952 282 4993 oenzo
300 4937 364 4988 vili
381 4939 457 4988 siene
474 4939 603 5000 ripertsts
618 4937 662 4988 del
678 4936 808 4988 Cieceone
823 4935 892 4987 Vites
908 4936 930 4986 et
941 4933 985 4984 lter

197 5018 454 5081 ermeneumata
477 5015 650 5066 Romanorum
665 5019 711 5067 etc.
728 5019 790 5066 tom.
811 5016 850 5066 ill.
875 5027 898 5062 c.
924 5015 986 5073 100,

196 5098 257 5148 dull·
268 5098 372 5150 oldoini
386 5097 541 5149 diluerunt
555 5097 697 5148 Remorum
712 5098 756 5146 etc.
773 5107 800 5157 p.
817 5096 871 5147 389.
882 5093 925 5143 dri
936 5094 987 5144 Bo·

197 5180 275 5227 neoni
291 5176 456 5228 Numismulo
470 5176 636 5229 &rumorum
650 5174 800 5236 Pontificum
822 5172 918 5235 Templi
937 5172 986 5222 Vo-

198 5254 278 5306 tiruei
294 5255 430 5307 fabricem
445 5254 584 5308 bebonis
599 5257 645 5305 or.
661 5266 687 5316 p.
702 5255 741 5304 sti.
758 5254 801 5305 del
822 5253 914 5304 Venuli
930 5253 987 5304 Nu·

200 5333 319 5386 memora
337 5334 508 5386 Romanorum
527 5336 677 5398 Pontificum
694 5337 741 5387 etc.
761 5346 789 5397 p.
804 5334 844 5387 ti·
861 5335 907 5385 elo.
917 5348 927 5392 ,·
945 5345 986 5383 mn

1716 262 1822 348 (teu)

1039 397 1294 466 circumroserit
1306 409 1398 462 totum
1414 407 1522 465 edum
1536 396 1584 483 (i)
1598 407 1627 464 et
1642 397 1683 463 ibt
1699 419 1824 483 preop-

1039 501 1115 562 rseit
1127 499 1197 560 dues
1209 519 1325 580 grossos
1339 501 1489 562 columnas
1505 517 1573 561 eum
1588 500 1731 581 lupidibns
1742 518 1821 562 mor·

1040 600 1146 661 moreio
1165 619 1220 680 pro
1239 599 1520 673 iaciendoibiercu,
1539 599 1607 678 qui,
1622 611 1719 662 morte
1741 619 1825 682 prae·

1042 712 1153 774 ventus,
1174 718 1231 762 nou
1251 699 1310 762 iult
1325 691 1481 781 perlectus.
1493 699 1642 761 Praebuit
1662 701 1753 762 etiam
1772 719 1825 762 eu·

1008 822 1009 856 2
1039 801 1137 865 silium
1160 804 1189 864 iu
1203 801 1417 865 eonuructione
1432 783 1568 865 ecciesiae
1579 802 1705 864 Sancm
1719 801 1826 874 blariee

1040 902 1072 964 in
1095 903 1140 964 ria
1155 901 1238 977 buta,
1259 913 1401 983 utsupra
1423 903 1488 963 dixi.
1508 902 1548 965 tir
1567 904 1745 984 plerumque
1770 903 1826 964 ibet

1039 1003 1194 1084 spolicium
1212 1004 1248 1064 ad
1263 1003 1367 1066 villum
1388 1001 1561 1066 blsnliansm
1582 1013 1611 1066 el
1633 1005 1763 1064 multum
1781 1003 1825 1063 di·

981 1095 987 1107 ’
1040 1103 1110 1165 lesit
1130 1103 1203 1167 lilios
1220 1116 1249 1166 et
1270 1101 1343 1166 filius
1362 1103 1446 1183 ejus,
1469 1105 1540 1170 adeo
1572 1116 1605 1166 ut
1625 1104 1825 1179 dubitaretur,

1041 1221 1077 1268 ne
1093 1202 1158 1284 ejus
1188 1205 1357 1271 themtrrum
1390 1225 1446 1288 pro
1472 1205 1539 1270 titiis
1570 1218 1600 1270 et
1632 1205 1747 1268 lliiabus
1775 1205 1825 1268 dr·

1042 1303 1117 1367 derit
1137 1304 1196 1390 (l).
1509 1376 1511 1379 .

1076 1405 1192 1469 ‘'lindem
1214 1407 1259 1469 die
1277 1405 1328 1468 eu.
1349 1398 1488 1487 sugusii,
1505 1406 1640 1487 apparuit
1661 1407 1781 1487 signum
1802 1406 1830 1467 in

1043 1508 1123 1569 coelo
1143 1518 1209 1570 ante
1231 1507 1334 1570 horum
1354 1510 1517 1570 tenderem.
1538 1505 1611 1570 Num
1633 1508 1690 1573 visi
1711 1508 1827 1571 luerunt

1044 1607 1073 1668 in
1085 1609 1175 1669 -cuelo
1190 1609 1219 1669 in
1231 1605 1353 1670 Oriente
1369 1619 1428 1671 tres
1440 1607 1522 1670 Soles
1538 1611 1626 1691 nurpli
1640 1621 1670 1671 st
1681 1607 1830 1670 clarissimi

1043 1719 1071 1769 et
1091 1707 1163 1771 bene
1182 1709 1346 1788 fulgentes,
1366 1719 1395 1772 et
1417 1710 1473 1771 risi
1493 1711 1613 1774 inerant
1634 1728 1652 1771 a
1674 1712 1777 1772 multis
1803 1723 1827 1773 et

1043 1810 1186 1884 diversis,
1204 1810 1255 1890 qui
1278 1811 1392 1872 iverant
1413 1809 1451 1871 'ud
1476 1809 1642 1891 ridendum.
1664 1809 1707 1871 Et
1727 1809 1829 1871 Cardi-

1044 1894 1121 1972 oales
1148 1910 1287 1972 intrentes
1315 1910 1342 1971 in
1372 1910 1511 1983 conclaue
1531 1922 1674 1974 steterunt
1696 1913 1726 1971 ln
1747 1908 1830 1972 ecelis

1045 2009 1144 2071 Sancti
1169 2008 1257 2071 Petri.
1280 2008 1320 2071 lit
1345 2009 1401 2071 lior
1422 2011 1578 2071 efflrmevit
1598 2013 1747 2071 Antonius
1771 2011 1831 2091 epi·

1044 2129 1149 2192 scopus
1174 2110 1343 2190 Agriensls,
1364 2123 1393 2173 et
1418 2112 1567 2172 blasianus
1595 2111 1762 2173 liueearlus
1780 2156 1789 2186 ,
1808 2125 1830 2175 et

1045 2212 1128 2272 inulti
1154 2211 1229 2286 ulii,
1256 2210 1308 2291 qui
1330 2210 1386 2272 boc
1417 2211 1573 2287 viderunt,
1595 2224 1624 2277 et
1644 2224 1830 2276 asseruerunt

1046 2313 1147 2374 vidisse
1168 2303 1223 2374 hoc
1241 2322 1271 2373 et
1290 2309 1428 2374 Dominus
1448 2312 1639 2388 cardinales,
1659 2317 1713 2393 qui
1735 2333 1831 2376 essert-

1045 2412 1149 2474 debent
1168 2400 1274 2474 dietam
1295 2411 1456 2488 ecclesium,
1472 2413 1551 2492 quod
1564 2415 1681 2493 signum
1697 2417 1727 2475 in
1758 2417 1831 2477 coeio

1046 2515 1201 2598 marimum
1222 2521 1274 2574 est.
1289 2511 1329 2573 Et
1347 2513 1456 2574 utinum
1479 2518 1536 2576 non
1557 2515 1593 2574 sit
1614 2518 1829 2595 prognosticum

1046 2611 1172 2691 aiicujus
1190 2614 1287 2693 magni
1306 2613 1373 2675 muli
1393 2613 1504 2675 iuturii
1518 2615 1588 2676 lietu
1605 2627 1690 2678 nocte
1707 2615 1829 2694 sequenti

1048 2726 1199 2796 postquem
1219 2713 1386 2776 cardinales
1408 2716 1590 2778 intraverunt
1608 2716 1768 2789 cunctare,
1785 2715 1828 2775 du·

1048 2816 1157 2892 meslici
1188 2814 1349 2878 Cardinelis
1381 2814 1482 2876 Snncti
1510 2815 1590 2877 Petri
1623 2814 1662 2874 ed
1695 2815 1827 2888 Vincula,

1049 2916 1208 2980 camerarii
1220 2960 1234 2993 ,Ἴ
1252 2926 1281 2977 et
1306 2915 1446 2977 Sentiieri
1471 2915 1721 2991 affirmaverunt,
1741 2915 1827 2976 iidise

1051 3206 1083 3257 da
1100 3208 1162 3257 tutti
1177 3204 1192 3256 e
1207 3209 1276 3256 etsta
1294 3206 1398 3269 copiutu
1409 3219 1466 3266 ¹con
1490 3219 1555 3271 poce
1577 3211 1723 3258 ssstterza.
1746 3206 1821 3259 ilcila

1051 3287 1137 3337 diemo
1153 3298 1229 3337 come
1245 3288 1267 3337 si
1280 3290 1361 3336 troia
1380 3306 1401 3332 ο.

1382 3434 1507 3488 non.
1604 3404 1606 3409 ’

1146 3600 1316 3645 ussocssrro
1334 3609 1340 3622 ·
1357 3602 1411 3644 vrrs
1427 3606 1432 3618 ·
1451 3601 1523 3643 eruo
1539 3607 1545 3620 ·
1564 3601 1645 3644 rosr.
1662 3609 1669 3622 ·
1686 3601 1751 3643 arx.
1772 3605 1774 3609 ¹

1153 3697 1305 3737 irruere·
1322 3695 1401 3737 ricrs
1418 3704 1424 3717 ·
1441 3694 1613 3738 retrardo·
1631 3698 1748 3740 remens

1093 3788 1186 3832 sorr·
1206 3789 1290 3830 ossrs
1307 3796 1313 3810 ·
1332 3791 1384 3831 suo
1400 3795 1406 3810 ·
1424 3790 1498 3831 esre
1514 3797 1520 3810 ·
1539 3791 1658 3834 rsrrsrr
1675 3801 1681 3812 ·
1699 3793 1793 3835 creari

1055 3889 1120 3929 neor
1135 3886 1347 3929 sismusinum
1361 3895 1366 3905 ·
1378 3887 1527 3933 currourct
1545 3895 1551 3909 ·
1567 3890 1678 3932 sonans
1688 3915 1695 3932 .
1707 3886 1823 3931 rarosrro

1127 3984 1225 4027 crocis
1242 3990 1247 4002 ·
1265 3983 1462 4025 sacrosrsres
1478 3989 1484 4003 ·
1501 3984 1629 4027 reessro
1646 3995 1652 4006 ·
1669 3987 1767 4029 rtrum

1126 4079 1235 4124 esseae
1253 4087 1259 4100 ·
1277 4083 1353 4132 oues
1368 4088 1374 4102 ·
1391 4081 1501 4128 csetsm
1519 4088 1525 4102 ·
1543 4083 1666 4127 nsusrr·
1686 4084 1769 4127 ueros

1055 4181 1082 4221 a.
1099 4179 1240 4220 nsrszsrs
1256 4186 1262 4200 ·
1279 4178 1432 4219 rursusne
1448 4184 1455 4197 ·
1472 4178 1603 4220 τιιιιιιιο
1620 4188 1626 4199 ·
1643 4177 1721 4221 noso
1736 4187 1743 4198 ·
1759 4177 1825 4220 arssr

1303 4274 1451 4316 insenos
1469 4280 1475 4293 ·
1492 4276 1594 4318 ursioni

1159 4370 1355 4412 uonnaesrurr
1372 4377 1377 4388 ·
1397 4372 1436 4412 s·
1454 4371 1567 4414 verens
1584 4379 1590 4391 ·
1610 4376 1736 4418 sessuros

1311 4463 1367 4507 uve
1388 4472 1393 4484 ·
1411 4466 1595 4510 rsessssrosr

1218 4561 1372 4602 sunericus
1390 4567 1397 4582 ·
1412 4561 1485 4603 cuso
1502 4569 1509 4582 ·
1527 4560 1692 4606 ιιιιιειιιιι

1307 4654 1594 4701 senseresensere
1645 4656 1648 4661 ’

1071 4752 1238 4794 renuerim
1261 4750 1337 4793 ·oux
1357 4758 1363 4771 ·
1380 4753 1507 4796 uinculo
1523 4760 1529 4772 ·
1548 4727 1732 4797 curaturus·
1752 4754 1782 4795 er
1797 4750 1827 4792 ·c

1110 4893 1113 4900 ¹
1377 4847 1525 4893 enosreos

1055 4947 1211 4990 ensurius·
1226 4943 1403 4997 rususrrnso.
1422 4954 1428 4968 ·
1448 4947 1567 4990 resurr·
1585 4948 1710 4994 sueno.
1728 4944 1829 4995 unexit·

1097 5095 1134 5152 <li
1150 5091 1208 5141 Vide
1222 5090 1345 5140 nesebin
1358 5102 1419 5154 pop.
1428 5091 1486 5142 lli.

1097 5173 1132 5234 tlt
1149 5169 1185 5220 [ie
1202 5170 1282 5218 nimio
1299 5169 1325 5217 in
1341 5167 1408 5218 lilios
1421 5182 1525 5227 amore,
1539 5172 1565 5220 et
1577 5168 1610 5220 de
1632 5170 1763 5223 thessaris
1779 5168 1829 5231 ipsis

1057 5250 1163 5301 donetis
1179 5263 1231 5300 nea
1248 5247 1345 5310 iniuria
1361 5247 1480 5298 Pontifex
1498 5248 1547 5299 luit
1564 5256 1707 5304 accusatus
1722 5255 1750 5304 ut
1762 5263 1791 5301 er
1802 5251 1830 5295 it·

1058 5329 1189 5382 elimoniis
1207 5342 1221 5379 e
1238 5328 1373 5392 Rayuuldo
1391 5329 1476 5380 allatis
1489 5330 1630 5382 evincitur.
