3758 6030
45 225 159 312 (asoa)

41 361 81 424 de
100 361 217 445 Spiritu
244 360 363 437 Sancto,
384 361 463 444 Papa
495 364 537 426 sle
568 368 703 440 enimse,
720 371 753 428 et
773 374 837 446 post

43 464 206 525 orationem
227 462 263 526 de
283 462 395 545 Spiritu
419 463 530 526 Sancto
550 483 691 526 cumane
713 468 835 528 conciu-

42 560 124 623 sione
139 562 248 625 dictant
267 608 277 638 ,
297 565 374 625 fecta
393 565 665 646 commemoratione
678 567 713 629 de
727 566 836 630 Sancto

42 661 145 724 Marco
165 652 221 725 sub
240 681 292 724 sua
311 664 498 726 conclusione
517 666 553 725 ad
570 665 723 728 secundam
739 667 835 727 albam

46 763 197 840 usquead
219 764 297 824 illius
319 782 435 825 versum
455 765 484 826 V
484 766 536 827 eni
548 765 664 828 Sancte
675 766 833 848 Spiritus,

41 860 122 942 Papa
144 864 222 924 venit
235 863 271 922 ad
288 863 505 938 faldistorium
527 875 593 927 ante
614 863 700 943 eujus
721 867 834 929 adven-

43 974 107 1024 tum
130 963 276 1023 Diaconus
297 965 407 1043 accepit
427 964 654 1028 benedictionem
674 967 711 1026 ab
728 986 763 1028 eo
777 986 833 1048 pro

41 1062 205 1142 Evangelio
220 1061 355 1136 dicendo,
376 1082 411 1124 ne
432 1073 530 1144 postea
553 1065 672 1127 nimium
696 1067 831 1147 temporis

40 1161 266 1242 dispensaretur.
291 1161 466 1225 cardinales
480 1165 633 1246 Episcopi,
654 1178 683 1228 et
702 1165 833 1246 Presby-

39 1263 95 1323 teri
118 1272 260 1323 meierum
280 1279 296 1321 tt
318 1261 429 1323 dextris
462 1264 580 1345 Papaa',
611 1278 638 1329 et
670 1266 831 1329 [liaconis

39 1362 175 1437 sinistris,
193 1372 223 1424 et
246 1374 386 1424 venerunt
408 1380 506 1426 omnes
528 1365 564 1426 ad
585 1369 727 1429 osculum.
743 1368 831 1429 Prior

39 1462 285 1543 Presbyterorum
322 1461 453 1526 assistens
490 1468 573 1528 stetit
610 1468 639 1528 in
678 1470 744 1531 loco
777 1488 832 1533 suo

38 1574 106 1643 post
125 1563 264 1624 ultimum
297 1562 465 1644 episcopum
487 1565 683 1631 cardinalem.
705 1568 830 1650 Propter

38 1665 203 1744 angustiam
222 1663 278 1725 loci
302 1663 412 1724 fuimus
431 1665 459 1724 iu
477 1665 567 1732 cboro
583 1670 653 1726 satis
674 1670 830 1748 compressi

38 1776 160 1844 propter
192 1765 441 1826 cubiculariorum
482 1767 726 1845 multitudinum
762 1789 830 1831 cum

37 1864 186 1928 diceretur
216 1866 424 1940 offertorium,
449 1877 479 1927 et
517 1869 667 1929 celebrans
696 1881 769 1932 esset
800 1874 829 1932 iu

37 1967 149 2039 altare,
169 1964 308 2044 Religiosi
323 1977 480 2045 coeperunt
494 1971 745 2047 processionaliter
768 1972 831 2031 cir·

38 2062 123 2124 euire
153 2065 246 2124 altare
278 2082 360 2126 more
386 2065 489 2139 solito,
524 2085 652 2145 quorum
684 2071 830 2150 processio

36 2160 119 2224 finita
139 2161 196 2223 fuit
217 2182 284 2224 cunr
311 2162 406 2234 lillssa.
422 2164 596 2241 Celebrans,
618 2167 754 2248 depositis
774 2188 829 2249 pa·

37 2264 189 2337 ramentis,
210 2273 327 2344 accepta
352 2282 453 2345 cappe,
474 2266 549 2327 sedit
564 2267 639 2328 inter
659 2268 732 2330 alios
753 2269 831 2332 Car-

37 2362 168 2425 dinales:
196 2364 315 2425 interim
343 2364 380 2425 it.
403 2366 436 2425 P.
459 2366 498 2425 D.
522 2366 744 2430 bartholomeus
764 2371 828 2450 epi·

36 2482 143 2543 scopus
162 2462 301 2533 Sutrinus
322 2476 350 2527 et
372 2464 539 2546 Nepesinus,
559 2468 682 2548 acceptis
702 2469 829 2548 pluviale

36 2564 132 2628 rubeo
159 2565 308 2645 precioso,
336 2576 364 2627 et
392 2568 480 2628 mitra
506 2568 655 2648 simplici,
684 2571 765 2631 venit
790 2571 827 2631 ad

36 2663 230 2738 Pontificem,
259 2684 359 2726 corum
381 2686 440 2745 quo
462 2667 649 2747 genuflexus,
678 2670 827 2732 osculatus

36 2776 80 2826 est
100 2762 164 2840 ejus
184 2783 260 2844 genu
283 2765 455 2840 dexterum,
479 2778 549 2828 tunc
571 2771 652 2849 petiit
671 2770 708 2829 ab
729 2790 763 2832 eo
785 2772 825 2831 in·

37 2864 217 2947 dulgentias,
238 2878 266 2928 et
287 2867 418 2929 Pontifex
452 2872 592 2930 concessit
624 2873 769 2951 plenarias
798 2872 826 2933 in

35 2968 153 3047 signum
174 2968 300 3028 laetitiae
319 2970 389 3028 tanti
412 2969 535 3031 foederis
545 2991 557 3043 3
579 2969 680 3031 deinde
701 2972 828 3033 ascendit

38 3068 114 3129 idem
137 3068 289 3148 episcopus
314 3068 422 3146 absque
455 3068 657 3130 benedictionis
690 3071 825 3148 petitione

36 3169 184 3248 pulpitum
202 3165 286 3243 juxta
308 3187 402 3229 cornu
417 3168 565 3248 Epistolae
583 3170 686 3231 altaris
707 3171 737 3230 in
759 3173 825 3234 loco

40 3271 90 3330 ubi
116 3271 311 3333 faldistorium
338 3270 509 3332 celebrantis
530 3283 648 3334 steterat
667 3285 826 3352 paratum,

37 3383 68 3433 et
86 3371 192 3435 ibidem
213 3372 281 3434 feeit
301 3373 462 3434 orationem
489 3374 560 3433 satis
584 3373 746 3453 simplicem
772 3392 824 3453 per

37 3491 127 3551 quarn
153 3472 332 3554 pubblicavit
352 3472 477 3546 foedus,
498 3483 527 3534 et
548 3473 826 3536 confoederationem

42 3571 119 3634 inter
140 3571 172 3633 S.
192 3572 229 3634 Ι).
252 3570 286 3632 Ν.
319 3583 347 3633 at
378 3572 423 3633 iti.
454 3572 636 3634 Venetorum
665 3572 775 3635 Ducem
797 3585 827 3635 et

40 3670 287 3752 Revnpubiicam,
314 3690 349 3733 ac
381 3673 426 3733 iti.
449 3670 689 3735 Mediolanensem
708 3685 737 3736 et
757 3673 827 3735 bari

36 3774 151 3836 Ducem
168 3775 281 3836 initam:
297 3773 444 3836 excusavit
460 3792 490 3834 sa
507 3772 541 3833 de
555 3773 696 3836 brevitate
713 3775 826 3836 oratio·

38 3877 81 3936 nis
97 3878 165 3954 qum
178 3875 271 3956 pridie
292 3874 320 3934 id
339 3874 393 3934 sibi
415 3874 530 3934 minime
551 3873 735 3933 commissum
750 3873 826 3934 fuis

35 3989 100 4055 set;
122 3987 152 4061 et
175 3979 245 4059 legit
261 3978 386 4057 capitula
414 3973 503 4054 liujus
523 3976 647 4038 foederis
660 3974 715 4058 (i).
731 3975 826 4036 Finita

36 4152 184 4171 ψ--ι

72 4250 111 4311 (1)
126 4247 163 4299 De
188 4246 296 4298 foedere
318 4247 389 4297 inter
414 4243 583 4304 Pontificem,
599 4242 713 4295 Venetos
730 4248 757 4295 et
772 4244 828 4295 itu-

37 4342 97 4382 aem
114 4328 335 4380 Mediolanensem
346 4325 493 4389 stephanus
503 4324 636 4376 infessura
648 4323 742 4374 scribit
755 4344 765 4367 ι
779 4323 824 4374 iiie

36 4411 75 4460 25.
103 4408 194 4471 aprilis
220 4407 286 4468 Papa
307 4405 459 4458 Alexander
482 4406 555 4455 venit
581 4403 614 4455 ad
641 4404 779 4454 ecclesiam
800 4404 824 4453 S.

35 4487 138 4546 Marci,
154 4498 234 4537 causa
251 4485 288 4534 ibi
311 4484 464 4536 celebrandi
480 4484 586 4536 Missam
603 4487 630 4533 et
644 4482 777 4542 Litanias,
797 4485 824 4534 et

36 4567 113 4617 venit
128 4578 188 4616 cum
204 4564 295 4616 multis
311 4564 444 4627 equitibus
461 4564 571 4614 miiitum
588 4566 749 4613 armatorum
767 4562 825 4612 ian·

34 4645 92 4696 ceis
109 4647 136 4694 at
153 4644 305 4703 eboraceis,
317 4646 345 4693 at
361 4642 469 4706 clypeis
488 4641 520 4692 Et
535 4645 596 4704 post
612 4641 717 4692 Missam
735 4639 824 4703 pubii-

35 4723 108 4773 carit
132 4721 170 4772 ibi
194 4723 271 4783 ligem
289 4723 316 4770 at
332 4720 573 4771 confederationem
590 4733 649 4771 cum
670 4719 777 4771 Venetis
797 4723 824 4769 at

37 4800 109 4851 Duce
125 4799 281 4859 Mediolani,
297 4800 324 4848 et
340 4796 475 4847 Communi
491 4798 616 4857 Senensi,
630 4799 778 4867 Mantuanis
795 4801 822 4848 et

35 4879 256 4931 ferrariensibus.
273 4877 305 4928 itt
322 4878 414 4927 statuit
431 4881 495 4927 tune
509 4877 576 4940 Papa
593 4876 626 4928 ob
643 4877 764 4940 gaudium
777 4889 823 4927 so·

35 4960 94 5010 uari
112 4959 139 5008 in
155 4971 217 5009 saro
241 4968 384 5019 campanas
407 4955 526 5018 Capitolii
551 4959 578 5007 et
602 4956 712 5006 aliarum
733 4957 823 5008 eccie-

37 5040 146 5090 siarum.
162 5038 203 5088 Ad
218 5049 296 5100 quem
314 5036 391 5087 duem
409 5036 458 5085 troc
482 5035 576 5085 iecerit
599 5037 717 5085 nescitur
738 5049 822 5086 nunes

36 5118 173 5168 dubitatur
194 5120 283 5167 tamen
306 5116 339 5167 de
361 5116 449 5165 tuturo
474 5114 561 5174 batto,
577 5114 663 5177 primo
685 5127 735 5176 per
751 5113 823 5166 istud

35 5198 153 5262 signum,
165 5195 282 5247 secundo
292 5208 327 5246 ex
344 5196 452 5258 copula
469 5194 569 5257 aptarit
585 5196 612 5243 at
629 5192 823 5257 quodammodo

35 5275 70 5328 tte
85 5288 158 5327 novo
175 5275 239 5327 iacit
255 5287 345 5326 muros
362 5272 437 5325 Urbis
455 5273 480 5323 in
496 5272 593 5336 petatio
609 5272 633 5322 s.
651 5272 718 5326 Petri
739 5285 821 5336 usqae

525 221 811 292 rondinicaitis
833 223 1060 290 muntenni
1080 227 1207 294 anxit.

1627 238 1690 304 stt

904 365 1045 438 oratione,
1065 364 1149 429 ΒΛ).
1165 365 1199 428 n.
1220 377 1297 428 stans
1312 367 1341 428 iu
1356 369 1422 432 eade
1435 388 1489 432 sua
1508 370 1568 434 siue
1589 374 1688 450 mitra,

902 462 1008 544 incepit
1031 466 1073 527 Te
1093 466 1193 530 Deam
1222 469 1388 530 tundamus
1415 481 1471 531 etc.
1499 482 1529 533 et
1557 483 1690 536 cantores

902 564 973 626 illud
996 577 1063 626 eunt
1083 569 1255 648 prosequuti
1276 587 1367 647 usque
1388 569 1418 630 in
1439 568 1526 646 linem
1546 582 1603 634 etc.

900 777 935 828 ad
950 783 1067 830 castrum
1077 780 1101 829 S.
1113 781 1221 844 Angeii,
1234 779 1404 832 fortificando
1422 794 1468 832 eos
1485 794 1544 833 cum
1560 783 1692 845 turribus,

899 861 979 918 prout
995 858 1103 909 videtur
1121 879 1144 907 ι.

941 937 1002 997 sad,
1017 939 1086 988 inter
1102 938 1267 997 ceteros,'de
1284 938 1401 990 foederis
1416 941 1503 990 causis
1521 939 1586 990 satis
1604 943 1630 990 et
1646 952 1692 988 ac-

900 1019 991 1066 curate
1018 1016 1134 1079 loquitur
1151 1028 1239 1066 rerum
1256 1017 1413 1069 Venetorum
1434 1017 1586 1080 descriptor
1601 1017 1691 1068 Abbas

898 1091 1018 1156 Longior.
1034 1093 1104 1144 ilaec
1122 1095 1165 1145 iiie

932 1191 942 1213 ·
956 1172 1118 1223 alessandro
1127 1171 1165 1222 vi.
1182 1185 1264 1223 avesa
1276 1176 1356 1224 santo
1368 1173 1407 1238 gii
1418 1173 1530 1237 quaicne
1541 1174 1689 1237 diepiacere

898 1248 932 1298 da
951 1249 1122 1301 ferdinando.
1147 1251 1293 1302 Pracceseo
1316 1251 1397 1311 Cibo,
1419 1252 1546 1302 bastardo
1571 1252 1692 1302 d'tnno·

898 1329 990 1381 eeuzio
1005 1327 1067 1377 viii.
1085 1341 1170 1380 evera
1193 1332 1312 1381 ottenuto
1329 1330 1362 1380 da
1378 1341 1427 1380 suo
1444 1330 1528 1394 padre
1545 1331 1619 1380 motti
1635 1328 1688 1379 Ca·

899 1407 968 1457 stalli
986 1408 1012 1456 iu
1028 1409 1166 1459 vicinansa
1186 1409 1212 1458 di
1237 1410 1332 1469 Roma,
1348 1423 1363 1460 e
1380 1410 1402 1459 st
1413 1423 1460 1460 era
1476 1411 1594 1471 ritirato,
1618 1409 1689 1472 dopo

897 1482 923 1534 la
940 1489 1025 1536 morta
1041 1485 1067 1535 di
1080 1487 1126 1546 tui,
1138 1499 1231 1549 presso
1248 1487 1335 1537 i’ietro
1351 1487 1500 1548 da'Medici,
1511 1488 1537 1538 di
1548 1489 1590 1538 cui
1602 1499 1688 1539 avers

898 1567 1005 1625 sposata
1022 1564 1047 1613 la
1062 1567 1168 1615 sorella.
1184 1565 1293 1626 Medici,
1311 1566 1497 1617 inticramente
1515 1567 1631 1630 regoiato
1653 1566 1688 1617 da

898 1640 1078 1702 ferdinando,
1094 1643 1111 1691 l'
1122 1657 1206 1694 avesa
1222 1645 1288 1694 tatto
1304 1645 1435 1696 risolvera
1452 1659 1467 1696 a
1487 1645 1604 1695 vendere
1626 1657 1689 1708 que·

898 1721 931 1770 sti
947 1720 1053 1772 castelli
1066 1736 1080 1771 a
1092 1722 1206 1785 virginio
1218 1725 1322 1783 Orsini,
1333 1737 1414 1774 senza
1432 1725 1456 1782 ia
1473 1727 1688 1788 partecipaaionc

896 1799 938 1850 dei
964 1802 1042 1865 Papa.
1065 1803 1164 1863 Questa
1189 1803 1368 1867 disposicione
1395 1805 1551 1868 displacquo
1574 1805 1599 1854 al
1619 1805 1688 1867 Papa

897 1892 945 1942 ρετ
969 1881 1023 1932 due
1048 1883 1164 1945 regioni:
1190 1884 1215 1934 ia
1239 1887 1342 1947 prima,
1359 1897 1408 1947 per
1424 1886 1442 1933 ii
1470 1897 1536 1947 poco
1563 1883 1688 1948 riguardo

898 1961 1018 2019 tantast,
1035 1962 1214 2020 vendendosi,
1230 1975 1310 2017 senza
1328 1964 1422 2026 previa
1439 1964 1547 2024 arviso,
1559 1963 1630 2014 feudi
1647 1963 1690 2012 di·

896 2041 1022 2103 pendenti
1038 2039 1107 2090 datia
1123 2041 1201 2091 Senta
1217 2042 1303 2092 sade:
1321 2041 1346 2091 la
1368 2041 1501 2101 secanda,
1517 2041 1616 2104 perche
1632 2039 1687 2089 Vir·

896 2118 967 2182 ginio
994 2119 1080 2169 Orsini
1093 2155 1102 2179 ,
1117 2121 1231 2171 essendo
1248 2126 1358 2182 parente
1375 2120 1409 2169 ad
1429 2120 1521 2169 intimo
1547 2120 1631 2169 amico
1658 2118 1685 2169 di

896 2196 1077 2257 ferdinando,
1094 2198 1128 2261 gii
1146 2211 1244 2261 pareva
1261 2197 1409 2260 paricotoso
1426 2198 1443 2248 it
1461 2199 1574 2248 iasciare
1595 2199 1686 2260 acqui·

896 2278 952 2325 star
968 2280 1060 2339 potere
1073 2277 1106 2326 ad
1119 2291 1153 2327 un
1167 2277 1282 2328 vassalio
1299 2281 1371 2327 tanto
1388 2276 1448 2340 ligio
1465 2276 1491 2326 di
1507 2289 1543 2328 uu
1558 2275 1687 2339 Principe,

896 2351 922 2402 di
939 2355 982 2403 cui
1000 2357 1024 2403 ta
1040 2353 1165 2405 condotta
1181 2355 1216 2405 ed
1232 2356 1249 2404 ii
1266 2358 1398 2406 carattere
1419 2355 1544 2404 facerano
1567 2356 1689 2421 ragione·

895 2435 1045 2494 volmente,
1062 2436 1111 2484 ebe
1127 2435 1149 2485 si
1167 2434 1282 2497 durasse
1299 2436 1459 2486 moltissimo
1476 2434 1603 2485 diffidere.

934 2513 1067 2563 Lodovico
1090 2514 1181 2564 sforza
1204 2513 1311 2576 protittd
1327 2513 1538 2565 deii’oooastone
1559 2527 1608 2577 per
1626 2513 1688 2564 tna·

895 2595 982 2656 sprire
1000 2595 1016 2643 ii
1032 2593 1102 2657 Papa
1119 2597 1214 2644 contro
1231 2592 1402 2645 ferdinando.
1418 2593 1532 2658 Bsagarb
1550 2595 1575 2645 ie
1596 2606 1689 2645 consa·

895 2683 995 2734 gucnza
1012 2671 1037 2721 di
1055 2675 1150 2735 questo
1167 2674 1315 2730 attentato,
1331 2684 1345 2723 e
1361 2672 1396 2736 gii
1413 2671 1471 2723 fece
1495 2684 1640 2724 conoscere
1661 2673 1687 2740 ta

895 2750 1024 2801 necessita
1041 2751 1066 2800 di
1083 2750 1198 2800 formare
1215 2764 1266 2800 una
1283 2761 1370 2800 nuova
1388 2752 1444 2814 lega
1468 2763 1517 2814 ρετ
1541 2752 1649 2815 apporta
1672 2766 1688 2802 a

893 2831 980 2891 puelia
996 2829 1037 2878 det
1055 2830 1091 2879 ite
1107 2829 1133 2879 di
1150 2828 1261 2892 Nepoti,
1283 2842 1298 2879 ε
1322 2829 1530 2885 ἀεἘτοτερτίρί.
1550 2830 1568 2879 li
1593 2831 1689 2881 Cardi-

894 2910 953 2957 unie
969 2909 1082 2957 Ascanio
1101 2920 1149 2956 suo
1166 2908 1287 2967 fratello,
1304 2908 1597 2959 accreditatissimoatia
1609 2907 1688 2958 Corte

894 2986 935 3036 det
961 2999 1048 3036 nuovo
1071 2985 1159 3048 Papa,
1173 2999 1219 3036 era
1240 2987 1377 3049 i'organo,
1395 2986 1574 3050 'portionale
1599 2998 1631 3037 se
1651 2987 1686 3049 gii

894 3065 985 3115 iaceva
1013 3067 1130 3114 arrivare
1152 3068 1246 3126 queste
1268 3065 1448 3115 insinuazioni.
1475 3063 1637 3115 Aiassandro
1659 3063 1685 3115 ta

894 3145 1025 3194 ascoliava
1049 3156 1063 3192 a
1086 3156 1185 3206 pareva
1211 3143 1362 3193 irresoluto.
1389 3142 1552 3192 Fardinando
1580 3142 1683 3205 avergli

893 3222 954 3272 data
980 3236 1032 3271 una
1054 3221 1251 3272 soddisfaziona
1275 3227 1437 3285 apparente,
1453 3220 1595 3272 esortando
1611 3219 1683 3283 pub·

894 3301 1052 3353 blicamente
1074 3301 1188 3364 virginio
1213 3300 1299 3352 Orsini
1317 3314 1332 3351 a
1350 3301 1487 3363 sciogtiere
1508 3301 1526 3349 ii
1549 3302 1683 3351 contratto

894 3381 959 3432 fatto
983 3392 1030 3430 con
1058 3379 1205 3430 francesco
1221 3378 1303 3438 Cibo,
1319 3383 1422 3430 mentre
1448 3378 1634 3441 consigtiavaio
1656 3380 1707 3428 in·

894 3470 999 3510 secreto
1024 3471 1039 3508 a
1065 3457 1361 3520 sostener10.btptttt
1386 3458 1453 3522 Papa
1480 3462 1637 3522 progettava
1663 3458 1680 3507 ii

894 3538 1059 3589 matrimonio
1076 3537 1102 3587 di
1119 3548 1170 3587 uno
1187 3536 1295 3587 de’suoi
1311 3535 1362 3600 ign
1378 3550 1429 3587 con
1445 3550 1497 3588 una
1519 3537 1585 3598 ligiis
1608 3540 1684 3586 natu·

893 3619 949 3668 rate
974 3616 1000 3666 di
1021 3615 1204 3676 Perdinendo,
1220 3617 1269 3666 cire
1287 3615 1388 3667 dovera
1405 3628 1486 3667 avere
1510 3616 1535 3666 in
1563 3616 1626 3666 dote
1647 3628 1684 3665 un

892 3695 1038 3759 Principato
1063 3695 1106 3745 nel
1132 3696 1218 3756 iiegno
1235 3694 1261 3745 di
1277 3695 1387 3758 tropon,
1403 3708 1419 3746 a
1438 3697 1533 3758 questo
1553 3693 1684 3745 interesse
1780 3701 1781 3715 ¹

893 3775 1046 3838 produceva
1064 3775 1089 3824 ta
1106 3786 1153 3824 sue
1171 3773 1327 3825 dubbiezze.
1346 3773 1479 3823 Lodovico
1496 3772 1568 3823 tenid
1584 3773 1685 3823 distas·

892 3866 954 3905 cara
972 3852 1060 3903 Pietro
1085 3852 1127 3902 da’
1138 3852 1231 3903 Medici
1247 3851 1317 3901 datia
1333 3865 1380 3902 sua
1402 3851 1561 3914 particolare
1581 3852 1679 3901 unione

892 3934 933 3983 cot
948 3934 983 3983 aa
1002 3931 1029 3981 di
1044 3930 1138 3993 Nepoti
1148 3952 1154 3979 i
1165 3944 1207 3980 ma
1224 3930 1240 3979 i’
1251 3932 1370 3993 impegno
1387 3929 1414 3979 di
1430 3928 1521 3980 Medici
1534 3941 1580 3978 era
1591 3938 1687 3993 proso,

893 4022 976 4061 enon
994 4010 1021 4058 iu
1038 4008 1090 4058 mai
1107 4007 1234 4072 possibile
1251 4007 1407 4070 soiogtierio.

935 4087 1067 4137 Lodovico
1076 4087 1269 4149 maneggiavasi
1281 4097 1376 4148 presso
1388 4085 1406 4134 li
1418 4083 1566 4145 veneziani,
1575 4084 1592 4134 ti
1601 4085 1681 4148 quali,

892 4169 1050 4218 nonostaute
1062 4167 1078 4215 it
1092 4167 1146 4216 loro
1158 4165 1218 4215 odio
1231 4169 1324 4215 contro
1333 4163 1506 4224 ferdinando,
1515 4164 1548 4214 ed
1557 4165 1574 4214 ii
1582 4165 1684 4229 grande

893 4248 1023 4296 interesse
1039 4244 1088 4295 ebe
1106 4255 1224 4295 avevano
1241 4242 1268 4293 di
1283 4253 1336 4292 non
1352 4242 1449 4293 tasciae
1459 4243 1645 4306 predominare
1661 4244 1680 4293 ii

893 4336 941 4375 suo
957 4324 1056 4385 partito
1074 4323 1100 4372 in
1117 4335 1169 4373 uno
1185 4321 1258 4371 Staio
1276 4324 1350 4371 tanto
1366 4320 1475 4381 vicino,
1497 4333 1571 4373 come
1594 4322 1682 4386 quatio

891 4403 917 4454 di
933 4403 1045 4462 Milone,
1061 4402 1155 4453 incerti
1171 4400 1240 4451 daite
1258 4413 1322 4449 vara
1343 4400 1515 4464 disposizinni
1531 4402 1575 4453 dei
1595 4401 1682 4464 Papa,

892 4494 907 4532 e
923 4482 1042 4533 timorcsi
1058 4481 1085 4532 di
1102 4492 1193 4531 essere
1206 4478 1345 4530 sacridoati
1362 4481 1387 4529 ai
1404 4482 1489 4543 primo
1500 4481 1619 4545 paricolo
1630 4479 1681 4530 cira

892 4562 918 4612 to
941 4562 1161 4618 minacciassa‚a
1186 4560 1209 4609 at
1229 4560 1314 4622 primo
1339 4561 1477 4625 vantaggio
1501 4561 1550 4611 etia
1570 4565 1681 4624 potesse

892 4639 1057 4702 acquistare,
1072 4637 1227 4687 diderivano
1245 4651 1259 4687 a
1285 4637 1422 4689 risolvere.
1440 4640 1468 4688 at
1486 4637 1536 4690 due
1553 4639 1569 4687 ii
1586 4637 1679 4688 Cardi-

892 4718 1081 4784 nataascanto
1105 4716 1282 4779 rappraseutd
1299 4715 1322 4766 st
1340 4718 1488 4767 stramenta
1505 4716 1537 4767 ad
1553 4717 1680 4766 Messan-

892 4798 940 4848 dro
957 4798 974 4845 ii
990 4808 1057 4858 poco
1075 4794 1244 4844 fondamento
1265 4794 1314 4843 cira
1340 4795 1380 4845 iar
1404 4794 1507 4844 dovera
1531 4794 1598 4844 suile
1620 4806 1684 4857 pro-

893 4887 980 4928 messo
996 4874 1024 4925 di
1049 4872 1231 4934 ferdinando,
1246 4872 1365 4935 Principe
1381 4872 1448 4923 laiso
1465 4872 1499 4923 ed
1520 4873 1682 4934 artificioso,

892 4959 941 5008 aba
958 4969 1010 5007 non
1027 4968 1140 5020 coreava
1167 4954 1216 5004 ebe
1243 4956 1384 5016 ingenuare
1409 4953 1496 5004 tuitii
1517 4953 1575 5003 suoi
1598 4952 1681 5004 vicini

891 5050 940 5100 ρετ
958 5036 1051 5087 tenenti
1067 5035 1100 5086 da
1117 5035 1146 5085 sb
1162 5033 1373 5097 dipendantt,gii
1387 5032 1444 5083 fece
1462 5031 1560 5082 redere
1572 5031 1595 5083 si
1607 5033 1679 5084 cirta·

892 5119 1026 5176 ramenta,
1043 5114 1093 5164 cira
1109 5126 1160 5165 una
1178 5115 1232 5175 laga
1250 5115 1291 5161 tra
1307 5112 1332 5160 ia
1348 5111 1428 5161 santa
1449 5110 1534 5168 Sede,
1554 5111 1572 5160 ti
1594 5110 1683 5164 Vane

891 5196 977 5253 siant,
994 5208 1009 5245 e
1025 5195 1051 5244 to
1066 5194 1139 5244 Staio
1155 5192 1181 5242 di
1196 5192 1307 5250 Miiauo,
1318 5203 1364 5242 aaa
1382 5191 1406 5241 ia
1422 5192 1478 5242 sota
1495 5190 1617 5241 barriera
1629 5193 1681 5243 oba

892 5274 915 5325 si
932 5277 1041 5335 potesse
1066 5286 1181 5338 ορροττε
1198 5272 1241 5323 aiii
1258 5271 1379 5323 attentati
1395 5270 1465 5322 delia
1481 5269 1560 5322 Corte
1582 5270 1609 5321 di
1627 5269 1686 5324 Ma·
