3758 6030
176 229 243 296 tta
654 229 941 300 PONTlFlCATUS
962 231 1188 296 ttuxtuutu
1201 233 1336 304 'SEXTL
1713 240 1826 326 (44444)

181 382 216 433 44
235 371 289 432 sibi
308 369 364 450 ipsi
378 368 567 442 satisfaceret,
588 369 736 431 mandavit
751 369 829 449 quod
844 370 969 434 Senato-
1035 369 1130 450 gradu
1152 369 1215 432 salii
1233 370 1330 451 Papae
1350 370 1403 431 sibi
1424 369 1620 451 dlgoimimum
1643 395 1716 440 esse:
1736 380 1824 441 altum

183 489 245 535 rem
265 491 281 532 a
303 471 430 532 sinistris
450 471 513 532 suis
533 470 571 530 ad
591 470 716 550 gradum
737 472 802 533 solil
832 484 898 534 ante
919 489 970 533 seu
1036 490 1093 552 pro
1113 489 1148 532 eo
1169 474 1227 550 peti
1249 488 1306 533 oon
1328 489 1432 551 posse,
1454 489 1547 551 neque
1566 460 1680 537 debere.

178 571 264 651 juxta
284 572 448 632 assistentes
470 571 625 643 locarem3
647 571 725 648 quod
745 582 774 633 et
803 572 881 644 feci,
902 571 972 635 licet
1078 569 1162 631 Feria
1178 581 1281 648 quarta
1296 567 1418 646 majoris
1434 569 1639 650 hebdomadae,
1657 592 1741 638 xxrt
1756 577 1823 640 dicti

180 673 269 736 fuerit
299 674 367 732 satis
404 671 617 731 inconveniens.
649 672 738 731 Pacta
769 668 971 733 distributione
1037 669 1139 730 utensis
1160 670 1354 744 martii,·Rer.
1366 670 1402 730 D.
1425 671 1587 734 cardinalis
1597 676 1822 751 Alexandrinus,

180 774 284 835 Comes
302 771 450 833 Potentiae
466 767 576 830 Orator
590 768 872 851 Regia-Neapolitani
894 769 972 831 dedit
1037 768 1072 830 de
1093 769 1227 829 mandato
1246 769 1301 831 SS.
1321 771 1357 831 D.
1377 770 1411 831 lt.
1433 771 1529 853 Papae
1548 775 1634 838 virae
1654 778 1736 838 vocis
1754 796 1823 839 ora-

181 893 290 952 aquam
312 872 444 933 manibus
461 870 565 950 Papae.
586 870 703 931 blissam
726 871 872 950 publicam
893 873 971 934 cele·
1037 871 1105 931 culo
1117 910 1126 944 ,
1149 881 1182 931 ut
1209 869 1355 942 asseruit,
1375 873 1430 931 sibi
1449 874 1551 947 facto,
1579 877 1728 937 ordinarit
1750 876 1822 939 Rev.

184 973 282 1034 brarit
304 972 376 1034 Rev.
398 970 434 1030 1).
456 969 617 1031 cardinalis
636 969 671 1032 da
685 970 822 1044 Ursinis,
839 971 902 1050 qui,
920 989 971 1032 re·
1035 966 1072 1027 D.
1095 967 1279 1035 cardinalem
1311 971 1521 1047 Valentinum,
1541 985 1571 1036 et
1592 975 1628 1035 R.
1651 976 1688 1035 Ι).
1712 975 1824 1038 lobau·

182 1084 265 1153 cepta
280 1072 388 1152 palma,
402 1088 459 1132 noo
479 1080 523 1130 est
541 1070 577 1129 ad
594 1071 691 1131 locum
706 1088 792 1132 suurn
808 1070 882 1131 iuter
897 1071 971 1130 alios

181 1173 350 1254 cardinales
371 1187 530 1242 reversus,
551 1169 601 1230 sed
622 1170 675 1230 ivit
694 1170 731 1230 ad
752 1169 971 1242 faldistorium,

181 1273 243 1347 ubi,
257 1271 521 1352 depositaplaneta,
536 1282 653 1350 accepta
674 1288 763 1351 cappa
778 1270 890 1351 recepit
902 1288 971 1331 san-

180 1373 278 1447 dalio,
299 1382 329 1433 et
360 1370 419 1430 alia
440 1379 608 1449 paramenta
632 1357 713 1432 more
730 1380 886 1432 consueto.
919 1371 971 1430 ln-

180 1476 294 1536 44444444
315 1456 432 1549 iusuper
462 1487 513 1548 per
527 1467 564 1534 R.
579 1469 615 1529 t).
632 1468 813 1531 cardinalem
836 1468 972 1550 Neapoli·

181 1587 281 1635 tanum
303 1572 431 1632 adventu
450 1570 627 1631 lllarebionis
649 1569 749 1632 ciraci
785 1589 853 1632 cum
875 1571 971 1631 tribus

179 1678 263 1738 sociis
281 1673 474 1755 supradictis,
496 1671 533 1731 R.
550 1673 720 1735 Domiuatio
736 1672 797 1732 Sua
811 1673 885 1733 anibi
900 1673 971 1733 dixit

180 1777 275 1857 ipsum
296 1795 357 1838 esse
377 1783 510 1855 nepotem
528 1771 616 1852 Regis
637 1773 774 1852 alphonsi
796 1792 831 1834 ex
854 1774 969 1847 fratre,

179 1878 331 1940 4441444444
342 1876 506 1945 burtordo,
523 1886 627 1935 tomen
640 1876 778 1958 ejusdem
792 1875 901 1956 Rapis,
917 1894 971 1936 uu·

180 1991 244 2043 turn
268 1981 306 2040 dc
322 1978 465 2060 lepitt'mo
483 1977 689 2037 matrimonio
707 1972 754 2059 (4)
772 1986 926 2056 propterea
945 1976 969 2035 si

182 2081 286 2142 liceret
297 2077 423 2155 aliquem
442 2078 486 2137 rel
501 2076 614 2155 aliquos
624 2074 843 2157 044444414444)
854 2076 969 2136 obuiam

181 2181 234 2241 sibi
256 2180 393 2252 mittere,
415 2187 468 2237 aut
488 2196 540 2256 per
560 2195 589 2238 se
605 2178 723 2256 ipsum,
743 2194 778 2238 ac
800 2178 823 2236 si
843 2175 915 2237 alias
933 2173 970 2234 ad

181 2281 317 2343 solatium
346 2279 515 2355 equitaret,
531 2296 599 2338 eum
621 2278 818 2339 llarcbiooem
836 2277 866 2336 44
887 2293 969 2338 eam·

178 2383 222 2461 pis
248 2381 397 2441 44144444
411 2377 554 2458 Respondi
576 2378 846 2440 Reverendissimae
867 2377 970 2438 Domi·

179 2482 287 2542 stationi
308 2472 387 2541 Suae
419 2480 447 2538 44
470 2478 722 2540 caerimonialibus
753 2497 886 2558 expresse
918 2496 969 2539 ca-

181 2582 244 2642 veri
267 2579 345 2658 quod
367 2578 508 2658 Regibus,
530 2578 660 2659 Reginis,
679 2589 708 2640 et
728 2595 830 2639 eorum
853 2576 970 2638 liliisct

181 2679 317 2754 filiabus,
338 2698 372 2740 ac
393 2679 539 2739 fratribus
556 2689 585 2739 et
619 2678 770 2740 sororibus
801 2677 969 2740 eorumdem

183 2790 322 2854 tantum,
341 2791 371 2841 et
391 2798 448 2841 444
469 2780 535 2840 aliis
561 2781 814 2859 qualitercumque
836 2781 901 2860 ipsis
922 2791 970 2840 at-

181 2882 338 2943 tinentibus
360 2901 412 2962 per
433 2879 601 2942 cardinales
616 2881 732 2941 obuiam
748 2882 800 2955 iri,
818 2892 969 2961 propterea

182 2982 262 3056 huic,
285 2993 422 3060 tauquam
445 2982 541 3061 nepoti
561 2991 590 3042 et
610 3001 644 3042 ex
665 2982 720 3042 alia
742 2982 828 3056 linea,
853 2983 968 3044 obviam

179 3084 347 3146 cardinales
376 3083 419 3144 irc
439 3100 497 3143 non
518 3081 645 3156 debere,
671 3099 764 3161 neque
796 3083 850 3143 sibi
882 3083 969 3145 licere

80 3245 82 3248 ,
181 3185 260 3264 quod
294 3183 380 3245 radat
412 3193 478 3245 ante
506 3200 605 3244 omues
637 3183 836 3244 cardinalium
877 3183 969 3263 caput

179 3299 210 3348 et
228 3287 373 3346 [44444444
394 3284 434 3344 Et
456 3302 522 3344 cum
546 3283 620 3345 idem
642 3302 660 3343 a
682 3302 728 3345 me
761 3293 872 3363 peteret
893 3302 971 3362 quo·

181 3405 248 3448 nam
272 3385 382 3447 ltouore
403 3385 494 3464 recipi
519 3394 627 3464 posset,
648 3395 764 3464 praeter
785 3403 899 3445 omnam
919 3405 970 3447 re-

183 3487 341 3567 ceptionem
362 3530 371 3560 ,
394 3485 449 3545 dixi
471 3486 550 3564 quod
571 3484 651 3566 Papa
673 3496 767 3565 posset
788 3486 861 3548 duos
882 3505 970 3566 prae·

181 3590 255 3649 latos
282 3585 380 3666 palatii
402 3585 446 3646 sui
469 3603 520 3665 per
542 3586 618 3646 diem
641 3596 707 3647 ante
728 3605 830 3648 eorum
859 3585 971 3648 adveu-

182 3699 245 3750 tum
266 3686 429 3750 eissobviam
452 3688 587 3761 mittere,
610 3686 739 3765 quicum
759 3688 870 3747 nomine
889 3688 970 3747 Pon·

1037 1085 1101 1128 nem
1132 1066 1240 1149 R‘orgia
1275 1068 1533 1133 Protbonotorium
1555 1087 1687 1156 nepotem
1709 1094 1822 1153 sunus,

1037 1177 1186 1230 caractere
1207 1170 1344 1230 clericali·
1361 1180 1476 1231 tanturn
1496 1175 1670 1254 insignitos,
1689 1176 1727 1235 44
1751 1195 1822 1254 qua-

1038 1279 1105 1329 tuor
1126 1268 1272 1342 minores,
1292 1282 1322 1332 et
1342 1271 1563 1334 subdiaconatus
1578 1293 1681 1337 444444
1697 1273 1821 1339 Ordines

1036 1368 1111 1429 infra
1143 1370 1308 1431 Missurum
1330 1391 1382 1452 per
1411 1374 1506 1452 ipsum
1538 1375 1574 1434 t).
1597 1376 1822 1440 Alexandrinum

1037 1470 1255 1531 celebraturum
1270 1472 1408 1533 solemnis
1423 1517 1431 1546 ,
1444 1469 1528 1549 juxta
1545 1476 1670 1537 formam
1686 1489 1719 1538 et
1735 1480 1820 1540 444444

1038 1567 1160 1631 Sanctae
1182 1570 1328 1632 Romanae
1345 1569 1491 1635 Ecclesiae
1510 1575 1612 1637 ordine
1628 1578 1820 1658 infrascripto.

1036 1669 1137 1731 444444
1158 1681 1292 1750 paratum
1314 1672 1372 1733 fuit
1397 1675 1538 1736 ferialiter
1559 1694 1627 1737 cum
1648 1696 1700 1739 sex
1721 1679 1824 1742 44444-

1038 1770 1125 1831 labris
1145 1783 1175 1833 et
1196 1775 1224 1833 in
1245 1773 1339 1835 medio
1360 1777 1453 1853 posita
1469 1778 1565 1838 omnia
1580 1789 1684 1858 parata
1707 1779 1821 1859 pontifi·

1037 1870 1109 1931 ealia
1132 1873 1248 1933 molaria
1272 1891 1336 1953 pro
1367 1875 1582 1951 celebraturo,
1613 1890 1643 1940 et
1674 1880 1704 1940 in
1734 1898 1822 1942 cornu

1035 1972 1186 2052 Evangelii
1205 1975 1435 2050 amiotus,‘alba,
1457 1988 1485 2038 et
1505 1979 1656 2059 cingulum
1675 1999 1734 2060 pro
1752 1980 1823 2043 car·

1036 2074 1128 2136 444414
1143 2075 1320 2149 444444444,
1335 2077 1532 2145 faldistorium
1555 2080 1585 2143 iu
1607 2083 1674 2143 loco
1690 2101 1752 2144 suo
1772 2103 1822 2163 pro

1036 2176 1221 2248 celebrante,
1244 2187 1274 2237 et
1293 2177 1451 2240 scabellum
1483 2181 1512 2240 io
1545 2198 1641 2242 cornu
1674 2180 1822 2262 Evangelii

1036 2294 1087 2355 per
1110 2287 1331 2350 transversum,
1353 2296 1387 2339 ao
1407 2280 1435 2338 in
1455 2279 1542 2358 plano
1562 2283 1740 2363 presbyterii
1759 2301 1823 2345 cre·

1036 2375 1130 2436 dantia
1153 2395 1207 2456 pro
1230 2376 1391 2440 celebrante
1410 2397 1476 2440 cum
1500 2380 1613 2460 duobus
1635 2382 1822 2457 candelabris,

1036 2478 1127 2539 celica
1149 2495 1217 2539 eum
1248 2477 1361 2539 duabus
1392 2481 1490 2542 bestiis
1512 2483 1625 2561 magnis
1651 2495 1682 2544 et
1714 2483 1822 2554 duabus

1036 2579 1147 2656 parvis,
1177 2577 1236 2646 duo
1264 2579 1384 2639 baccilia
1406 2598 1473 2641 aum
1496 2592 1626 2660 quotuor
1646 2584 1822 2665 mantilibus,

1036 2681 1148 2752 clares,
1171 2679 1243 2740 liber
1265 2681 1445 2755 lectionum,
1477 2682 1551 2744 liber
1571 2684 1822 2760 exorcismorum,

1036 2779 1241 2842 candelabrum
1276 2798 1344 2841 cum
1374 2782 1492 2843 candela
1526 2782 1674 2858 extincta,
1697 2785 1821 2865 ampulla

1037 2900 1151 2955 rocoa,
1173 2883 1246 2943 calix
1268 2901 1378 2943 uacuus
1400 2903 1468 2944 cum
1490 2896 1592 2964 patena
1611 2886 1723 2965 absque
1743 2887 1822 2959 ostia,

1034 2982 1180 3061 ampullae
1201 3000 1269 3043 cum
1292 2983 1382 3057 rino,
1404 2994 1433 3045 et
1453 3001 1551 3061 aqua,
1574 2985 1649 3046 liber
1677 2985 1821 3065 Epistola·

1037 3104 1128 3158 rum,
1162 3095 1191 3146 et
1212 3084 1287 3145 liber
1311 3082 1541 3166 Euangeliorum
1559 3131 1570 3162 ,
1591 3086 1739 3149 credentia
1774 3106 1822 3168 444

1036 3186 1187 3248 cardinale
1211 3185 1395 3260 ordinando,
1417 3187 1522 3247 tobalia
1553 3187 1662 3255 munda
1690 3199 1821 3268 cooperta

1036 3295 1065 3346 44
1081 3297 1174 3366 tapete
1191 3305 1246 3366 pro
1265 3286 1392 3347 scabello
1404 3287 1582 3360 cardinalia,
1595 3288 1746 3349 cussinum
1762 3307 1821 3349 ma·

1036 3403 1126 3464 gnum
1149 3405 1203 3465 pro
1220 3387 1454 3466 prosternatione
1474 3387 1510 3445 ad
1531 3378 1708 3461 laetaniam,
1731 3389 1821 3449 mani·

1036 3487 1134 3564 polus,
1157 3485 1305 3560 tunicella,
1326 3487 1410 3560 stola,
1427 3486 1591 3548 Dalmatica
1615 3489 1676 3550 albi
1699 3492 1820 3563 coloris,

1036 3596 1065 3646 et
1083 3587 1168 3646 mitra
1191 3586 1323 3665 simplex,
1342 3587 1435 3647 bacile
1456 3605 1525 3649 cum
1547 3588 1651 3650 bucule
1672 3601 1702 3650 et
1723 3607 1821 3652 manu·

1037 3688 1139 3766 tergis,
1150 3687 1208 3747 duo
1224 3687 1346 3748 baccilia
1361 3705 1428 3748 cum
1447 3689 1526 3762 rino,
1540 3689 1600 3750 duo
1614 3691 1714 3770 magni
1731 3709 1820 3772 panas,

94 3774 97 3781 ¹
183 3787 267 3850 tibcis
282 3787 436 3867 reciperet,
452 3786 552 3849 deiude
568 3786 701 3849 eumdem
722 3790 750 3847 io
771 3787 815 3849 die
829 3787 969 3851 adrentus
1036 3784 1095 3848 duo
1116 3787 1262 3848 intorticia
1284 3789 1371 3863 alba,
1391 3797 1459 3850 octo
1478 3792 1612 3852 succulae
1633 3793 1718 3854 albae
1740 3793 1820 3854 unius

181 3908 235 3969 per
259 3888 382 3950 familias
407 3887 525 3967 Papae,
553 3898 581 3949 et
612 3886 811 3950 cardinalium
839 3892 969 3968 recipere
1035 3887 1126 3949 librae
1147 3888 1303 3967 quaelibet,
1322 3908 1379 3951 uua
1400 3908 1491 3951 canoa
1512 3892 1642 3955 cortinae
1663 3892 1779 3955 subtilis
1792 3912 1819 3954 ex

182 4009 264 4052 more
274 3991 367 4053 solito.
380 3989 584 4061 Postmodum,
596 3988 745 4062 Pontifice,
755 3988 792 4048 ad
807 3991 968 4052 instantiam
1036 4007 1095 4067 qua
1117 3990 1210 4051 media
1229 3990 1283 4053 feci
1305 3989 1377 4051 duas
1399 3993 1552 4072 mappulas
1570 4012 1625 4073 pro
1646 3995 1771 4074 panibus
1789 3993 1820 4053 ad

179 4089 309 4170 ejusdcm
332 4091 510 4163 cardinalis,
532 4108 577 4151 me
599 4089 633 4152 44
658 4091 819 4170 praemissis
841 4091 969 4154 interro-
1035 4091 1217 4152 offertorium
1251 4090 1446 4170 cooperiendis
1467 4103 1497 4153 et
1527 4092 1564 4151 ad
1586 4095 1673 4155 aliam
1702 4086 1819 4158 mediam

179 4203 288 4272 gente,
306 4191 370 4253 dedi
388 4192 511 4254 similem
528 4190 759 4254 informationem
779 4193 874 4274 Papae
891 4195 968 4273 quod
1034 4202 1184 4272 extergere
1203 4208 1306 4251 manus
1320 4191 1471 4253 ordinandi
1487 4205 1642 4273 antequam
1657 4206 1820 4275 paramenta

179 4292 348 4354 Cardinales
369 4292 501 4354 mittendi
517 4310 574 4355 noo
590 4304 699 4367 essem,
718 4295 766 4356 sed
795 4296 854 4358 duo
880 4315 968 4377 prae·
1034 4294 1199 4372 acciperet,
1219 4292 1342 4353 baculus
1363 4293 1517 4373 pastoralis
1547 4294 1576 4353 in
1610 4312 1670 4356 uno
1700 4296 1820 4358 scabello

180 4394 254 4467 lati,
280 4405 421 4473 utsupra
440 4393 523 4468 dixi,
554 4395 629 4454 mitti
653 4406 777 4474 possent.
800 4394 968 4460 Successire
1033 4391 1151 4470 Papae,
1181 4391 1328 4453 cledenllss
1363 4391 1523 4453 04444144ὓᾶ4·
1556 4392 1665 4455 Pmi&
1706 4396 1820 4458 fuerunt

179 4494 255 4556 idem
282 4494 442 4556 Cardinalis
473 4505 491 4555 4
525 4514 570 4556 ma
597 4496 678 4575 petiit
707 4498 793 4558 etiam
815 4516 852 4557 an
873 4510 968 4579 posset
1033 4494 1180 4564 amictus,
1210 4492 1274 4552 alba
1305 4505 1334 4553 ct
1355 4493 1526 4571 cingulum,
1548 4495 1821 4575 manipulus,tuui·

177 4597 383 4657 convenienter
402 4595 495 4656 eidem
520 4595 683 4658 lllarclrioni
710 4599 792 4660 loeus
818 4599 847 4658 44
874 4599 967 4662 banno
1034 4594 1121 4666 cella,
1147 4593 1220 4652 stolo
1242 4603 1271 4653 et
1293 4592 1454 4655 Dalmatica
1471 4613 1526 4674 pro
1546 4594 1755 4660 Protonotario
1773 4617 1820 4660 or·

179 4695 379 4758 cardinalium
409 4706 475 4775 post
495 4714 594 4758 omines
631 4697 798 4760 cardinales
827 4699 891 4760 dori
903 4721 914 4772 3
938 4712 968 4762 44
1033 4693 1168 4755 4444444.
1192 4693 1349 4772 Postquam
1371 4714 1471 4757 omnes
1492 4707 1693 4759 convenerunt
1710 4700 1738 4759 io
1754 4719 1819 4781 cap-

178 4798 312 4878 respondi
347 4796 427 4876 quod
448 4815 527 4873 non,
560 4797 609 4859 sed
632 4799 728 4860 locum
761 4801 790 4859 ln
822 4801 967 4880 superiori
1033 4795 1107 4874 pella
1130 4791 1241 4872 toajore
1263 4794 1361 4874 palatii
1382 4795 1539 4876 Apostolici
1570 4796 1648 4877 apud
1682 4799 1818 4862 Sanctum

1034 4895 1175 4969 Petrum,
1199 4896 1228 4957 iu
1250 4913 1308 4974 qua
1327 4895 1471 4958 ordinatio
1490 4894 1659 4974 hujusmodi
1678 4900 1756 4962 facta
1771 4913 1820 4974 ast,

1033 4996 1239 5059 celebraturus
1264 4999 1376 5078 accepit
1402 4998 1497 5058 omnia
1528 5009 1698 5078 paramenta
1727 5003 1820 5082 ponti·

176 5158 182 5168 .
220 5081 257 5140 (4)
273 5079 358 5131 Verba
375 5082 454 5143 baec,
474 5084 557 5134 literis
576 5083 690 5133 dirersis
708 5084 851 5146 iuscripta,
869 5082 965 5133 desunt
1032 5097 1125 5159 fleam,
1167 5098 1328 5162 cardinali,
1358 5099 1532 5162 ordinandus
1550 5097 1635 5177 jum
1663 5102 1818 5164 scabellum

177 5173 202 5207 ro
218 5159 281 5209 adit.
299 5160 426 5222 Eccardi,
442 5166 469 5214 et
490 5176 553 5214 vere
576 5167 638 5214 sunt
658 5161 725 5213 satis
742 5165 835 5225 aperta
857 5164 966 5212 contra·
1031 5221 1119 5263 mum
1137 5142 1295 5276 'amictum'
1311 5202 1420 5276 albam,
1434 5212 1463 5264 et
1477 5202 1641 5283 cingulum,
1657 5214 1688 5265 et
1704 5204 1818 5264 mitum

1121 5247 1130 5277 4

177 5237 298 5381 ι11044444
310 5319 428 5374 44444444
443 5298 555 5384 44444444
571 5321 806 5376 cessassemus.
864 5315 866 5323 ’
1029 5303 1187 5385 simplicem
1199 5325 1211 5379 3
1232 5317 1261 5368 et
1287 5304 1362 5368 sedit
1382 5304 1445 5380 ita,
1478 5314 1513 5366 ut
1533 5304 1639 5368 4444444
1666 5305 1818 5370 celebranti
