3764 6036
47 259 164 347 ‹teu›

49 396 168 477 psgslli,
187 395 239 457 ubi
256 393 403 468 emeres,
420 394 551 470 amium
569 395 647 469 alba,
666 394 784 474 cingulo
804 406 834 456 et

45 497 117 557 stola
137 496 262 576 pretiosa
282 506 425 576 paratur,
443 497 473 557 in
494 495 559 558 sede
580 492 691 574 majore
711 495 834 569 sedens,

45 595 322 659 circumsedentibus
348 613 431 658 mors
452 595 642 658 consistoriali
658 594 836 659 cadenti·

44 699 108 772 bns,
131 696 423 779 reoepitPr'sseiprm
443 697 480 757 nd
499 697 593 779 pedis,
606 714 707 759 mnus
721 698 832 763 etoris

43 800 203 873 osculum3
235 799 343 879 quibus
379 799 551 861 deosculatis
582 797 721 878 Princeps
749 796 831 877 qnasi

43 899 223 982 paludosus,
242 882 422 962 auditorum
444 915 501 961 oon
522 910 652 981 (ηοω,
672 896 782 991 Regem
801 908 832 960 ot

43 998 161 1061 Patrem
179 989 321 1061 suumne
337 1017 368 1061 re
386 999 537 1062 ductiteti
564 999 597 1061 S.
619 995 832 1063 commendarit

41 1099 144 1179 paucis
164 1100 284 1174 rerbirc
304 1100 410 1179 quibas
434 1110 465 1164 et
486 1101 564 1181 Papa
585 1099 731 1182 respondit
759 1099 830 1161 bre·

41 1202 127 1267 riter.
148 1200 278 1262 Accessit
297 1199 399 1262 deinde
417 1200 569 1281 Princeps,
592 1220 610 1260 a
643 1200 830 1263 vicecancel-

42 1300 118 1362 laste
136 1298 295 1381 incipiens,
314 1310 344 1362 et
365 1301 402 1361 ab
421 1303 554 1363 omibus
574 1301 774 1364 Cardinalibus
791 1300 829 1361 ad

40 1402 102 1463 aris
126 1402 260 1462 osculum
291 1411 429 1482 acceptus
447 1412 514 1476 est3
534 1420 594 1480 quo
611 1401 689 1466 iacto
713 1403 764 1475 ei,
793 1401 829 1463 de

40 1499 177 1561 nudato
188 1500 295 1581 Papae,
309 1510 373 1581 p'ost
388 1501 460 1563 lies.
477 1501 632 1563 nonnum
646 1501 828 1566 cerdinlem

40 1600 212 1674 Smensem,
231 1601 431 1680 Diaconornm
450 1602 583 1664 Priorem
597 1630 610 1678 ,·
625 1604 722 1665 locum
741 1601 826 1674 dedi,

39 1700 89 1761 ubi
110 1700 193 1775 sedit,
211 1710 240 1761 et
254 1719 323 1762 cum
338 1720 372 1764 eo
390 1719 497 1764 omncs.
512 1702 621 1766 Deinde
635 1703 672 1763 ad
694 1703 829 1764 murium

38 1799 122 1880 pedis
133 1799 231 1882 Papae
248 1800 383 1889 blarebio¹
394 1801 575 1877 Oueroueis,
594 1802 661 1863 Dux
673 1800 827 1882 dmalpbi·

39 1911 135 1976 tans,
155 1912 185 1963 et
202 1902 250 1962 atii
271 1919 370 1964 omncs
391 1901 518 1964 Bmones
536 1903 665 1977 mitius,
683 1912 713 1964 ct
729 1920 828 1964 ornnes

36 2003 168 2064 Berones
185 2001 293 2064 nobiles
310 2003 339 2064 in
360 2002 503 2084 Principis
524 2003 660 2066 comitiva
678 2003 828 2066 existentes

37 2092 246 2176 accesserunt3
271 2122 330 2182 quo
351 2103 429 2165 iacto
451 2108 588 2167 rcierrus
606 2116 648 2167 est
666 2104 703 2165 ad
723 2104 832 2178 ronse,

36 2201 122 2266 icem
147 2201 298 2285 Princeps,
317 2205 489 2294 quemfecit
509 2205 639 2268 Pontilcr
660 2223 713 2286 per
730 2205 831 2268 Bene«

37 2318 194 2368 sentanum
211 2306 409 2379 arbonensem
427 2307 592 2371 cardinales
612 2307 776 2388 praedictos
789 2306 826 2367 ad

36 2423 168 2468 conseres
182 2405 255 2468 iles.
272 2405 386 2468 Domini
397 2406 557 2475 cardinalis
571 2406 730 2472 camsmrtl
740 2404 828 2485 juxta

37 2508 193 2570 Oameram
211 2509 405 2589 Apostolleam
434 2511 605 2583 existentes,
621 2527 695 2588 quac
714 2527 771 2589 pro
791 2527 826 2571 eo

38 2625 113 2668 cnm
125 2608 258 2670 omnibns
272 2608 421 2689 prioribus
435 2608 508 2670 aulis
522 2610 680 2690 peroptime
694 2620 723 2671 ot
735 2627 827 2671 ornn-

38 2709 148 2771 tiseima
167 2720 285 2790 paratos
306 2720 399 2782 erant,
417 2713 573 2772 assoclme·

77 2811 163 2872 Paria
184 2811 320 2885 secundo,
334 2811 474 2892 vigesima
495 2821 599 2874 octava
617 2814 721 2876 nemu
736 2813 826 2889 maii,

35 2911 71 2974 ds
90 2911 225 2973 mandato
251 2911 325 2974 Rev.
358 2913 552 2980 Dominorum
576 2914 770 2978 Beneventani
796 2927 826 2976 et

35 3011 160 3074 Sanctae
177 3011 341 3075 Anastasiou
359 3011 559 3081 Cordinniium
570 3054 582 3089 ,ι
593 3015 724 3078 intimari
742 3013 778 3074 lt.
795 3016 825 3076 in

34 3110 156 3173 cbristo
177 3112 258 3173 Patri
273 3111 397 3182 Domino
411 3114 520 3177 Jacobo
540 3108 715 3179 Terdoncnai
736 3114 826 3178 vioe·

34 3212 187 3287 euneos,
200 3197 278 3292 queo
290 3214 824 3297 metamaucensem

33 3309 144 3388 Urbis,
158 3315 244 3375 etiam
263 3312 363 3376 Sanotl
383 3315 490 3389 Pauli,
519 3327 554 3377 ac
583 3316 717 3378 omnibns
736 3318 822 3391 aliis,

33 3412 90 3472 snb
109 3430 218 3493 poena,
236 3431 311 3493 quse
331 3414 384 3476 sibi
403 3412 565 3490 rideretur,
583 3427 725 3496 qnatenus
746 3417 822 3480 bora

35 3529 123 3588 nona,
143 3514 239 3576 ultimi
260 3514 317 3577 diei
338 3517 496 3598 praesentis
515 3517 641 3593 mensis,
661 3535 736 3597 quae
764 3521 821 3581 erit

32 3611 141 3680 lenum
158 3615 339 3678 decensiottis
357 3617 519 3692 §elratoria
539 3618 659 3700 Nostri,
683 3637 744 3682 ease
761 3636 822 3682 cn·

32 3725 98 3776 rent
113 3733 181 3777 cum
191 3716 251 3776 suis
262 3719 436 3797 paramentis
451 3716 535 3797 juxta
554 3721 704 3783 ecclesiam
718 3714 821 3784 beatae
858 3780 859 3783 ,

33 3812 145 3876 ilariee
164 3815 200 3877 de
228 3816 350 3898 Populo,
376 3819 441 3881 lude
473 3822 719 3909 processionaliter
749 3820 819 3882 turi

31 3933 90 3994 pro
104 3917 287 3980 veneratione
306 3922 494 3983 montissinsi
507 3920 821 3986 ierribancceecbsi·

30 4017 67 4076 sti
87 4033 182 4097 usqne
201 4017 239 4079 ad
256 4019 408 4083 Basilicam
427 4023 526 4086 Sancti
547 4024 636 4090 Petri.
649 4037 657 4049 “’

76 4117 180 4181 Tenos·
200 4123 384 4186 credulorum
410 4126 645 4190 intimatiorsum
660 4129 818 4208 sectorum

30 4220 237 4300 asprioiibrtr,
259 4235 294 4287 ut
312 4227 514 4305 processioni
534 4216 821 4308 receptionisbors·

30 4337 104 4381 ecoe
126 4320 250 4386 cortus·
265 4314 459 4412 interemerit.
536 4363 544 4370 -

71 4445 89 4478 s
113 4421 158 4484 Da
174 4420 311 4491 mandato
324 4424 380 4486 Sd.
395 4426 431 4487 D.
453 4424 487 4487 N.
503 4425 600 4508 Papae
619 4426 768 4488 intimetur
789 4434 819 4486 et

28 4523 186 4586 mandetur
220 4525 389 4588 officiolibns
424 4526 640 4608 infrascriptis,
676 4510 817 4607 quatenns

28 4642 129 4711 onnes
148 4636 179 4688 ct
196 4628 312 4707 empuli*
326 4645 408 4688 cum-
425 4628 546 4709 singolis
566 4629 720 4691 batorticiis
732 4673 745 4703 ,-
759 4647 817 4691 cu»

27 4739 96 4790 rent
116 4726 162 4789 die
173 4724 255 4805 ioris
267 4727 536 4809 prorlmcimnra,
554 4747 629 4810 qnae
640 4732 700 4794 erit
711 4729 817 4792 immas

27 5033 78 5073 oon
96 5021 120 5072 il·
131 5021 288 5086 ginoccbio,
303 5035 346 5074 me
361 5033 415 5074 aon
430 5023 585 5075 tornandola
601 5024 754 5084 recinente,
765 5034 817 5074 oon

28 5102 115 5164 poche
131 5103 225 5166 parole
241 5101 416 5170 tenremonde
427 5101 446 5152 lt
457 5103 493 5154 Ne
509 5114 558 5154 suo
574 5115 634 5164 aso,
649 5103 666 5153 il
683 5102 753 5152 Duos
767 5113 816 5152 suo
855 5113 857 5126 ·

27 5182 111 5244 padre
127 5194 142 5234 e
160 5193 190 5232 se
208 5177 295 5233 stesso
311 5195 325 5233 c
342 5182 393 5233 sua
409 5179 523 5240 Santitd,
539 5180 589 5233 obe
605 5182 775 5235 brersmente
798 5180 814 5230 li

28 5263 130 5324 rlsposs
147 5272 199 5313 con
214 5261 307 5324 parole
322 5264 397 5325 grate
413 5273 429 5313 e
445 5261 589 5357 amoreroll
609 5281 629 5309 ι.

505 256 790 349 puniremus
810 254 1035 323 lNNOCENTll
1053 257 1207 355 oculta.
1625 263 1685 329 let

902 394 1081 460 emmone
1104 397 1219 458 nomint
1244 373 1342 459 donst
1361 395 1429 460 ress
1459 399 1589 474 aanor,
1610 400 1683 463 sora

902 515 987 570 nona,
1008 517 1067 560 esse
1086 497 1116 558 in
1135 501 1226 579 platea
1246 499 1479 564 ancxtmrtse
1499 486 1685 582 dei‘opulo,

901 596 965 659 inde
983 598 1253 677 processionaliter,
1272 618 1328 680 pro
1347 599 1458 663 bonore
1473 613 1502 662 et
1522 604 1684 664 reverentia

868 716 870 723 ’
901 695 1094 758 decentissimi
1113 698 1184 761 ierri
1206 696 1525 785 [sanwlqnolatus
1546 700 1684 765 Salusto·
1714 709 1718 716 '

900 797 943 860 ris
962 794 1061 858 Nostri
1082 798 1111 859 in
1125 797 1223 862 Crura
1237 818 1291 879 pro
1306 800 1399 863 saluto
1413 810 1512 864 nostra
1527 801 1685 883 pendentis,

898 909 1033 978 apertum
1051 910 1109 974 est,
1133 899 1205 961 ituri
1231 920 1323 982 usque
1343 903 1381 963 ad
1408 900 1561 966 Basilicam
1585 904 1686 967 Sancti

898 995 978 1060 Petri
997 1018 1034 1061 eo
1053 1000 1152 1062 ordine
1170 994 1207 1063 et‘
1226 1002 1312 1077 loeo,
1331 1014 1421 1084 prout
1441 1003 1513 1067 iles.
1542 1005 1686 1066 Dominus

897 1096 1082 1162 Oamernsins
1097 1100 1255 1175 ordinabit,
1274 1120 1309 1165 ac
1324 1105 1452 1186 propriis
1476 1104 1610 1184 manibus
1622 1107 1684 1191 sin·

893 1198 961 1276 ‘guli
979 1216 1032 1259 sua
1053 1200 1356 1282 lororrictsporure,
1374 1206 1428 1265 sub
1443 1223 1534 1286 poena
1555 1207 1684 1285 quinque

895 1294 1001 1358 Ducat.
1012 1299 1239 1378 auricomum
1250 1303 1434 1383 Apostolicae
1448 1294 1683 1371 irremissibiliter

866 1452 867 1456 ,
895 1397 1133 1477 applicandormu
1157 1423 1185 1461 s.
1276 1412 1284 1427 .

864 1510 868 1568 j
926 1496 1085 1577 -Nagistris
1119 1501 1271 1581 utriusque
1301 1504 1428 1584 registri.
1460 1539 1499 1552 -
1534 1507 1683 1586 Magistris

869 1601 873 1619 ¹
894 1596 1006 1674 plumbi
1031 1629 1069 1642 -
1082 1598 1567 1667 bellatoribus-Collocandus
1579 1609 1681 1686 plum·

895 1693 934 1756 bi.
951 1726 989 1785 g-
1002 1697 1261 1772 dbbreriatoribus
1282 1702 1318 1765 de
1332 1703 1426 1766 Parco
1448 1703 1554 1783 llajori
1573 1719 1601 1768 et
1622 1707 1681 1768 bli-

894 1796 960 1856 nori
990 1807 1019 1858 et
1047 1799 1213 1878 provisione
1231 1836 1272 1846 —
1291 1802 1539 1867 Sollicitatoribns
1567 1808 1681 1868 littera·

894 1913 962 1958 runs
984 1899 1227 1978 apostolicarum.
1243 1934 1283 1948 ·-
1295 1903 1510 1967 Provisoribus
1530 1905 1679 1969 contradi-

895 2009 1020 2059 curum.
1033 2033 1074 2045 -
1086 1999 1179 2064 Rotae
1190 2000 1324 2064 Notariis.
1336 2039 1378 2050 -
1390 1997 1590 2088 Scriptoribus
1601 2008 1679 2070 Poe·

894 2098 1081 2162 orestiades.
1106 2134 1145 2148 -
1166 2101 1297 2165 Notariis
1314 2106 1348 2166 t.
1370 2106 1403 2168 O

936 2198 1125 2295 litequutnm
1155 2203 1370 2297 percussores
1399 2207 1447 2271 dle
1480 2209 1585 2271 martis
1622 2200 1679 2271 mx

895 2299 961 2361 maii
983 2299 1074 2361 lm

938 2425 958 2457 ι
975 2401 1018 2462 Dc
1039 2401 1172 2464 modale
1193 2403 1249 2479 88.
1270 2406 1308 2468 D.
1331 2405 1366 2468 N.
1388 2407 1504 2488 Papae,
1525 2410 1679 2472 mandetur

896 2500 1075 2576 dandule,
1098 2515 1240 2582 quatenos
1260 2506 1316 2567 rub
1342 2525 1433 2589 poena
1453 2510 1551 2576 decem
1573 2511 1679 2572 Ducat.

894 2598 1037 2664 Gamerae
1047 2603 1230 2684 lposootlcss
1244 2607 1404 2689 applicand.
1419 2609 1541 2673 debeam
1561 2630 1613 2692 per
1628 2623 1677 2673 to·
1710 2637 1714 2643 ·

894 2709 954 2761 tam
988 2701 1063 2765 diem
1085 2703 1256 2767 hodiernam
1285 2707 1393 2772 aedues
1414 2711 1445 2770 in
1468 2709 1584 2792 scriptis
1605 2711 1679 2773 Ner.
1806 2767 1821 2784 ,.

893 2801 1022 2865 Domirso
1038 2802 1207 2868 camerario
1231 2809 1347 2870 nomine
1368 2821 1396 2872 ct
1422 2812 1594 2891 cognomina
1611 2831 1680 2873 om·

893 2902 975 2964 nium
989 2904 1153 2967 officialium
1168 2918 1197 2968 et
1210 2909 1395 2985 officiorum,
1407 2912 1513 2989 quibus
1526 2912 1578 2993 ipsi
1591 2931 1681 2992 prae·

892 3015 981 3078 sunt,
1001 3005 1046 3067 sci
1070 3010 1197 3085 qudem
1218 3001 1348 3072 offitiales
1366 3013 1425 3074 sine
1445 3009 1680 3093 Cap..exlstunt,

892 3121 928 3165 ae
949 3104 979 3164 io
1000 3106 1132 3185 margine
1151 3118 1285 3182 uotam,
1305 3111 1329 3169 si
1350 3112 1401 3190 qui
1421 3112 1591 3174 corumdem
1612 3113 1680 3175 olii·
1800 3197 1804 3202 .

892 3205 1010 3267 ciolinao
1030 3206 1088 3267 sint
1103 3207 1140 3267 ab
1153 3207 1234 3272 Urbe
1249 3209 1377 3272 absernm
1400 3200 1435 3271 »ζ

933 3303 1184 3370 Rmcribcndario.
1213 3341 1253 3354 -
1280 3310 1455 3392 cappellano
1488 3311 1677 3394 Scriptorum

890 3399 1672 3493 poeotteortarlse.-ceppeltaootbbrevtctosum-

890 3508 1675 3596 ioppettsoosoricinensem-dopmnum-collecto·

890 3629 957 3672 rans
971 3611 1093 3691 plumbi.
1106 3645 1146 3659 -
1157 3611 1355 3677 Tbesenrarlo
1370 3615 1558 3679 Noosriorurn
1571 3616 1673 3697 Rotae.

926 3709 1116 3803 ¹Exequntum
1144 3733 1198 3796 per
1225 3716 1366 3779 Cursores
1398 3717 1444 3780 die
1477 3719 1579 3780 martis
1613 3735 1674 3781 xsx

890 3813 957 3874 maii
979 3813 1070 3876 lilla.

951 3914 993 3977 Ut
1013 3915 1135 3979 sisrrum
1164 3919 1390 3983 sacratissimum
1411 3918 1562 3989 buccae,
1595 3922 1673 3999 quod

887 4012 1019 4093 Magnus
1041 4015 1158 4078 Turnus
1191 4015 1245 4081 SS-
1278 4019 1312 4079 D.
1346 4019 1380 4080 N.
1403 4039 1456 4100 per
1483 4020 1672 4100 Casinsbuerg

887 4111 1044 4176 Oratorem
1063 4135 1151 4177 suum
1170 4117 1275 4191 mittit,
1294 4130 1383 4198 prout
1400 4120 1485 4181 etiarn
1512 4138 1601 4202 supra
1623 4120 1673 4181 dl-

886 4213 1004 4288 ximus,
1025 4215 1174 4279 decentius
1206 4219 1405 4299 reciperetur,
1425 4233 1455 4283 et
1484 4239 1519 4311 ne
1550 4239 1672 4302 procer-

886 4315 928 4377 slo
960 4328 1059 4379 nostra
1087 4339 1138 4401 per
1171 4320 1304 4383 eumdem
1341 4320 1498 4385 Oratorem
1528 4322 1671 4385 infidelem

858 4459 859 4463 ,
886 4415 1067 4480 derideretur
1087 4431 1117 4482 et
1133 4421 1377 4502 vilipenderetur,
1398 4423 1545 4485 ordinarit
1558 4422 1614 4485 SS.
1632 4423 1668 4483 D.

885 4513 1000 4592 Noster,
1022 4520 1098 4597 quod
1112 4520 1158 4583 die
1172 4522 1364 4601 praecedenti,
1378 4523 1474 4604 vigilia
1490 4524 1672 4587 Ascensionis

884 4617 1002 4679 Domini
1024 4619 1121 4682 Nostri
1142 4621 1210 4682 doen
1230 4621 1360 4698 Christi,
1379 4624 1454 4686 idem
1473 4622 1585 4687 Orator
1605 4623 1669 4687 Ur-

885 4718 949 4782 bem
987 4721 1137 4795 intraret,
1165 4725 1246 4803 prius
1267 4724 1408 4787 adventus
1438 4735 1467 4786 et
1500 4722 1674 4815 receptionis

856 4831 858 4837 ’
884 4821 965 4883 ferri.

928 4920 1049 4985 Oeduio
1078 4922 1291 4989 intiosotionis
1303 4945 1362 5006 per
1377 4925 1530 4990 cursores
1545 4928 1670 5010 sociere·

886 5023 956 5095 dne,
975 5023 1095 5084 tenoris
1113 5025 1337 5107 subsequentis.
1559 5034 1562 5040 ’

927 5145 944 5177 s
968 5122 1011 5184 De
1032 5121 1166 5184 mandato
1185 5122 1239 5185 SS.
1258 5124 1294 5185 D.
1311 5123 1345 5186 N.
1368 5125 1516 5188 intimetur
1535 5128 1668 5191 omnibus

887 5218 959 5282 Ner.
974 5220 1176 5285 cardinalibus
1189 5224 1267 5302 quod
1282 5224 1369 5287 bodie
1382 5224 1458 5286 inter
1473 5242 1553 5301 xrx,
1567 5240 1597 5291 et
1609 5245 1665 5293 xx.

886 5319 1010 5398 boram,
1031 5342 1084 5403 per
1097 5333 1213 5404 portam
1231 5317 1336 5387 Bentm
1354 5324 1463 5389 biariae
1478 5326 1513 5387 de
1534 5328 1668 5409 Populo,

1391 5447 1421 5493 id
