3758 6030
62 238 175 322 (ιιιι)
197 310 199 314 ,

60 390 169 435 uerum
190 373 443 449 distributionem,
464 375 581 454 quidm
595 375 704 440 Nobilis
722 376 758 440 de
776 378 852 441 Per·

60 476 210 554 pignano,
230 475 280 536 cui
301 490 394 554 nuper
423 475 520 535 locum
543 474 580 537 sd
592 477 710 557 >gradus
729 477 797 540 solii
818 477 853 538 de

62 574 201 635 munero
212 574 308 654 Papae
322 573 466 635 dederam:
485 576 581 648 omnio
596 577 652 638 elia
667 596 748 639 neore
768 561 853 638 soluo

62 685 145 754 gesta
159 685 237 736 sunt.
252 675 289 736 D.
306 675 502 753 Pderqnardns
516 675 626 740 Orator
637 677 731 758 Regis
742 678 853 739 llorua·

59 792 169 836 norum
191 775 294 836 babuit
315 778 421 838 iterum
443 779 572 858 primum
596 782 692 840 locum
713 781 774 841 siue
794 797 852 839 on·

59 871 241 954 jussumque
259 876 513 941 contradictione:
535 868 697 942 sermonem
725 881 793 943 iecit
814 879 851 941 lt.

63 975 100 1035 D.
126 979 255 1056 Angelus
276 979 520 1060 Arcbiepiscopns
550 982 724 1061 Viennensis.
757 983 851 1045 Finita

62 1076 164 1149 Missa,
174 1078 230 1139 SD
243 1079 279 1138 D.
296 1078 341 1150 ll..
356 1096 403 1141 tue
417 1083 608 1160 supplicante,
620 1084 759 1144 concessit
771 1070 852 1145 nobis

61 1179 181 1242 clericis
208 1197 242 1240 ce
259 1180 476 1252 rimonlartsm,
493 1193 522 1242 et
541 1184 707 1245 tautonibus
729 1195 759 1246 et
789 1185 852 1247 eliis

64 1277 101 1338 de
113 1280 243 1359 reppello
259 1282 524 1355 sunexistentibus,
539 1283 708 1346 facultatem
729 1282 852 1367 attgeott

64 1376 258 1441 consessorem
272 1424 282 1454 ,
297 1383 349 1459 qui
367 1400 419 1442 uos
433 1381 470 1441 ab
486 1385 619 1445 omnibus
640 1396 695 1448 etc.
711 1387 853 1462 absolvet,

61 1488 92 1540 et
115 1481 274 1559 plenariam
289 1482 520 1562 indulgentiam,
540 1496 567 1547 et
587 1488 782 1548 remissionem
796 1500 852 1549 ete.

61 1579 236 1660 impendat,
265 1594 294 1642 et
326 1583 406 1661 quod
427 1585 568 1646 visitando
600 1589 723 1667 singulis
752 1589 854 1650 (liebus

59 1683 155 1743 altore
176 1680 284 1759 majus¹
302 1683 435 1745 basilicae
456 1686 556 1747 Ssucti
588 1687 668 1748 l‘etri
690 1707 853 1768 consequa·

60 1800 128 1842 mus
157 1783 351 1863 indulgentias
376 1784 561 1858 Statiouum,
582 1789 660 1864 quud
681 1800 710 1849 et
728 1790 854 1868 quibus·

60 1881 130 1943 dam
151 1894 207 1944 etc.
237 1885 406 1946 cantoribus
427 1885 529 1947 deiude
549 1887 719 1966 significavi.

108 1981 264 2046 Dornlniaa
282 1989 376 2064 prime
388 1984 646 2066 Ouedregesiurae,
657 2005 770 2050 xurtrt.
784 1989 853 2052 dicti

59 2086 186 2158 mensis,
206 2084 280 2147 Rev.
301 2087 331 2145 iu
350 2086 469 2147 Christo
492 2087 524 2147 Ρ.
547 2088 586 2147 D.
604 2087 773 2168 -Stepbsuus
793 2093 855 2151 lr-

59 2185 266 2267 cbiepiseopus
286 2186 469 2250 Patrecensis
493 2199 522 2248 et
542 2188 704 2269 Episcopus
725 2191 855 2252 Torcel-

63 2289 161 2359 lauus,
192 2288 248 2349 SS.
271 2288 307 2349 D.
331 2288 365 2349 Ν.
392 2288 488 2370 Papae
517 2291 667 2364 assistens,
698 2292 855 2354 celebravit

58 2388 178 2450 luteam
201 2389 351 2469 publicem
373 2391 401 2451 iu
424 2392 554 2472 cappella
570 2391 759 2470 supradicta,
776 2393 854 2473 Papa

61 2500 221 2569 praesente.
240 2491 420 2553 Sermonem
441 2493 510 2554 lecit
533 2503 714 2571 procurator
736 2492 856 2556 Ordinis

61 2591 329 2665 Praedicatorum,
354 2602 384 2654 et
414 2594 472 2654 alia
494 2594 590 2656 omnia
612 2593 767 2655 obseruata
787 2607 856 2658 sunt

62 2711 147 2755 more
173 2696 269 2754 solito.

104 2794 305 2865 nutrieras,
322 2803 427 2870 quartu
443 2793 517 2854 dieti
534 2793 637 2854 mensis
655 2794 762 2868 martii,
782 2791 854 2856 iles.

59 2884 89 2954 iu
112 2893 230 2955 Cbristo
251 2893 284 2954 Ρ.
308 2892 343 2954 D.
366 2893 472 2955 Petrus
488 2895 600 2955 Penius
614 2896 764 2974 episcopus
779 2895 857 2955 Sau-

66 3006 130 3056 otee
148 2996 278 3075 Agrilion
292 2996 452 3057 celebrarit
468 2997 582 3056 blisseru
605 2997 763 3076 pubiicum,
778 2997 856 3078 l'epa

54 3098 187 3178 pluviali
222 3096 315 3158 rubeo
336 3108 365 3157 et
388 3099 450 3159 aliis
482 3098 658 3178 paramentis
684 3099 777 3158 solitis
809 3098 858 3158 in·

59 3199 157 3269 duto,
191 3197 219 3257 iu
255 3199 387 3277 cappella
422 3200 589 3278 supradicto
611 3210 781 3278 praesente,
802 3218 858 3280 pro

61 3301 158 3359 anima
181 3298 450 3363 bonaememoriee
468 3299 642 3361 Ferdiuendi
666 3301 781 3362 Siciliae
801 3313 856 3363 eto.

63 3400 153 3479 Regis
167 3399 366 3479 Neapollteui,
386 3410 416 3460 et
431 3403 460 3460 in
477 3399 532 3460 line
551 3400 652 3462 Missae
667 3399 745 3480 Papo
760 3400 858 3462 obsol-

62 3503 104 3562 sit
124 3501 235 3562 etalio
268 3502 364 3560 omniu
388 3501 541 3561 observem
565 3510 640 3561 suut
662 3520 743 3563 more
763 3501 856 3563 solito.

104 3601 218 3662 Eadem
235 3601 290 3672 alie,
302 3618 372 3660 onus
390 3601 530 3661 intraturi
547 3613 638 3662 essem
654 3601 738 3662 bodie
747 3601 857 3665 Urbem

63 3700 210 3763 Orstores
243 3701 315 3761 lien.
351 3700 520 3764 iuscbrism
549 3703 583 3762 Ρ.
604 3714 633 3763 et
655 3703 690 3762 D.
720 3703 756 3762 D.
778 3702 859 3764 Petri

62 3802 239 3864 Dsubussou
253 3786 364 3862 'sareu
389 3801 532 3863 Hadriani
566 3804 690 3867 Sanctae
711 3803 858 3866 llomonae

62 3905 212 3966 Ecclesiae
246 3904 366 3965 Diacoui
402 3904 596 3978 Cerdiuelis,
631 3925 667 3968 ac
702 3905 798 3968 Rhodi
829 3919 858 3969 et

67 4004 188 4068 Ordinis
210 4005 311 4066 Sancti
325 4006 463 4067 lobamris
483 4007 738 4088 Hierosolymitnui
759 4009 857 4088 Magni

68 4107 203 4187 bleglstri
224 4125 278 4186 pro
302 4108 462 4169 obedientie
483 4106 540 4168 SS.
561 4106 599 4168 D.
621 4108 655 4168 Ν.
677 4109 858 4189 praestanda,

63 4209 138 4270 llev.
161 4209 197 4268 D.
215 4207 391 4270 cordinello
413 4210 552 4270 Ascanius
582 4211 857 4284 vicecancellarius,

64 4309 144 4370 llulta
166 4307 274 4380 blissa,
296 4309 493 4388 interrogarit
526 4330 594 4384 rue,
623 4328 659 4371 eu
682 4308 858 4372 Oratoribus

65 4410 276 4490 suprascriptis
295 4420 368 4471 esset
382 4429 434 4489 per
449 4410 572 4473 familias
594 4412 650 4473 SS.
680 4412 715 4471 D.
735 4411 771 4495 Ν.
798 4411 858 4470 Ρι-

64 4525 118 4587 pac
140 4518 169 4568 ct
184 4507 503 4569 licrercudissimorum
519 4509 717 4571 cardinalium
746 4512 856 4570 iturum

62 4609 181 4668 obuiam
216 4626 272 4687 pro
304 4626 408 4669 eorum
446 4608 579 4670 introitu.
612 4609 678 4670 btu
707 4609 859 4671 Reveren-

64 4710 198 4770 dissimae
224 4708 419 4770 Domiuatloni
440 4708 542 4781 Suae,
574 4711 651 4789 qood
681 4729 759 4786 uou,
791 4712 859 4788 quia

64 4810 193 4872 subditis
216 4810 342 4872 Sanctae
362 4808 512 4872 Romanae
533 4810 704 4885 Decimius,
725 4829 759 4872 ac
786 4812 859 4872 tali·

64 4912 155 4992 giosis
175 4911 307 4991 personis
320 4909 443 4971 'obviem
467 4911 647 4989 regulariter
669 4929 726 4972 uou
753 4911 858 4971 lretnn

65 5013 231 5094 lleplioosit
252 5021 431 5092 procurator
452 5011 520 5071 dicti
540 5010 663 5074 Ordinis
685 5012 735 5089 qni
756 5010 858 5071 ibidem

64 5124 288 5196 preeuntem,
309 5113 391 5192 quod
409 5124 541 5192 tempore
562 5113 657 5174 icliols
677 5110 860 5173 tueor-datio·

66 5217 111 5277 nis
134 5215 210 5276 Sinti
227 5214 323 5293 l’apee
345 5211 469 5288 Quarti,
483 5211 628 5275 Oratores
644 5209 773 5290 ejusdem
793 5210 860 5272 tta·

65 5318 166 5399 gistri,
188 5328 218 5378 et
234 5313 353 5377 Ordinis
374 5314 502 5393 qrrodam
523 5333 590 5376 sero
611 5325 720 5376 secrete
741 5313 778 5374 etl
796 5312 860 5376 Ur·

541 238 827 305 ronututctttts
849 239 1073 303 ttnxittuttt
1094 241 1220 305 suxit.

1644 250 1706 312 unt

921 378 985 440 mm
1008 381 1171 451 venisseut,
1200 397 1275 458 quos
1297 380 1372 442 idem
1405 379 1504 448 Sixtus
1531 383 1632 448 deinde
1652 387 1708 448 alie
1834 414 1836 419 ·

919 477 965 540 dic
986 480 1097 544 Urbem
1118 481 1219 554 extre,
1238 492 1268 542 et
1287 479 1329 544 eis
1351 483 1465 562 ptrbllce
1495 503 1546 564 per
1568 503 1652 546 suoru
1679 498 1709 548 et

918 575 1127 657 llernGardd.
1135 581 1257 641 familias
1266 580 1373 662 noeipl,
1385 594 1415 643 et
1424 584 1580 647 atlUrbem
1594 587 1708 665 publice

918 681 955 741 ad
974 681 1133 762 hospitium
1153 699 1258 742 eorum
1279 683 1418 743 associari
1436 684 1561 746 lecisset:
1581 697 1608 747 et
1628 687 1707 764 quod

919 783 1050 843 similiter
1063 792 1191 863 tompore
1209 785 1379 846 recolendae
1398 785 1554 848 memoriae
1565 787 1708 849 luuooeu·

919 880 952 942 tli
976 881 1071 961 Papae
1090 879 1218 954 Octavi,
1240 884 1381 944 Oratores
1413 881 1541 961 ejusdem
1572 885 1706 964 Magistri

919 993 948 1041 et
962 976 1083 1042 Ordinis
1100 982 1219 1042 inissent
1238 986 1264 1043 iu
1284 1002 1387 1045 eorum
1408 986 1530 1045 introitu
1544 986 1581 1045 ou
1597 985 1707 1049 Urbem

921 1100 971 1160 per
1002 1071 1126 1143 familias
1159 1082 1254 1163 Papae
1286 1094 1315 1145 et
1347 1084 1545 1146 cardinalium
1578 1088 1708 1167 recepti,

919 1193 949 1242 et
988 1182 1102 1261 publice
1142 1181 1180 1241 sd
1219 1201 1324 1244 eorum
1365 1184 1526 1264 hospicium
1564 1187 1713 1247 associati.

919 1281 1064 1361 Respondi
1086 1282 1301 1360 quodseuctee
1335 1286 1492 1345 memoriae
1528 1286 1710 1346 innocentius

907 1381 1000 1467 ¹l'upa
1021 1380 1153 1443 Omeros
1174 1383 1367 1463 receptionem
1391 1382 1556 1461 hujusmodi
1578 1385 1708 1458 iecisset,

920 1482 956 1544 do
987 1483 1195 1545 eonsuetudiue
1226 1495 1254 1545 et
1285 1485 1470 1546 observantia
1504 1486 1597 1546 debite
1629 1487 1708 1547 circa

922 1580 1088 1659 hujusmodi
1114 1571 1197 1643 tinnis
1219 1582 1408 1656 informatus,
1430 1583 1498 1663 quia
1520 1603 1593 1646 cum·
1610 1596 1708 1665 postea

920 1682 1031 1744 iactum
1053 1701 1070 1742 u
1091 1701 1138 1744 ma
1160 1684 1363 1754 intellexisset,
1386 1685 1456 1744 milii
1475 1685 1545 1745 dixit
1566 1704 1634 1746 eam
1656 1703 1709 1746 ne·
1732 1744 1741 1755 ,

918 1783 1050 1853 scivisse,
1063 1794 1093 1844 et
1107 1783 1197 1862 qnod,
1213 1802 1282 1844 cusu
1296 1782 1430 1863 deinceps
1443 1798 1629 1856 occurrente,
1643 1803 1709 1844 atu·

921 1884 998 1961 plius
1017 1884 1133 1944 obviem
1155 1902 1212 1944 nou
1232 1885 1320 1945 uellet
1342 1883 1390 1944 iri.
1414 1885 1456 1945 De
1476 1904 1509 1945 re
1523 1904 1575 1964 per
1594 1885 1710 1946 Sintnm

921 1994 1009 2056 acte,
1028 2003 1076 2045 me
1097 1983 1271 2064 respondere
1294 2002 1352 2046 nou
1375 1987 1470 2058 uelle,
1489 2003 1559 2045 cum
1585 2003 1642 2046 uou
1662 2003 1712 2047 cs·

920 2093 963 2145 set
986 2096 1115 2165 tempore
1134 2105 1199 2148 meo
1221 2090 1323 2164 gesto,
1344 2085 1395 2155 sed
1427 2085 1608 2165 temporibus
1627 2083 1711 2168 ejus·

922 2185 987 2246 dem
1019 2186 1095 2247 sint
1128 2186 1215 2247 luisse
1236 2186 1308 2247 bene
1341 2187 1532 2247 caerimonias
1553 2195 1712 2266 corruptas

898 2284 950 2345 'ot
971 2287 1157 2347 intermissos.
1190 2286 1372 2348 Peramcutis
1393 2286 1493 2347 deiude
1514 2305 1566 2366 pet·
1588 2283 1712 2347 reustu-

923 2405 986 2448 cem
1009 2385 1154 2461 dimissis,
1177 2387 1285 2448 vocatis
1300 2386 1504 2449 Cardiualibns
1517 2386 1554 2446 ed
1568 2397 1710 2448 secretam

924 2506 1081 2559 cernerem,
1097 2486 1214 2547 babitus
1235 2497 1278 2548 est
1297 2487 1332 2550 dc
1353 2487 1519 2567 praemissis
1538 2506 1591 2566 per
1609 2486 1713 2547 Ponti·

925 2590 1009 2652 licem
1030 2608 1148 2663 sermo,
1180 2600 1299 2650 etcum
1329 2589 1418 2667 aliqui
1451 2607 1486 2650 ex
1507 2587 1711 2650 cardinalibus

921 2695 1101 2771 allegassent
1126 2708 1172 2750 ure
1193 2688 1319 2762 dixisse,
1340 2708 1376 2750 ex
1398 2688 1557 2750 rationibus
1577 2688 1712 2768 superius

924 2812 975 2872 per
995 2810 1041 2852 me
1062 2792 1203 2870 allegatis,
1225 2790 1341 2850 obstem
1363 2787 1540 2850 Oratoribus
1564 2790 1633 2868 ipsis
1655 2807 1712 2851 non

922 2913 984 2956 esse
1005 2895 1033 2952 iu
1054 2908 1161 2971 genere
1187 2890 1337 2962 eundum,
1358 2891 1407 2951 sed
1440 2889 1639 2951 tautummodo
1659 2909 1713 2969 per

926 2994 1117 3074 particulares
1133 2993 1255 3064 amieos,
1266 2990 1410 3070 respoudit
1425 2991 1556 3052 l'outilex
1578 3009 1624 3050 rue
1641 2989 1712 3049 nibil

924 3096 1021 3167 scire,
1042 3106 1072 3155 et
1101 3093 1230 3154 docrevit
1255 3092 1334 3170 qrrod
1364 3109 1418 3151 sua
1439 3103 1467 3152 et
1486 3092 1616 3152 omniutu
1635 3090 1714 3152 cor·

927 3197 1066 3255 diunlium
1092 3193 1218 3252 familiae
1240 3193 1378 3272 praelatis
1400 3189 1577 3254 Oratoribus
1596 3192 1713 3259 obviarn

925 3297 1131 3369 mitterentur,
1165 3305 1255 3372 prout
1286 3294 1391 3355 ceteris
1422 3293 1621 3356 Potenlatibus
1651 3291 1714 3354 fleri

925 3398 1085 3458 cousuevit.
1107 3395 1287 3455 intrantibus
1308 3396 1403 3474 igitur
1424 3397 1504 3461 circa
1527 3394 1631 3457 boram
1652 3410 1711 3455 xxa

925 3517 977 3577 per
999 3506 1115 3577 portum
1137 3495 1382 3570 lateranensem,
1402 3497 1565 3558 Asinariam
1587 3512 1714 3579 >nunon-

926 3610 1032 3678 patum,
1055 3596 1090 3656 tt.
1113 3598 1141 3656 iu
1162 3595 1281 3658 Christo
1302 3595 1390 3658 Patre
1408 3596 1445 3657 D.
1467 3595 1568 3658 ttaroo
1589 3595 1715 3658 llrcbic·

926 3703 1042 3779 pisoopu
1071 3696 1243 3768 Coloeensi,
1274 3709 1304 3758 et
1333 3696 1492 3778 magnificis
1512 3708 1541 3758 et
1562 3694 1714 3773 Religiosis

926 3798 1066 3860 iratribus
1088 3797 1124 3856 D.
1146 3796 1235 3857 Petro
1263 3796 1361 3859 Stoler
1384 3814 1491 3876 magno
1520 3796 1623 3856 Daliro
1644 3793 1715 3855 dle·

927 3900 1057 3960 manniae
1091 3908 1120 3959 et
1151 3898 1330 3977 berengerio
1362 3895 1461 3974 Xantij
1501 3896 1536 3957 de
1567 3896 1715 3974 Darospcn

926 4000 1029 4061 Priore
1049 3997 1199 4058 Nouercae
1219 3999 1360 4058 militibus
1379 3996 1497 4058 Ordinis
1521 3996 1554 4057 S.
1576 3994 1715 4057 Jobauuis

925 4099 1197 4178 Hierosolymitaui,
1218 4097 1379 4159 Cordiualis
1397 4108 1425 4159 et
1446 4094 1575 4174 ejusdem
1595 4093 1715 4156 Ordinis

925 4201 1022 4280 ttsgnt
1044 4198 1176 4276 Magistri
1200 4198 1360 4278 sopradicti
1387 4197 1561 4260 Oratoribus
1582 4196 1715 4262 Urbem,

925 4302 1041 4362 obuiam
1066 4309 1207 4361 uenerunt
1230 4299 1354 4360 letniliae
1376 4317 1451 4377 qnae
1470 4317 1520 4361 eos
1541 4308 1715 4378 metuerunt

925 4416 954 4465 et
970 4423 1021 4482 per
1036 4403 1207 4472 colisseum,
1229 4400 1364 4460 Sanctam
1379 4400 1502 4461 Mariam
1518 4398 1641 4469 Noram,
1657 4396 1716 4457 l’e·

927 4504 1069 4564 lioieriam
1084 4513 1150 4561 aute
1168 4501 1288 4561 domum
1304 4501 1339 4562 de
1357 4500 1489 4561 liberrimis
1510 4519 1562 4579 per
1580 4515 1715 4577 campum

926 4604 1031 4665 Florae
1053 4603 1088 4661 ad
1109 4601 1229 4661 domurn
1252 4601 1324 4663 Res.
1356 4602 1392 4661 D.
1418 4599 1579 4662 Cardiualis
1599 4596 1717 4658 Burde-

927 4704 1071 4784 galeusis,
1093 4719 1168 4780 quac
1199 4702 1268 4762 olim
1301 4701 1357 4761 luit
1390 4698 1550 4762 cardinalis
1580 4698 1717 4773 Aurege-

927 4805 1019 4865 rensis
1035 4847 1044 4876 ‚
1062 4804 1090 4862 iu
1112 4820 1169 4879 qno
1205 4802 1345 4882 hospitari
1370 4803 1548 4871 uoluerunt,
1577 4795 1717 4856 associati

923 4905 1046 4968 luerunt
1067 4922 1148 4964 merc
1171 4905 1264 4965 solito.
1287 4901 1532 4980 Arebiepiscopus
1551 4898 1719 4959 &locensis

926 5007 1040 5087 primns
1061 5000 1174 5065 Orator
1195 5004 1251 5063 luit
1274 5001 1387 5062 medius
1416 5001 1491 5062 inter
1513 4998 1719 5078 probicpisco-
1830 5072 1836 5079 ι

926 5126 997 5188 ριιιιι
1021 5104 1202 5185 Rugusiuum
1216 5148 1224 5175 ,
1238 5113 1266 5162 et
1280 5100 1458 5180 Episcopum
1473 5098 1716 5161 Concordieuscm

927 5204 1206 5288 praelatosl'aletii3
1227 5201 1345 5262 balivus
1370 5201 1553 5273 uictumuias,
1574 5200 1719 5262 secundus

927 5306 1051 5380 Orator,
1082 5307 1138 5366 fuit
1170 5302 1281 5366 medius
1302 5303 1378 5363 iuter
1400 5300 1640 5383 segobricensctn
1654 5345 1673 5398 ,Ἴ
1689 5313 1720 5363 et
