3758 6030
186 237 249 299 aaa

228 399 245 433 ι
270 374 335 454 Ego
355 372 482 435 Aloisius
503 372 539 432 de
559 372 704 451 Aregonia
726 373 851 434 clericus
881 371 985 453 Gireq

184 477 288 549 censis,
310 475 447 537 Notarius
468 472 505 535 Ι).
527 470 626 534 Nostri
641 472 747 553 Papae,
762 475 799 534 ab
821 473 876 534 hac
897 473 970 536 hore

186 576 322 638 inantea
344 573 436 635 fidelis
461 593 513 636 ero
534 574 625 636 Beato
657 574 767 648 Petro,
790 576 970 653 Sanctaequo

184 677 332 739 Romanae
361 675 510 737 Ecclesiae
540 687 569 737 ct
603 674 638 737 D.
672 675 706 737 Ν.
736 677 771 737 Ι).
805 677 969 739 Alexandro

181 778 276 859 Papae
305 779 392 839 Sexto
424 775 545 856 ejusque
576 779 796 840 successoribus
829 781 968 841 cononice

182 878 368 941 intrantibus:
381 895 438 939 non
452 897 505 939 ero
519 877 548 937 in
564 878 651 951 lacto,
667 880 798 949 consilio,
819 898 969 954 consensu,

181 981 229 1039 vel
248 979 381 1051 auxilio,
403 978 482 1056 quod
516 979 605 1040 ritem
626 981 768 1060 perdant,
800 992 851 1041 aut
872 999 967 1041 mem·

181 1077 291 1152 hrum,
312 1081 356 1140 rel
372 1079 525 1157 capientur·
548 1081 623 1140 mela
652 1081 800 1161 ceptione;v
817 1082 967 1142 condilum

181 1177 261 1256 quod
282 1197 334 1258 per
355 1198 404 1248 se,
426 1179 471 1239 vel
494 1180 631 1240 nuncium
650 1198 758 1253 satum,
780 1193 836 1242 aut
856 1181 967 1243 litteras

181 1278 250 1339 mihi
270 1278 411 1341 reddituri
427 1291 495 1341 suut
510 1281 613 1358 signo,
636 1281 728 1343 verbo
750 1282 794 1342 acl
814 1292 899 1354 nuta,
921 1302 967 1346 me

182 1381 304 1455 sciente,
323 1377 358 1441 ed
379 1386 482 1441 eorutn
504 1381 667 1455 damnum,
690 1383 735 1443 rel
757 1383 966 1463 praejudicium

181 1481 286 1541 nemini
309 1481 454 1560 pendam:
475 1482 502 1541 si
524 1502 594 1545 sero
616 1483 752 1545 damnum
774 1503 878 1545 carum
902 1497 965 1546 tre·

87 1572 91 1579 “
181 1582 258 1642 ctari
291 1583 424 1655 scivero,
448 1602 505 1662 pro
536 1603 618 1664 posse
640 1602 704 1646 mea
726 1584 899 1665 impediam,
934 1598 971 1668 ut

181 1680 248 1743 lists
271 1682 348 1759 quod
370 1684 393 1742 si
415 1702 468 1762 ρει·
486 1703 536 1746 ιιιε
555 1685 687 1764 impediri
709 1704 765 1745 non
786 1696 892 1765 posset,
914 1707 965 1766 per

177 1783 320 1843 nuncium
343 1794 395 1842 aut
428 1784 538 1844 litteras
559 1786 601 1846 cis
634 1784 799 1865 significare
833 1787 964 1860 curabo,

178 1886 223 1947 vel
244 1885 286 1946 illi
308 1902 462 1964 perquem
482 1886 568 1946 citius
590 1886 625 1945 ad
640 1905 742 1948 eorum
765 1888 897 1948 notitiem
912 1889 965 1951 de·

179 1984 319 2046 ducetur.
342 1983 484 2063 Papetum
504 1985 681 2059 Romanum,
701 1998 729 2049 et
744 1986 864 2066 Regelia
888 1989 965 2049 San·

177 2086 216 2147 cti
238 2085 336 2157 Petri,
359 2104 393 2145 ac
415 2087 510 2146 omnia
531 2084 601 2162 jura
624 2087 770 2150 Romanae
793 2087 963 2164 Ecclesiae,

178 2203 253 2263 quae
275 2185 382 2259 hahet,
405 2187 513 2266 ubique
534 2190 725 2251 manutenebo
757 2192 822 2250 totis
852 2190 963 2252 viribus

176 2297 205 2348 et
227 2286 396 2359 defendam,
420 2299 448 2349 et
468 2286 588 2365 adjutor
608 2309 681 2352 ero:
704 2290 821 2370 negocia
855 2291 924 2351 mihi
946 2310 962 2351 a

173 2386 209 2446 D.
232 2386 266 2448 N.
289 2388 366 2468 Papa
389 2389 562 2462 commissa,
584 2392 629 2451 ael
663 2390 864 2452 committenda
888 2391 962 2454 lide·

175 2488 241 2549 liter
272 2507 373 2567 geram
394 2501 422 2550 et
443 2489 566 2552 sollicite
597 2491 772 2570 procurabo.
794 2490 962 2554 Notariatus

175 2588 270 2650 adicio
299 2589 437 2669 praedicti
459 2589 581 2653 fideliter
603 2590 742 2652 exercebo
756 2600 772 2663 ‚'
798 2592 872 2651 nihil
907 2593 962 2652 ed·

176 2689 290 2762 dendo,
308 2690 353 2751 rel
368 2689 521 2751 minuendo
534 2692 593 2752 sine
610 2692 759 2753 voluntate
777 2691 812 2751 D.
833 2691 867 2751 N.
885 2693 962 2770 quod

175 2790 307 2851 immutet
328 2791 515 2851 substantiam
537 2801 620 2852 actus
642 2791 712 2851 mihi
733 2793 894 2871 compositi3
913 2803 961 2852 at·

173 2892 339 2952 testationes
359 2909 447 2971 super
463 2891 602 2971 negociis,
622 2891 819 2971 inquisitiones
840 2894 961 2955 canoni-

174 2992 333 3053 zandoruth
350 2988 577 3071 respicientibus,
594 2992 716 3055 fideliter
729 2996 756 3055 in
772 2995 887 3073 scriptis
903 2994 961 3055 im·

173 3080 314 3171 ponetrdas
336 3092 407 3152 mihi
430 3095 459 3154 in
481 3094 675 3166 consistorio,
696 3106 726 3156 et
746 3095 914 3174 redigendas
929 3096 960 3159 itt

165 3195 319 3275 publicam
340 3197 466 3256 sormam
490 3195 612 3257 fideliter
635 3197 766 3276 redigam
784 3208 839 3264 ,et
865 3199 960 3258 ournia

171 3297 228 3357 elie
250 3315 325 3375 quae
347 3297 453 3375 ubique
475 3299 656 3377 imponentur
679 3318 732 3377 per
753 3298 789 3358 Ι).
811 3296 846 3357 Ν.
866 3296 961 3360 lideli·

171 3409 215 3457 ter
230 3417 383 3477 peregem3
399 3397 499 3483 dolum
520 3418 570 3460 scu
592 3399 725 3459 fraudem
741 3409 841 3459 contra
865 3399 960 3478 ipsum

82 3511 87 3519 ·
172 3499 297 3560 officium
320 3517 377 3559 non
397 3500 577 3561 committam
599 3519 690 3578 neque
716 3500 858 3560 committi
886 3518 959 3561 con-

170 3599 312 3671 sentiam,
333 3609 362 3659 et
376 3599 401 3657 si
419 3600 510 3660 sciata
531 3602 659 3678 aliquem
678 3600 793 3673 dolum,
809 3620 858 3662 seu
875 3602 960 3664 irau-

170 3699 236 3760 dem
264 3711 366 3761 contra
390 3700 462 3760 illud
488 3701 653 3772 committi,
677 3701 712 3760 Ι).
739 3720 826 3775 ιιιεο,
847 3712 959 3780 quarata

114 3823 116 3826 ·
170 3801 257 3861 citius
277 3801 428 3862 commode
450 3811 553 3880 potero
574 3801 708 3863 revelabo
720 3824 730 3874 3
752 3803 862 3863 litteras
885 3823 958 3882 quae

170 3902 299 3983 expediri
322 3902 476 3963 debentia
501 3902 681 3964 Cancellerie
705 3922 761 3963 non
784 3905 957 3982 impediam,

170 4023 222 4066 uec
260 4003 394 4082 impediri
425 4004 597 4065 consentiam
610 4025 621 4076 3
653 4005 853 4084 impugnantes
872 4025 957 4079 ,vcro

169 4108 280 4168 litteras
302 4110 329 4167 iu
345 4107 524 4168 Cancellaria
545 4107 704 4188 praedicta,
720 4106 862 4186 partibus,
885 4125 957 4186 pro·

170 4209 356 4270 curatoribus
380 4209 425 4269 rel
457 4211 585 4288 personis
606 4210 669 4269 eliis
690 4228 741 4287 per
772 4228 845 4287 quas
867 4211 956 4288 possit

169 4311 321 4389 peruenire
343 4309 378 4368 ed
398 4329 500 4370 cartam
518 4298 663 4382 notitiam,
679 4311 783 4371 nemini
806 4311 955 4373 revelabo:

168 4420 280 4473 secreta
299 4410 385 4471 etiem
408 4413 462 4470 elia
486 4412 575 4491 ipsius
596 4413 790 4474 Cancellariae
813 4430 886 4490 quae
907 4434 955 4475 se·

168 4522 248 4573 creta
280 4529 339 4571 esse
373 4528 561 4588 cognovero,
582 4527 691 4575 secrete
727 4514 844 4587 tenebo,
864 4534 956 4594 eaque

167 4615 290 4674 solenter
312 4614 415 4674 nemini
432 4614 564 4692 pendam.
584 4615 757 4694 supradicta
775 4617 870 4694 itaque
888 4635 954 4678 om·

166 4716 213 4774 nia
234 4726 262 4776 et
283 4716 396 4794 singule
420 4716 579 4795 promitto,
602 4726 632 4776 et
648 4713 721 4791 juro
742 4717 889 4778 attendere
902 4763 911 4788 ,
926 4728 954 4778 et

102 4861 107 4872 .
165 4817 323 4880 obsecrare
336 4819 396 4878 sine
417 4817 495 4877 omni
511 4817 598 4890 dolo,
618 4829 647 4878 et
662 4817 765 4879 lraude
782 4862 790 4888 ,
812 4818 872 4879 sine
888 4836 953 4878 ma·

166 4916 249 4990 litie;
271 4919 313 4979 sic
334 4937 379 4978 me
399 4919 478 4980 Deus
500 4915 633 4995 adjuret,
648 4931 677 4981 et
692 4918 763 4981 haec
779 4920 885 4981 Sancta
900 4920 951 4982 Dei

166 5015 335 5097 Evangelia.

206 5120 278 5180 Fuit
295 5121 340 5181 his
360 5120 458 5180 diebus
480 5120 553 5180 iuter
570 5119 643 5181 Rev.
660 5121 696 5180 Ι).
718 5119 878 5180 lordonum
893 5117 952 5177 Pe·

165 5221 325 5281 triorchem
356 5220 569 5282 Antiochenam
601 5221 858 5302 Archiepiscopum
899 5238 951 5280 ca·

167 5339 313 5401 puenum,
333 5334 362 5385 et
383 5323 577 5386 Alexandrum
599 5323 858 5404 Archiepiscopum
874 5320 950 5384 Nce-

676 220 959 301 r'on‘ruucurus
978 234 1204 299 erumnam
1225 235 1352 298 saura.

1720 244 1831 329 (stoa)

1039 372 1198 451 politanum
1212 389 1299 450 super
1315 371 1512 451 praecedentia
1532 385 1639 456 magne
1654 376 1832 457 diderentia;

1039 489 1106 532 nam
1128 471 1313 542 Patriarcba,
1332 473 1493 551 privilegiis
1506 474 1559 534 sibi
1574 495 1590 536 a
1605 472 1676 551 jure
1692 484 1832 544 concessis

1040 573 1082 631 uti
1105 573 1213 645 volens,
1234 572 1347 634 dicebat
1367 574 1421 633 sibi
1444 575 1574 654 primum
1599 579 1698 638 locum
1725 580 1832 658 deberi3

1037 670 1279 752 Archiepiscopus
1302 693 1372 734 vero
1400 676 1428 734 in
1450 693 1504 735 sua
1526 674 1675 747 Ecclesia,
1702 680 1832 754 eiritete,

1038 769 1186 844 dioecessi,
1200 786 1228 835 et
1241 775 1400 853 provincia,
1412 776 1527 855 dempto
1544 777 1654 858 Legata
1666 780 1702 841 de
1717 779 1831 857 Latere,

1037 872 1139 936 cedere
1160 876 1264 937 nemini
1300 875 1404 937 dehere
1434 879 1596 951 asserebat,
1627 893 1657 943 et
1677 881 1751 943 adeo
1785 903 1831 945 res

1037 972 1107 1036 haec
1138 986 1180 1036 est
1212 976 1385 1056 divulgata,
1419 979 1498 1056 quod
1518 979 1581 1040 Rex
1606 1000 1655 1043 eos
1677 982 1831 1061 pacificare

1036 1073 1199 1139 desideratos
1218 1087 1247 1138 et
1264 1078 1369 1157 cuique
1382 1082 1487 1141 locum
1502 1099 1589 1142 suam
1611 1084 1747 1156 attribui,
1769 1105 1829 1147 reat

1036 1173 1108 1235 hanc
1131 1176 1201 1236 mihi
1220 1181 1362 1240 commisit
1383 1181 1602 1241 terminandam.
1623 1182 1710 1261 Ego,
1731 1197 1830 1246 atten-

1036 1275 1104 1336 dens
1117 1277 1264 1342 Ecclesias
1277 1279 1493 1343 Patriarcheles
1509 1284 1576 1344 illas
1588 1297 1720 1363 qtretuor
1733 1284 1828 1362 ajurc

1034 1378 1230 1458 privilegiatos
1251 1382 1280 1440 in
1301 1382 1432 1443 manibus
1451 1382 1610 1444 infidelium
1632 1388 1826 1459 constitutas,

1034 1487 1062 1537 et
1077 1492 1229 1558 propterea
1243 1500 1346 1541 eorum
1365 1485 1508 1565 praelatos
1524 1483 1657 1547 tltuleres
1679 1503 1826 1564 nunquam

1034 1595 1211 1656 possessores
1231 1580 1356 1655 allectam
1374 1595 1402 1643 et
1420 1584 1506 1645 etiant
1527 1585 1604 1663 quod
1622 1599 1780 1666 propterea
1801 1590 1827 1649 in

1033 1676 1165 1774 Romana
1181 1680 1269 1742 Curia
1289 1683 1442 1764 privilegia
1460 1705 1564 1747 eorum
1576 1683 1639 1762 jam
1664 1689 1714 1749 diu
1740 1689 1826 1751 oblita

1033 1780 1089 1839 sint
1103 1792 1132 1840 et
1147 1782 1175 1840 in
1198 1784 1324 1862 cappella
1348 1802 1404 1844 nou
1426 1787 1521 1846 solum
1546 1789 1618 1848 inter
1641 1787 1826 1864 cardinales,

1033 1880 1081 1938 sed
1106 1899 1196 1959 aeque
1213 1896 1277 1962 post
1296 1884 1462 1948 Cardinales
1479 1891 1507 1947 in
1523 1888 1616 1950 banco
1631 1890 1827 1952 Cardiaalium

1035 1980 1134 2042 sedere
1150 1984 1257 2043 uostris
1273 1986 1452 2064 temporibus
1473 1989 1603 2067 permissi
1625 1990 1760 2064 luerunt,
1783 1995 1825 2053 rel

1032 2083 1260 2158 permittuntur,
1291 2086 1341 2145 sed
1373 2089 1468 2148 solum
1490 2089 1566 2150 inter
1588 2092 1661 2152 elios
1682 2094 1827 2170 praelatos

1032 2182 1158 2257 primum
1185 2184 1281 2243 locum
1304 2185 1432 2260 hebent;
1464 2191 1541 2268 quod
1568 2191 1626 2251 aidi
1649 2191 1678 2252 in
1703 2194 1826 2272 qarodam

1007 2362 1008 2365 Ἴ
1032 2279 1203 2343 Patriarcba
1225 2286 1402 2349 Antiocheno
1424 2287 1552 2353 Oratore
1571 2292 1660 2373 Regis
1684 2295 1826 2359 Francius

1031 2383 1067 2443 ad
1088 2387 1287 2463 praestandam
1309 2388 1522 2466 obedientiam,
1544 2413 1600 2456 una
1620 2415 1688 2456 cum
1715 2398 1828 2476 princi·

1031 2486 1143 2563 palibus
1173 2488 1239 2548 aliis
1271 2489 1307 2548 ed
1340 2492 1431 2552 lelicis
1463 2496 1675 2558 recordationis
1696 2499 1824 2559 ‘sixtum

1030 2585 1137 2667 Papam
1160 2600 1299 2667 quartum
1326 2593 1412 2655 misso
1427 2639 1435 2666 ,
1453 2607 1481 2657 et
1497 2599 1658 2660 successise
1680 2600 1708 2659 in
1734 2601 1822 2662 bonae

1030 2689 1185 2750 memoriae
1218 2688 1379 2753 Laurentio
1407 2695 1495 2755 etiam
1524 2697 1696 2758 Patriarcba
1719 2701 1823 2761 Antio·

1030 2787 1122 2849 cheno
1136 2789 1205 2850 dicti
1223 2789 1358 2853 Oratoris
1372 2813 1555 2869 successore,
1570 2810 1598 2859 et
1613 2801 1738 2878 praelati
1755 2802 1822 2862 lor·

1030 2887 1095 2948 dani
1112 2889 1275 2952 immediate
1289 2902 1469 2956 antecessore
1485 2897 1630 2970 similiter,
1641 2909 1670 2958 et
1683 2902 1711 2979 in
1732 2900 1768 2961 ll.
1788 2902 1822 2961 Ι).

1029 2988 1234 3051 Bartholomeo
1266 2992 1439 3053 Patriarcba
1473 2997 1729 3061 Hierosolimiteno
1758 3004 1821 3082 epi·

1028 3093 1305 3170 scopoFerrarieusi
1322 3095 1358 3156 tt.
1381 3096 1416 3157 1).
1437 3098 1598 3160 Cardinalis
1618 3101 1718 3162 Sancti
1742 3103 1819 3163 Petri

1028 3191 1064 3250 ed
1087 3192 1209 3253 Vincula
1230 3213 1383 3273 germano,
1398 3198 1425 3256 in
1441 3188 1570 3260 Romane
1591 3202 1675 3261 curia
1697 3215 1726 3264 et
1749 3222 1817 3282 cep-

1030 3293 1104 3370 pcllo
1121 3293 1215 3373 Papae
1235 3295 1396 3369 obserant,
1413 3300 1466 3376 qui
1486 3302 1614 3379 primum
1631 3304 1730 3362 locum
1746 3305 1817 3364 later

1028 3394 1171 3471 praelatos
1194 3393 1287 3474 Papae
1314 3399 1474 3460 assistentes
1507 3401 1695 3476 habuerunt,
1720 3405 1818 3464 decla-

1027 3494 1094 3553 revi
1115 3504 1144 3554 et
1174 3497 1306 3556 ordinavi
1326 3500 1462 3577 priorum
1492 3502 1594 3563 locum
1616 3501 1655 3563 Ι).
1683 3505 1817 3565 Archia·

1024 3596 1384 3677 piscopoNcapolitaao
1405 3599 1439 3659 irs
1462 3601 1604 3671 civitate,
1622 3613 1653 3663 ct
1670 3604 1816 3665 Ecclesia

1026 3693 1240 3772 Neapolitana
1254 3697 1329 3758 alatri
1345 3699 1468 3759 debere:
1486 3703 1652 3763 secundum
1665 3703 1816 3766 Patriar-

1028 3797 1103 3856 clrac
1121 3799 1306 3876 praedict03
1330 3800 1407 3877 quod
1440 3802 1505 3862 licet
1538 3803 1589 3882 ipsi
1627 3803 1814 3866 Putriarchae

1026 3896 1227 3976 displicuerit,
1247 3911 1276 3960 et
1297 3911 1399 3960 contra
1418 3901 1473 3960 hoc
1502 3903 1656 3979 quemdam
1687 3906 1810 3966 advoca·

1026 4008 1090 4060 tum
1107 3999 1143 4057 ad
1158 4000 1341 4078 allegandum
1358 4002 1465 4061 miserit
1485 4003 1559 4062 inter
1576 4003 1814 4067 Patriercherum

1025 4094 1201 4180 privilegia,
1224 4104 1272 4178 qui
1295 4102 1365 4176 illa,
1399 4103 1452 4164 uisi
1475 4125 1525 4164 sua
1548 4108 1658 4186 culpa,
1680 4110 1812 4168 omittere

1026 4220 1081 4262 non
1104 4203 1225 4277 debent,
1245 4223 1299 4282 ego
1318 4217 1410 4265 tanton
1426 4224 1556 4267 asserens
1577 4209 1812 4270 consuetudinem

1025 4303 1171 4366 Romanae
1192 4304 1298 4365 Curiae
1321 4324 1366 4367 me
1387 4307 1495 4366 imitari
1517 4307 1645 4379 debere,
1680 4311 1709 4367 in
1732 4312 1814 4370 unico

1024 4407 1173 4484 proposito
1194 4404 1327 4467 llrnratus
1354 4408 1480 4486 perstiti.
1507 4408 1635 4468 Tandem
1658 4409 1733 4469 idem
1757 4411 1813 4469 Pu·

1023 4507 1154 4566 triorche
1176 4507 1242 4567 iecit
1257 4528 1293 4568 cx
1312 4510 1479 4570 necessitate
1494 4511 1633 4570 virtutem
1650 4554 1659 4581 ,
1682 4512 1762 4571 aenit
1777 4511 1810 4570 ed

1023 4606 1111 4687 Regis
1132 4606 1398 4682 incoronotionem,
1419 4621 1447 4672 et
1469 4610 1596 4690 primum
1630 4611 1730 4673 locutu
1753 4613 1810 4673 Ar·

1023 4708 1207 4787 chiepiscopo
1236 4728 1289 4787 per
1322 4728 1368 4771 me
1389 4711 1452 4772 deri
1474 4713 1615 4791 permisit,
1635 4723 1666 4772 et
1688 4714 1748 4793 ipse
1768 4732 1812 4773 se-

1022 4809 1117 4869 cundo
1139 4828 1208 4869 usus
1229 4821 1280 4870 cst.

1062 4911 1146 4972 Faria
1169 4911 1290 4988 quinta,
1311 4929 1370 4974 tut.
1386 4913 1491 4974 mensis
1513 4913 1603 4988 meli,
1625 4924 1810 4975 contractum

1019 5010 1076 5072 luit
1098 5013 1313 5072 matrimonium
1333 5033 1385 5092 per
1409 5015 1497 5076 verbe
1520 5014 1554 5075 de
1575 5018 1721 5094 praesenti
1737 5018 1809 5075 inter

1019 5112 1099 5175 illus.
1122 5113 1156 5172 Ι).
1177 5113 1329 5175 dalredum
1363 5117 1471 5195 Borgia
1505 5116 1597 5177 lilium
1629 5116 1685 5177 SS.
1715 5117 1751 5176 Ι).
1771 5113 1808 5175 Ν.

1018 5215 1173 5276 Alexandri
1205 5215 1301 5297 Papae
1322 5218 1369 5279 vt.
1391 5229 1420 5280 et
1453 5217 1588 5278 illustris.
1612 5217 1648 5278 D.
1672 5217 1807 5277 Sanciam

1018 5318 1054 5379 de
1074 5317 1219 5398 Aragonie
1242 5318 1331 5381 liliam
1363 5320 1542 5409 illegitimam
1573 5319 1639 5383 Ser.
1668 5316 1808 5400 Alpboasi
