3758 6030
177 242 243 307 930

645 291 648 297 ,
670 242 958 312 PONTMCA'PUS
979 237 1205 305 sumimur
1225 237 1351 305 suxit

1722 238 1828 326 (rasa)

179 379 297 443 brevius
329 399 405 450 cum,
435 379 508 454 iles.
540 381 578 444 D.
610 380 736 445 Senecae
769 382 971 465 expedientes,
1038 377 1125 459 primi
1145 385 1387 458 praecesserunt,
1409 375 1533 440 dimissis
1557 378 1586 437 in
1612 375 1739 441 Camere
1769 377 1830 439 aliis

177 592 353 655 cobadnnato,
373 594 445 656 quod
464 595 592 658 palatium
615 595 731 658 positum
747 599 789 648 est
806 597 833 647 ln
853 595 928 648 cont.
944 596 971 646 S.
1038 593 1099 645 dun
1116 597 1221 647 esseut
1238 593 1379 644 decoloro
1404 592 1432 644 io
1456 591 1556 644 eisdem
1581 593 1725 644 erroribus
1741 598 1769 644 et
1786 594 1828 645 la·
1858 605 1870 625 s

180 672 284 723 biartini
305 674 384 736 iuxta
407 675 521 736 plateam
545 687 682 737 magnam,
699 674 733 725 ab
749 688 801 727 uno
819 676 903 727 latere
924 689 973 727 ec·
1037 673 1115 738 queis
1132 687 1184 740 non
1201 673 1345 724 incidature
1361 685 1391 724 ea
1409 677 1535 745 propter,
1552 685 1628 723 suum
1645 672 1749 724 dictum
1768 686 1828 725 coa·
1851 682 1871 716 ⁴

178 751 288 801 clesiam
305 752 329 800 8.
346 752 459 810 biartlui,
475 751 508 802 ab
518 752 576 802 aliis
593 752 722 807 lateribus
737 753 843 805 domum
860 753 972 818 Episco-

179 834 259 891 patus
276 834 304 880 et
320 831 379 880 vias
395 830 541 894 pubblicas
562 835 590 882 et
616 833 683 882 aiios
699 832 764 883 lines
775 834 824 889 z-lu
841 846 893 896 quo
910 836 971 897 qni·

182 907 243 959 dem
259 909 372 959 concilio
388 908 478 960 Pierus
494 909 586 972 angeli
602 909 721 962 iiassutii
737 910 813 961 Cont.
828 912 853 962 S.
864 912 969 963 Martini

181 986 255 1037 Prior
272 987 408 1046 Priorum,
426 987 459 1039 dc
478 989 622 1049 mandatu,
637 1003 768 1041 consensu
785 1003 815 1050 ac
835 980 971 1043 voluntate

181 1067 313 1117 sociorum
331 1073 382 1116 etc.
400 1066 462 1117 lecit
477 1069 627 1131 propositas
645 1060 831 1132 intrascriptas
852 1090 872 1118 ι.
944 1124 945 1129 1

218 1151 269 1215 (Et
293 1151 398 1201 omissis
420 1151 515 1201 ceteris
546 1151 571 1200 iu
595 1150 665 1202 dicto
693 1150 809 1202 Concilio
826 1151 975 1215 propositis.

181 1232 329 1292 sequuntur
346 1228 395 1278 alia
412 1228 517 1278 scilicet
533 1228 597 1278 baec
609 1229 626 1288 ι.

220 1327 230 1351 ι
244 1306 308 1358 cum
326 1308 352 1356 in
363 1306 463 1358 cernite
476 1306 611 1356 celebrata
628 1306 671 1358 die
682 1310 721 1360 ii·
734 1308 834 1359 mensis
849 1306 910 1358 maii
921 1306 969 1359 luit

175 1383 353 1436 deliberatum
365 1383 503 1439 obtentum
515 1389 541 1450 pt
558 1385 730 1437 relormatum
743 1384 815 1449 quod
822 1385 931 1436 decreta
943 1390 971 1436 ct

176 1462 383 1515 deliberationes
400 1466 493 1512 contra
508 1463 549 1514 io.
564 1464 709 1526 baptistam
726 1463 759 1514 de
776 1458 922 1526 Caprenlca
942 1466 968 1517 in

175 1545 276 1593 cernite
302 1543 436 1594 celebrata
453 1542 497 1593 dis
514 1546 537 1592 t.
555 1545 654 1595 mensis
679 1544 792 1614 ianuarii
817 1548 844 1594 et
866 1544 909 1595 die
927 1546 964 1596 tu.

175 1621 239 1672 dicti
260 1623 373 1679 mensis,
389 1621 486 1672 iterum
503 1624 530 1671 et
546 1624 579 1672 de
604 1637 673 1674 novo
696 1624 874 1676 reformentur
894 1629 922 1674 et
942 1626 968 1675 in

175 1701 286 1751 concilio
311 1702 429 1763 presenti
450 1700 639 1752 confirmentur
656 1706 683 1771 ei
701 1701 896 1765 approbentur:
923 1701 969 1752 de·

176 1793 247 1830 mum
272 1783 411 1831 mittantur
436 1782 544 1831 Romam
567 1776 762 1833 adoratorem
792 1786 911 1833 nostrum
940 1786 970 1834 ui

176 1859 301 1910 ostendat
318 1864 344 1911 et
361 1864 423 1910 nota
433 1861 511 1911 iaciat
531 1861 556 1912 S.
572 1861 600 1911 D.
618 1862 648 1914 N.
666 1866 692 1912 et
713 1862 895 1913 Cardinalibus
917 1861 968 1913 uu.

179 1939 226 1990 iili.
254 1939 288 1988 ad
315 1939 477 1990 noscendum
504 1949 694 1991 susurrares
716 1944 750 1993 ar
774 1951 970 1993 russurrensis

176 2018 255 2081 hujus
277 2019 410 2068 civitatis:
427 2031 494 2081 quae
505 2018 619 2071 ,decreta
635 2024 663 2070 et
678 2019 886 2071 deliberationes
907 2024 968 2071 suni

178 2098 256 2146 baec:
273 2097 398 2149 uidelicet
958 2131 974 2146 .-

217 2173 368 2224 Convocaia
385 2174 491 2225 Cernila
510 2175 670 2239 magnificor.
682 2177 814 2229 Dominor.
831 2179 913 2229 Prior.
923 2192 970 2243 pn-

178 2253 232 2314 puli
248 2255 364 2304 civitatis
381 2253 467 2314 Firmi,
484 2255 854 2311 videlicetilominirindreae
867 2256 967 2310 Domini

180 2330 250 2383 Petri
270 2333 419 2386 Contradae
444 2335 568 2392 castelli,
593 2335 693 2389 Nicolai
720 2336 812 2389 lietbei
817 2371 922 2387 .....
939 2338 969 2387 c.

176 2410 258 2471 Pilas,
267 2411 387 2464 Giliberii
403 2413 489 2465 bienni
501 2413 561 2464 (LE
571 2415 681 2474 Martini,
693 2415 822 2475 Francisoi
831 2415 968 2468 ludovicii

179 2488 210 2539 C.
220 2490 375 2552 Florentiae,
388 2495 415 2541 et
427 2492 531 2542 Antonii
543 2493 699 2544 Mattheucci
717 2494 743 2544 C.
761 2495 786 2545 S.
802 2494 976 2557 bartolomei,=

179 2580 229 2618 nec
255 2582 308 2620 non
334 2571 520 2633 Regulatorum
542 2572 665 2622 comunis
691 2572 818 2624 videlicet
838 2573 866 2623 D.
885 2574 969 2626 Pelle·

177 2649 243 2711 grint
261 2648 302 2700 De
320 2649 487 2701 iiorrccibus
512 2650 539 2700 C.
555 2648 719 2714 Campiietii,v
739 2651 882 2717 ieronymi
909 2654 969 2723 tip-

176 2726 242 2790 patii
264 2727 292 2778 G.
309 2725 474 2787 Florentiae.
490 2733 518 2779 et
543 2729 650 2780 Polionii
673 2730 780 2793 iosepbi
803 2731 832 2782 C·
855 2732 879 2783 S„
903 2732 969 2784 Bar·

179 2805 304 2858 tholomei
332 2811 359 2857 et
378 2807 623 2867 Goulaloncriorum
645 2809 845 2871 Contretarum,
866 2813 968 2875 capita.-

176 2897 250 2935 ncor.
268 2886 363 2936 artium
374 2888 401 2935 et
414 2887 524 2936 aliorum
542 2888 686 2950 proborum
698 2890 794 2941 civium
811 2890 845 2940 de
861 2889 968 2943 Cernita

177 2963 313 3026 praelatae
340 2965 456 3016 civitatis
482 2978 593 3017 numero
615 2969 655 3018 80.
676 2969 702 3018 in
723 2971 852 3019 caminata
868 2972 967 3023 veteris

177 3042 267 3104 palatii
291 3041 416 3094 comunis
446 3045 604 3098 residentiae
632 3047 775 3119 praelator.
799 3049 916 3100 Priorum
941 3052 966 3101 in

179 3133 289 3172 numero
301 3122 439 3173 sufficienti
456 3129 614 3188 congregata
631 3131 658 3176 et
673 3127 848 3178 cobadunata.
868 3127 897 3178 ln
913 3137 967 3192 que

175 3201 283 3263 quidem
301 3203 401 3252 cernite
413 3202 538 3254 Dominus
554 3205 674 3256 Andreas
690 3205 791 3256 Domini
804 3207 871 3256 Petri
888 3221 968 3270 pree·

137 3295 139 3299 ·
177 3279 281 3340 dicius,
302 3279 374 3330 Prior
391 3280 523 3341 Priorum,
540 3283 573 3334 de
594 3284 730 3336 voluntate
750 3285 884 3336 sociorum
907 3286 968 3339 lecit

177 3360 340 3421 propositam
357 3363 446 3420 istam,
463 3362 589 3414 videlicet

216 3437 280 3488 Cum
298 3451 332 3489 ex
349 3451 441 3503 magna
458 3440 672 3504 pernitiosissimi
689 3447 768 3494 cesus
784 3445 828 3506 qui
846 3445 872 3494 in
888 3444 967 3506 domo

176 3515 309 3578 Baptistae
336 3518 408 3568 Adae
437 3519 589 3582 nuperrime
612 3523 701 3573 euenit
722 3522 968 3582 acerbitate‚>tota

177 3606 245 3658 pene
270 3595 335 3646 baec
358 3598 453 3647 civitas
478 3600 633 3660 perturbate
658 3601 707 3659 sit,
723 3613 757 3651 ne
773 3600 907 3652 deteriora
923 3615 969 3652 se·

178 3677 303 3737 quantur,
319 3673 423 3737 placeat
439 3675 633 3748 huiccernltae
649 3683 675 3729 et
691 3678 795 3729 civibus
813 3681 839 3729 in
855 3692 886 3730 ea
903 3692 969 3731 cou-

182 3754 268 3804 ventis
284 3766 366 3817 super
382 3754 423 3805 bis
439 3755 614 3807 saluberrime
633 3758 775 3821 providere
794 3761 915 3823 quoniam
934 3774 967 3811 ex

177 3844 231 3883 uno
246 3832 441 3887 inconvenienti
458 3847 651 3898 saepenumero
672 3837 786 3903 plurime
809 3839 886 3901 sequi
902 3852 969 3890 oon·

179 3923 302 3962 suerere.

216 3990 367 4054 Superque
384 3992 490 4055 quidem
508 3995 645 4058 proposita

172 4076 174 4080 ·
217 4070 343 4134 Egregius
361 4072 404 4122 vir
419 4076 446 4123 et
463 4087 572 4138 magnae
588 4076 747 4138 prudentiae
770 4078 837 4128 civis
861 4077 967 4129 Prancl-

176 4159 238 4199 scus
254 4149 287 4199 do
304 4149 451 4213 Vuiputiis,
473 4167 541 4205 unus
558 4167 591 4205 ex
607 4155 711 4206 civibus
728 4156 753 4205 in
770 4156 841 4207 dicia
864 4159 967 4210 cernite

175 4227 323 4288 consentis,
336 4242 448 4294 surgens
464 4232 489 4280 in
507 4233 591 4294 pedes
611 4234 765 4284 consulendi
782 4236 966 4296 auimo,manu

178 4307 255 4357 iactis
273 4310 413 4371 scripturis
430 4311 463 4360 ad
480 4312 640 4364 delationem
659 4316 709 4364 mei
725 4315 876 4366 Melcbioris
897 4317 967 4367 Can·

178 4384 279 4434 cellarii
293 4390 321 4438 et
335 4387 456 4445 Notarii,
472 4395 618 4454 petensque
635 4393 669 4443 ad
689 4393 795 4444 solitum
811 4394 965 4444 consulendi

176 4460 280 4522 locum,
306 4463 404 4519 Christi
430 4468 517 4529 primo
545 4473 572 4519 et
594 4473 686 4522 matris
708 4470 966 4535 Virginis-gloriosae

175 4543 273 4593 Mariae
285 4544 434 4595 nominibus
450 4547 579 4598 inrocatis
591 4553 618 4599 et
633 4551 792 4614 imploratis,
803 4563 885 4617 super
895 4551 964 4602 dicta

178 4622 317 4685 proposita
334 4625 369 4673 lta
386 4624 454 4674 dixit
469 4631 496 4675 et
511 4628 659 4678 consuluit:
676 4642 728 4680 non
746 4642 806 4681 esse
826 4633 921 4680 mirum
943 4634 965 4682 ei

176 4702 249 4753 cives
266 4702 345 4754 bodie
361 4716 454 4754 omnes
471 4704 539 4762 hanc
556 4706 734 4759 infelicitatem
752 4710 893 4760 maximam
909 4723 966 4773 gra·

174 4786 271 4832 ventur
293 4787 321 4833 et
346 4784 436 4848 iniquo
459 4785 545 4836 auimo
562 4786 665 4837 ierant=
680 4801 739 4838 nam
762 4788 840 4839 telem
861 4792 888 4838 et
910 4788 988 4838 tam”

173 4859 360 4921 detestabilem
376 4876 467 4914 casum
485 4864 615 4916 hactenus
631 4868 657 4916 in
673 4865 722 4916 bac
739 4868 845 4918 civitais
856 4879 966 4918 succes·

173 4940 241 4990 sisse
257 4953 335 4991 nemo
352 4943 455 5006 estqui
473 4945 598 4995 memoria
615 4949 718 5005 teneat,
734 4958 820 5009 neque
839 4979 964 4996 ......

173 5017 361 5071 absconditum
373 5025 416 5073 cet
432 5024 501 5074 bunc
518 5037 552 5074 ex
570 5025 659 5074 nimia
672 5025 767 5074 civium
793 5024 924 5079 iacilitatc,
937 5029 964 5075 ei

174 5096 328 5149 tollerantie'
339 5103 497 5163 pmrenisse
508 5105 572 5166 ,qut
583 5103 607 5153 si
618 5103 729 5153 antebac
746 5101 850 5166 flagitiis
862 5106 890 5152 et
905 5114 964 5154 sce·

174 5174 273 5226 teribus
289 5175 412 5239 Episcopi
423 5182 451 5228 et
461 5179 590 5229 scelestae
602 5181 661 5241 aine
677 5180 791 5231 temiliae
800 5179 963 5235 obviassent.

173 5253 236 5303 baec
253 5253 383 5306 demerita
399 5269 450 5307 non
467 5257 652 5320 deplorarents
663 5257 712 5310 sed
727 5259 789 5322 quie
806 5262 910 5321 tempus
921 5263 963 5310 est

173 5332 319 5385 medicinae
336 5339 364 5386 et
379 5348 431 5385 non
455 5338 595 5398 querelae,
610 5337 674 5390 tuiis
698 5339 800 5391 viribus
821 5339 963 5391 elaboren-

1037 753 1180 812 iinaando,
1203 753 1270 804 dixit
1293 751 1372 816 quod.
1388 753 1568 803 committatur
1584 752 1746 807 Oratoribus
1762 752 1830 813 desi

1037 834 1122 896 gnatis
1143 833 1188 896 qui
1204 845 1253 894 pro
1269 831 1388 895 presenti
1414 831 1560 894 protecturi
1578 836 1640 882 sunt
1668 831 1791 906 ltomerai⁸
1804 840 1828 885 et

1036 912 1075 964 cis
1095 912 1173 974 piena
1189 909 1235 961 ilat
1254 910 1407 961 commissio
1423 909 1458 964 ad
1478 908 1666 973 infrascriptae
1692 923 1745 986 res,
1767 924 1829 974 quac

1037 991 1154 1041 continet
1169 993 1196 1040 ei
1211 989 1330 1040 declarat
1352 993 1435 1040 totum
1458 1001 1585 1058 praesens
1602 990 1828 1050 instrumentum,

1035 1074 1061 1121 et
1077 1081 1169 1120 omnes
1191 1068 1275 1131 ipsius
1296 1066 1425 1130 Episcopi
1450 1059 1591 1118 scelestam
1615 1071 1643 1118 et
1669 1067 1825 1136 probrosam

1037 1149 1124 1199 vitam,
1136 1160 1195 1199 cnm
1213 1146 1338 1197 omnibus
1370 1146 1529 1197 excessibus
1545 1149 1573 1196 et
1589 1129 1769 1235 defflspier
1785 1162 1826 1200 eoa

1037 1226 1063 1278 in
1078 1229 1128 1280 bec
1138 1227 1248 1278 civitate
1258 1226 1408 1278 commissis
1418 1237 1487 1288 quae
1499 1224 1624 1279 Oratores
1640 1227 1827 1289 exprimeniet

1036 1307 1226 1371 querimoniam
1243 1307 1378 1367 exponent
1389 1315 1478 1356 coram
1495 1304 1535 1353 SE
1549 1303 1580 1354 b.
1595 1305 1626 1357 N·
1638 1307 1709 1366 Papa
1727 1309 1755 1354 et
1771 1305 1828 1359 lter.

1036 1385 1219 1438 cardinalibus
1236 1389 1264 1434 et
1280 1385 1359 1435 otiam
1374 1395 1464 1452 coram
1478 1382 1547 1434 illus.
1558 1385 1656 1434 comite
1667 1383 1827 1448 Hieronymo

1037 1468 1070 1515 et
1087 1464 1145 1514 aliis
1170 1463 1269 1514 nostris
1286 1462 1502 1525 protectoribus,
1517 1465 1545 1512 ei
1560 1463 1583 1513 el
1606 1476 1675 1526 opus
1701 1462 1785 1513 luerit
1804 1466 1827 1514 in

1035 1543 1142 1605 publico
1150 1541 1326 1601 Consistorio;
1336 1545 1364 1592 ei
1375 1541 1510 1604 praedicta
1523 1542 1670 1601 homicidia,
1688 1544 1792 1593 scelma
1802 1550 1828 1594 et

1036 1621 1132 1673 delicta
1152 1634 1243 1672 coram
1269 1621 1308 1671 eis
1325 1620 1459 1683 explicent
1475 1623 1503 1670 et
1519 1622 1639 1682 aperiant
1655 1625 1685 1672 ut
1708 1621 1734 1671 s
1751 1621 1780 1670 u.
1798 1622 1826 1674 rt.

1034 1700 1158 1764 dignetur
1169 1713 1252 1763 super
1261 1700 1301 1749 bie
1311 1703 1440 1762 spontane
1458 1699 1616 1762 provideres
1627 1713 1677 1759 noc
1688 1713 1744 1751 non
1755 1714 1828 1765 prae·

1036 1780 1082 1831 lati
1099 1780 1226 1837 Oratores
1243 1791 1346 1831 summe
1368 1791 1418 1841 ope
1436 1778 1483 1828 niti
1508 1778 1624 1829 debeant
1648 1779 1724 1843 quod
1744 1780 1785 1829 SS.
1801 1780 1826 1829 b.

1035 1859 1067 1911 N.
1083 1859 1205 1921 dignetur
1216 1858 1315 1907 dictum
1326 1856 1484 1919 Episcopum
1499 1861 1632 1920 tamquam
1646 1851 1783 1927 indignum
1795 1859 1825 1908 ab

1034 1936 1193 2002 Episcopatu
1219 1938 1339 1988 Firmano
1365 1937 1517 1999 deponeres
1533 1940 1560 1986 et
1576 1937 1610 1988 de
1631 1937 1758 1988 omnibus
1775 1940 1826 1988 suis

1034 2017 1170 2069 beneflciis
1194 2030 1264 2081 quae
1280 2016 1361 2087 babet
1379 2017 1405 2066 in
1422 2015 1471 2066 bac
1486 2018 1595 2066 civitate
1612 2021 1641 2067 ei
1658 2017 1685 2067 in
1709 2020 1769 2079 eius
1788 2017 1826 2071 di-

1036 2098 1129 2147 strictu
1146 2097 1271 2159 privare,
1286 2096 1353 2147 adeo
1370 2095 1443 2160 quod
1464 2096 1553 2147 dicim
1579 2096 1710 2147 Dominus
1726 2096 1762 2148 io.
1785 2097 1828 2147 lia·

1035 2162 1114 2237 ptisie
1128 2176 1271 2238 episcopus
1288 2187 1420 2238 nunquam
1441 2174 1535 2226 redeat
1555 2177 1580 2224 iu
1599 2176 1667 2226 benc
1692 2177 1824 2226 civitatem

1035 2264 1084 2304 nec
1101 2255 1159 2315 ejus
1177 2255 1280 2304 moenia
1297 2255 1353 2310 suis
1370 2253 1454 2311 oculis
1472 2255 1773 2317 aspiciateetquoniam
1786 2268 1825 2306 res

1036 2333 1087 2383 iste
1102 2337 1143 2385 esi
1159 2345 1270 2396 magnae
1281 2332 1477 2396 impatientiae,
1494 2346 1571 2384 suum
1587 2333 1772 2384 confirmando
1788 2334 1826 2383 di·

1035 2414 1116 2470 ctum,
1131 2412 1263 2461 consuluit
1279 2411 1350 2474 quod
1366 2411 1484 2473 presenti
1499 2412 1600 2462 cernite
1614 2412 1758 2475 eligantur
1778 2413 1826 2462 duo

1034 2490 1079 2539 alii
1096 2490 1222 2540 Oratores
1239 2491 1285 2553 qui
1302 2489 1400 2540 vadant
1416 2490 1523 2540 lloruam
1540 2503 1590 2539 rrne
1607 2502 1668 2544 cum
1688 2492 1750 2541 aliis
1766 2491 1826 2542 Ora·

1037 2570 1140 2620 toribus
1157 2569 1190 2620 ad
1207 2569 1341 2632 praedicta
1359 2569 1551 2632 expediendum
1568 2575 1596 2620 et
1613 2571 1664 2619 alia
1678 2569 1825 2628 hujusmodi

1034 2660 1085 2710 pro
1106 2647 1290 2698 occurrenila=
1313 2649 1358 2710 qui
1381 2647 1508 2698 oratores
1532 2648 1723 2715 pallootentur,
1739 2654 1768 2701 et
1784 2652 1824 2713 qni

1035 2728 1125 2791 plures
1152 2725 1225 2776 tabas
1254 2725 1396 2792 habebant.
1413 2726 1511 2777 vadant
1536 2726 1586 2777 sub
1613 2739 1702 2788 poena
1722 2733 1824 2779 centurn

1035 2804 1191 2855 ducatorum
1208 2818 1256 2867 pro
1272 2805 1397 2868 quolibet.
1408 2806 1454 2859 ilie
1472 2806 1824 2858 verodecimaoctaradicti

1035 2884 1134 2935 mensis
1139 2884 1264 2945 ianuarii,
1274 2887 1419 2953 convocata
1432 2885 1535 2934 cernite
1546 2885 1650 2948 biegnii.
1661 2885 1737 2936 Dom.
1749 2886 1825 2937 Prior.

1035 2964 1143 3027 populi,
1157 2962 1295 3027 ii'egulaior
1311 2964 1441 3023 civitatis,
1456 2963 1624 3015 Gonialoner.
1641 2968 1790 3020 contratar.
1802 2970 1824 3016 et

1034 3040 1203 3105 Capiianaorss
1227 3043 1322 3092 artium
1346 3041 1487 3104 praelator.
1508 3047 1536 3094 ei
1551 3044 1673 3093 aliorum.
1688 3045 1769 3107 prob·
1791 3047 1824 3095 ci·

1035 3123 1106 3172 vium
1123 3121 1156 3180 dc
1172 3123 1274 3172 cernite
1289 3133 1402 3177 numero,
1417 3123 1585 3185 septuaginta
1600 3124 1719 3187 quinque
1736 3125 1764 3174 in
1778 3123 1823 3173 Ca·

1036 3203 1135 3254 minata
1152 3202 1237 3253 veteri
1254 3200 1343 3251 Palatii
1365 3199 1489 3255 Comunis
1514 3202 1540 3252 in
1562 3215 1674 3254 numero
1690 3203 1821 3254 sufficienti

1035 3283 1192 3344 congregate
1210 3282 1237 3329 et
1253 3278 1437 3330 cobaduneta=
1461 3281 1487 3330 in
1511 3294 1563 3344 qua
1589 3281 1698 3344 quidem
1725 3284 1820 3333 cernita

1035 3358 1161 3412 Nicotaus
1176 3357 1274 3410 ilatbei
1290 3358 1363 3407 Prior
1374 3357 1402 3408 c.
1414 3357 1481 3408 Pilae
1498 3358 1572 3409 Prior
1588 3360 1718 3420 Priorum,
1735 3362 1769 3413 de
1784 3375 1822 3412 re·

1035 3437 1135 3488 luctata
1161 3437 1304 3499 sociorum¹
1322 3436 1384 3486 lecit
1410 3437 1575 3500 propositam
1597 3438 1741 3491 videlicet:
1762 3440 1819 3491 cnm

1034 3516 1120 3580 pridie
1145 3506 1236 3579 literas
1263 3515 1412 3578 recepimus
1434 3527 1468 3566 ex
1495 3515 1563 3567 Urbe
1592 3516 1619 3567 in
1643 3519 1744 3581 quibus
1765 3533 1820 3583 pro·

1035 3598 1152 3646 tectores
1176 3595 1259 3646 nosiri
1276 3594 1387 3645 suadent
1403 3596 1475 3657 qnod
1492 3596 1617 3650 Oratores
1638 3601 1726 3649 nostri
1749 3599 1821 3663 proi·

1034 3675 1167 3724 ciscentur
1184 3676 1305 3733 Romam,
1321 3675 1503 3737 miranturque
1514 3675 1548 3726 de
1564 3680 1637 3727 tanta
1655 3689 1732 3728 mora
1749 3693 1817 3742 quan

1034 3752 1133 3804 iaciunt
1146 3771 1155 3809 r
1170 3753 1248 3815 igitur
1263 3751 1328 3814 quid
1343 3752 1448 3816 placeat
1465 3767 1547 3817 super
1558 3756 1734 3819 expeditione
1745 3759 1819 3810 dicto

1035 3845 1093 3882 rum
1110 3832 1273 3883 oratorum?

1074 3911 1225 3974 Superque
1242 3909 1346 3973 quidem
1365 3914 1501 3975 proposita

1075 3988 1201 4052 Egregius
1227 3991 1268 4038 vir
1289 3989 1420 4040 Antonius
1435 3990 1470 4042 de
1486 3985 1615 4055 Vulputiis
1632 4007 1746 4061 magnae
1766 4011 1820 4061 pru·

1034 4068 1138 4131 dantiae
1151 4068 1231 4127 civis,
1249 4080 1316 4118 unus
1333 4080 1366 4119 ex
1384 4069 1487 4121 civibus
1512 4072 1537 4120 in
1561 4073 1666 4125 cernite
1690 4079 1818 4138 praedicta

1034 4148 1212 4199 existentibus
1229 4160 1340 4212 surgens
1357 4149 1470 4211 pedibus
1487 4151 1574 4202 animo
1585 4156 1754 4218 consulendi,
1768 4169 1821 4220 pre·

1034 4229 1096 4279 stito
1109 4229 1260 4290 iuramento
1277 4227 1310 4277 de
1328 4234 1401 4278 recte
1419 4233 1446 4279 et
1462 4230 1575 4282 iideliter
1590 4235 1767 4294 consulendo,
1781 4249 1820 4285 ac·

1034 4307 1183 4370 cedensque
1206 4305 1239 4357 ad
1266 4307 1371 4356 solitum
1391 4308 1476 4359 locum
1493 4312 1658 4371 consulendi,
1675 4313 1774 4366 Christi
1795 4320 1819 4364 et

1035 4398 1098 4439 auae
1115 4386 1205 4437 listris
1220 4386 1324 4447 iiagnae
1348 4385 1483 4438 Gloriosae
1499 4389 1595 4442 itariae
1617 4394 1771 4445 nominibus
1785 4396 1820 4443 in·

1034 4468 1147 4525 vocatis,
1158 4477 1239 4526 super
1250 4464 1321 4523 dicta
1339 4468 1474 4528 proposita
1492 4469 1529 4518 ita¹
1544 4466 1613 4520 dixit
1629 4475 1658 4521 et
1675 4475 1820 4524 consuluit:

1033 4544 1104 4606 quod
1128 4555 1173 4592 res
1198 4544 1249 4591 ista
1274 4545 1416 4606 estmagni
1435 4546 1562 4607 ponderis
1578 4552 1606 4598 et
1622 4553 1764 4603 maximam
1783 4565 1821 4602 re·

1033 4623 1115 4685 quirit
1132 4620 1295 4671 celeritatem
1309 4622 1378 4684 quod
1396 4624 1522 4676 Oratores
1538 4628 1645 4678 omuino
1658 4633 1821 4694 expellantur

1033 4707 1060 4750 et
1077 4700 1226 4757 mittantur,
1241 4704 1268 4750 ei
1285 4702 1306 4750 si
1324 4702 1450 4763 possibile
1468 4698 1509 4755 esi
1532 4719 1592 4757 cras
1619 4709 1670 4760 iter
1692 4712 1820 4774 accipiant

1034 4791 1129 4830 versus
1153 4781 1260 4830 Romam
1287 4781 1320 4832 ed
1350 4784 1530 4845 expediendas
1558 4791 1762 4846 commissiones
1787 4794 1821 4842 eis

1032 4860 1170 4921 impositas
1187 4863 1214 4921 et
1231 4860 1404 4923 imponendas
1422 4867 1448 4915 ei
1470 4871 1628 4927 praesertim
1653 4884 1738 4934 super
1758 4874 1823 4924 lacto

1032 4937 1170 5001 Episcopi,
1191 4939 1236 5001 qui
1260 4940 1384 4995 insistant
1410 4945 1473 4994 totis
1500 4946 1603 5001 viribus
1624 4952 1654 4999 ut
1680 4949 1823 5014 Episcopus

1032 5019 1152 5081 privetur
1174 5018 1208 5069 de
1236 5019 1287 5069 isto
1311 5019 1487 5084 Episcopatu,
1504 5029 1531 5075 et
1548 5028 1671 5080 omnibus
1691 5035 1748 5082 suis
1769 5033 1822 5081 eliis

1032 5097 1166 5148 beneflciis
1182 5103 1262 5171 prout
1279 5099 1304 5149 iu
1322 5100 1372 5149 alia
1388 5104 1492 5153 cernite
1508 5104 1646 5157 decretum
1669 5111 1775 5170 extitit,
1790 5113 1821 5160 ita

1032 5179 1103 5242 quod
1121 5192 1171 5229 non
1190 5180 1224 5228 sit
1241 5178 1353 5241 amplius
1370 5179 1517 5244 Episcopus
1534 5184 1612 5244 buius
1629 5185 1751 5239 Civitatis
1762 5202 1822 5253 pro·

1031 5262 1094 5322 pter
1108 5273 1156 5310 sua
1173 5258 1303 5315 demerita
1320 5263 1346 5309 ci
1363 5260 1504 5314 scelestam
1521 5264 1621 5315 vitam=
1638 5271 1665 5317 ct
1681 5269 1754 5331 quod
1774 5272 1820 5318 ista

1032 5340 1184 5391 comunitas
1209 5340 1297 5402 potius
1322 5342 1379 5392 vuit
1407 5345 1461 5404 pati
1490 5347 1604 5398 maxime
1628 5361 1708 5410 quem
1727 5351 1820 5401 trabere
