3764 6036
193 246 254 308 {28
654 243 944 319 -rottrtmctrtls
963 242 1190 308 tnnocssurtr
1206 244 1358 309 ocrtvt.
1368 324 1372 332 Ἴ,

191 398 308 440 marum
329 380 421 441 salute
440 378 637 459 prociderent,
654 390 683 441 ct
704 380 985 455 animadversiiue-

191 491 270 571 runt
284 478 361 558 quod
381 476 453 562 (sic)
467 497 570 540 eorum
591 480 779 543 consessiones
793 481 941 556 audirent,
955 494 985 543 et

191 600 241 642 eos
263 581 292 639 in
311 579 592 655 lide-consonarent.

186 688 192 693 ”
233 681 320 741 Faria
336 697 381 740 nn
395 724 404 753 ,
416 696 482 740 xcx.
499 681 602 741 mensis
619 679 762 753 octobris,
776 679 829 741 iuit
843 681 984 742 consisto·

192 783 270 840 rium
280 801 291 853 3
304 790 333 840 et
354 773 520 858 praedictus
542 778 665 840 Auditor
686 780 825 842 Gamerae
841 768 985 841 cumGu·

192 877 348 939 bernatore
373 889 514 940 venerunt
540 879 577 938 ad
610 880 732 940 Turrim
761 879 879 940 Soldani
893 923 915 961 ³.
934 878 983 938 ubi

193 991 295 1042 contra
328 981 418 1042 dictos
440 980 622 1041 Dominicum
642 991 669 1041 st
690 981 880 1041 Franciscum
907 980 984 1039 tule-

194 1090 267 1161 runt
283 1081 433 1141 sententias
452 1079 625 1152 diffinitivas,
646 1080 833 1159 degradantes
849 1098 908 1152 eos,
921 1080 985 1157 pri·

193 1191 293 1243 rantes
318 1183 414 1243 otlicio
440 1193 470 1242 et
494 1180 637 1243 beneficiis
657 1192 686 1242 et
704 1171 812 1244 Clariae
836 1179 985 1242 Saeculari

194 1282 356 1343 tradentes:
376 1282 477 1343 deinde
498 1280 641 1344 celebrata
666 1284 721 1343 luit
741 1284 769 1342 in
791 1283 868 1343 dicta
889 1281 984 1342 Turri

193 1383 289 1456 Missa,
303 1384 351 1443 cui
373 1382 458 1444 iidem
474 1383 642 1444 Dominicns
656 1395 684 1444 et
702 1384 876 1444 Franciscus
891 1382 984 1442 inter·

193 1482 335 1555 suerunt,
358 1494 406 1557 et,
427 1502 461 1544 ea
478 1481 579 1556 santia,
600 1484 642 1544 de·
662 1483 793 1543 manibus
819 1481 986 1543 celebrantis

194 1583 333 1644 Sanctam
344 1583 584 1645 communionem
594 1596 789 1664 sumpserunt;
805 1602 861 1662 qua
879 1581 986 1656 habita,

198 1684 279 1745 ducti
310 1684 429 1744 luerunt
451 1684 488 1743 ud
509 1686 632 1763 plateam
667 1684 766 1744 Sancti
788 1684 868 1764 Petri
894 1702 985 1772 supra

195 1793 366 1862 suggestam
388 1783 491 1844 ibidem
514 1785 541 1843 in
561 1786 647 1864 plano
668 1803 724 1846 non
748 1785 831 1863 longe
854 1784 890 1842 ab
912 1780 986 1843 inie-

195 1883 266 1942 riori
281 1882 376 1961 gradu
392 1885 537 1968 scalarum
557 1884 897 1963 paratum,longitudinis
910 1900 986 1960 qua·

197 1993 266 2044 tuor
289 1984 334 2044 rel
355 1984 456 2056 trium,
475 1994 504 2044 et
521 1984 679 2043 altitudinis
698 1984 782 2044 unius
809 2000 987 2051 cannarum,

197 2086 242 2145 vel
266 2084 356 2156 ciras,
378 2082 427 2143 ubi
450 2084 544 2145 dictus
565 2084 750 2157 Franciscus,
773 2085 828 2163 qui·
844 2083 987 2145 Sacerdos

196 2185 407 2258 erat,'omnibus
422 2189 596 2265 paramentis
607 2174 875 2246 luitindutusmore
885 2183 986 2256 solito,

196 2285 297 2347 deinde
319 2288 425 2347 leotum
449 2287 640 2347 summarium
661 2284 814 2366 processus
831 2304 882 2364 per
894 2283 987 2343 Nota·

197 2386 274 2447 rium
295 2386 427 2448 videlicet
439 2386 473 2446 de
488 2385 692 2465 Palopanibus3
712 2403 771 2463 quo
784 2386 870 2455 lecto,
880 2382 987 2461 degru-

198 2485 281 2546 datns
302 2488 357 2546 luit
371 2489 429 2564 ipse
450 2486 636 2557 Franciscus,
656 2477 688 2546 ¹et
708 2485 815 2547 Curiae
838 2484 989 2549 Saeculari

155 2572 156 2575 ¹
197 2587 376 2646 inmanibus
397 2585 563 2646 Ambrosini
593 2586 731 2665 Bnrigelli
745 2584 906 2655 traditus,-
929 2600 988 2661 quo

198 2687 316 2756 tradito,
337 2686 478 2767 Dominus
496 2683 665 2745 Dominicus
681 2686 731 2763 qui
746 2684 871 2764 primam
886 2693 988 2743 tousu-

200 2802 263 2844 ram
285 2776 409 2851 tantum
420 2784 553 2858 babebat,
571 2785 688 2844 indutus
701 2785 758 2845 luit
771 2782 987 2862 superpellicio,

200 2896 229 2944 et
250 2904 284 2957 co
304 2884 405 2946 ordine
430 2884 522 2944 etiam
555 2884 731 2962 degradatus
748 2903 816 2964 per
838 2883 875 2942 R.
897 2882 931 2940 P.
952 2882 989 2941 D.
1014 2908 1016 2911 ·

200 2972 323 3046 Petrum
355 2984 481 3043 Paulum
501 2985 669 3063 episcopum
691 2983 815 3044 Sanctae
835 2981 989 3061 Agathos,

199 3087 248 3171 qui
264 3086 293 3145 in
311 3095 449 3165 suggesto
464 3083 612 3163 praedicto
627 3085 699 3145 stola
718 3084 849 3164 pluviali,
864 3092 893 3143 et
906 3092 989 3147 antea

189 3184 262 3245 'alba
279 3231 287 3244 .
370 3203 461 3263 supra
473 3184 640 3245 rochettum
659 3177 829 3263 separavit,
840 3193 869 3244 et
880 3182 990 3244 Curiae

199 3297 233 3346 ac
254 3285 401 3365 llarigello
432 3284 581 3363 praedicto
602 3283 724 3344 traditus
742 3283 808 3342 luit.
837 3280 901 3343 non
923 3282 990 3343 iue-

200 3397 270 3446 runt
284 3387 375 3465 capite
391 3385 476 3457 tonsi,
487 3385 571 3445 aliter
588 3402 675 3461 quam
691 3385 772 3462 prius
780 3372 990 3460 'amandusque

202 3489 237 3545 ex
255 3486 313 3545 suis
332 3484 479 3569 restibus„
497 3484 529 3542 -in
548 3482 652 3562 quibus
670 3502 705 3543 ex
730 3483 822 3545 Turri
838 3493 1006 3554 venerunt,

199 3586 288 3658 exuti,
298 3594 420 3664 propter
437 3600 541 3643 eorum
558 3583 735 3661 dignitatem,
745 3595 774 3644 et
787 3584 852 3661 quia
866 3583 990 3644 Domino

199 3685 334 3765 episcopo
354 3684 535 3746 Cescnetano
551 3683 682 3744 Auditori
703 3684 743 3743 ita
763 3684 881 3763 placuit.
905 3683 990 3743 Post-

201 3785 271 3861 bac,
293 3785 445 3866 degradati
478 3784 616 3863 praedicti
647 3784 732 3863 positi
763 3782 883 3843 luerunt
902 3802 990 3863 supra

201 3905 356 3947 carrucam
379 3884 482 3950 ibidem
503 3895 646 3963 paratam,
660 3884 865 3944 Dominicusa
885 3883 991 3944 dextris

200 3998 229 4047 et
246 3986 419 4046 Franciscus
442 4002 464 4043 a
487 3983 629 4057 sinistris,
651 3993 767 4045 etanta
788 4003 836 4044 eos
857 3982 991 4045 sedebant

200 4086 284 4146 iidem
299 4087 390 4146 irater
408 4082 527 4145 Ordinis
542 4083 703 4155 Mincium,
718 4085 862 4144 roniessor
875 4101 991 4155 corum,

201 4185 236 4246 de
254 4187 437 4247 observantia
461 4204 496 4247 ex
517 4183 649 4263 portibus
668 4185 810 4244 Franciae
822 4170 835 4257 ,'
861 4194 891 4245 et
918 4183 991 4242 alius

201 4288 251 4364 qui
272 4287 425 4365 imaginem
447 4285 550 4345 Crucis
568 4284 691 4345 habebat
713 4276 747 4344 de
761 4285 904 4347 societate
934 4282 991 4342 idi·

199 4386 391 4460 sericordiae,
420 4384 519 4444 babitu
540 4381 669 4461 ejusdem
700 4385 842 4446 societatis
863 4384 991 4456 indutus,

199 4485 272 4547 iacis
292 4470 430 4565 cooperta
441 4506 452 4558 3
466 4495 495 4544 et
518 4494 598 4544 retro
619 4484 791 4562 degradatos
812 4482 902 4546 erecti
923 4483 990 4543 iue-

200 4596 272 4648 run't
286 4587 349 4664 duo
369 4585 477 4656 baculi,
495 4584 524 4643 in
544 4585 708 4644 summitate
729 4585 850 4647 illorum
866 4581 989 4644 cordula

199 4699 325 4759 extensa,
334 4689 364 4746 in
377 4704 434 4764 qua
449 4702 586 4764 appensae
599 4684 719 4746 luerunt
732 4696 860 4762 quantor
873 4703 907 4744 es
922 4683 989 4743 bul·

185 4789 237 4849 .lls
259 4782 377 4869 percos
397 4785 534 4866 expeditis
555 4796 584 4846 et
604 4784 776 4858 falsificatis3
791 4770 889 4861 sicque
910 4781 989 4842 ducti

200 4888 322 4951 luerunt
341 4908 393 4968 per
413 4886 534 4947 Pontem
551 4885 652 4946 ‘Sancti
671 4887 771 4964 Angeli
786 4896 851 4945 ante
867 4883 988 4951 Turrim

111 4982 119 4996 ”
202 4990 344 5063 Sordent,
363 4998 392 5049 et
410 4985 494 5064 juxta
516 4986 634 5046 domum
664 4985 825 5047 Cardinalls
853 4984 987 5058 Ascanii,

202 5102 266 5153 ante
282 5089 422 5168 hospitale
443 5089 680 5159 Alamannorum,
696 5083 779 5160 juata
792 5084 910 5145 domum
927 5084 988 5144 Do-

202 5191 271 5250 mini
302 5182 435 5253 Falconis
456 5208 506 5267 per
528 5186 698 5247 Parrionem
720 5204 812 5263 usque
835 5193 914 5245 rectu
942 5186 987 5243 ria

201 5289 237 5348 nd
248 5289 334 5349 aliam
348 5290 435 5363 riam,
448 5307 505 5366 qua
516 5289 551 5349 de
570 5288 661 5349 Ponte
672 5285 707 5345 od
719 5286 860 5365 Catapum
872 5285 987 5359 Florae,

1621 280 1624 284 -
1713 243 1825 330 aaran)

1038 379 1102 445 ,ubi
1115 397 1215 440 versus
1227 380 1378 464 angulum,
1386 380 1423 439 ad
1432 380 1540 442 scalam
1551 388 1581 438 et
1590 379 1717 449 vaccam
1724 377 1824 441 Taber-

1052 496 1119 538 nam
1138 478 1180 539 sic
1198 481 1371 540 nomimtam
1392 474 1573 552 tendentem,
1596 479 1679 540 locus
1706 478 1827 559 supplicii

1053 565 1171 658 paratus
1186 589 1250 639 erat
1264 579 1302 640 ad
1315 581 1404 639 instar
1417 579 1535 658 Tegtrrii
1552 578 1609 663 (l),
1625 579 1733 641 babeas
1753 581 1828 640 colu·

1054 697 1148 739 mnam
1164 680 1286 758 ligneam
1303 680 1331 739 in
1347 679 1439 740 medio
1449 665 1587 752 erectam,
1601 680 1721 739 iascinis
1733 679 1829 740 erectis

1054 779 1271 841 circumdatam.
1283 779 1440 864 Columnae
1452 780 1480 838 in
1494 780 1640 858 superiori
1651 788 1736 858 parte
1744 774 1831 840 adime

1044 891 1135 943 erant
1154 880 1228 953 duae
1243 880 1325 939 luues
1343 898 1397 958 pro
1416 880 1473 940 reis
1490 890 1520 939 ct
1541 878 1617 937 inira
1634 878 1759 940 mediam
1770 896 1832 956 par·

1054 991 1112 1041 tem
1131 982 1281 1041 columnae
1298 997 1355 1039 uua
1370 979 1491 1041 cathena
1512 979 1621 1039 ferrea:
1640 977 1696 1038 sub
1718 977 1833 1049 funibus,

1054 1081 1081 1140 in
1104 1092 1183 1142 terra
1212 1081 1326 1140 stabant
1347 1080 1407 1141 duo
1432 1079 1633 1160 scaballapro
1654 1078 1736 1152 reis,
1756 1090 1784 1140 ct
1798 1070 1832 1137 'ab

1053 1182 1108 1253 alia
1129 1175 1211 1260 parte
1232 1179 1384 1259 posteriori
1407 1182 1558 1242 columnae
1577 1178 1656 1241 allud
1678 1179 1829 1257 scabellum

1053 1300 1107 1360 pro
1129 1282 1241 1353 lictore,
1251 1292 1281 1341 et
1293 1280 1372 1341 circa
1390 1279 1551 1359 Togonium
1564 1281 1608 1339 ab
1628 1291 1724 1353 extra,
1737 1280 1833 1340 multas

1053 1383 1159 1443 salmas
1178 1376 1337 1460 lignorum.
1361 1381 1517 1459 Postquam
1537 1380 1677 1461 praedicti
1694 1378 1832 1458 degradati

1053 1469 1292 1563 perveneruntad
1303 1482 1401 1541 locum
1415 1481 1547 1560 supplicii
1561 1479 1713 1561 praedicti,
1725 1478 1832 1540 descen·

1053 1581 1168 1642 derunt,
1179 1580 1213 1642 de
1235 1599 1378 1655 carruca,
1396 1582 1585 1642 intraverunt
1607 1563 1771 1659 Tegurium
1786 1623 1794 1651 ,
1812 1581 1831 1639 in

1051 1701 1123 1760 qao,
1138 1701 1173 1743 eo
1188 1681 1274 1742 modo
1289 1693 1319 1743 et
1334 1682 1433 1743 iisdem
1453 1681 1577 1742 restibus
1591 1682 1620 1740 in
1642 1680 1751 1759 quibus
1766 1679 1832 1740 ducti

1053 1781 1189 1855 luerunt,
1210 1782 1402 1843 ascenderunt
1422 1783 1481 1844 duo
1507 1782 1630 1843 scabella
1654 1801 1710 1861 pro
1730 1781 1771 1842 eis
1790 1799 1832 1860 pa·

1054 1896 1128 1945 rata.
1151 1883 1397 1961 Lictorapposuit
1418 1865 1459 1944 eis
1482 1882 1748 1961 rissentientibus,
1761 1899 1832 1941 exeo

1055 1984 1133 2063 quod
1165 1986 1255 2053 irater
1288 1983 1433 2045 consessor
1453 1996 1482 2045 ct
1502 1986 1576 2045 alius
1596 1983 1725 2045 Crucem
1752 1980 1832 2042 iercos

1054 2103 1104 2144 cos
1123 2087 1260 2146 continuo
1283 2085 1310 2143 in
1332 2083 1450 2145 Christo
1471 2084 1684 2156 confortabam,
1705 2082 1789 2141 iones
1809 2081 1831 2139 in

1056 2185 1149 2259 rullo;
1165 2184 1270 2262 qartus
1284 2182 1429 2262 apponas,
1445 2184 1494 2243 ara
1509 2167 1619 2244 aeroas
1632 2182 1703 2243 soca
1720 2181 1832 2242 aaran

1056 2287 1122 2366 ipsis
1142 2285 1177 2346 de
1195 2283 1316 2364 pedibus
1345 2281 1574 2355 subtraxerunt,
1595 2284 1697 2361 sicque
1716 2281 1831 2360 suspensi

1055 2386 1189 2467 spiritum
1209 2376 1385 2457 emiserunt:
1409 2383 1557 2455 defuncti,
1574 2373 1696 2464 depositi
1727 2383 1834 2445 iueraat

1056 2489 1092 2548 da
1113 2488 1258 2557 columna,
1272 2495 1302 2544 et
1316 2485 1448 2562 usquein
1467 2484 1614 2544 camisiam
1628 2483 1744 2556 nudati,
1761 2472 1834 2543 loe'ati

1056 2587 1182 2647 sedentes
1198 2585 1227 2644 in
1249 2581 1379 2644 scabellis
1401 2582 1556 2663 praedictis
1578 2586 1733 2653 colomnae
1753 2600 1835 2662 appo·

1057 2687 1145 2765 diali,
1164 2688 1193 2746 et
1221 2684 1359 2746 cathenae
1385 2685 1440 2744 snb
1467 2685 1593 2746 brachiis
1613 2685 1651 2744 ad
1678 2686 1833 2746 columnam

1057 2786 1262 2866 circumligati,
1282 2796 1312 2847 et
1329 2771 1467 2847 succenso
1487 2788 1553 2865 igne
1572 2785 1727 2849 combusti.
1746 2783 1834 2843 Lictor

1057 2908 1149 2969 usque
1169 2899 1233 2969 post
1255 2888 1358 2947 boram
1381 2901 1570 2967 vesperorum
1594 2886 1705 2945 multis
1732 2885 1834 2960 vicibus

1058 2991 1232 3050 ministrarit
1252 2988 1341 3067 ligna,
1359 2999 1392 3047 ut
1407 2988 1550 3048 cadavera
1570 2986 1600 3048 in
1620 2997 1718 3048 totum
1739 3001 1836 3045 consu·

1057 3100 1230 3161 merentur,
1251 3089 1349 3165 sicque
1367 3087 1442 3165 ignis
1459 3104 1552 3164 usque
1573 3086 1603 3145 iu
1622 3102 1710 3145 mane
1726 3100 1837 3161 sequam

1056 3190 1238 3270 perduravit.-
1259 3187 1369 3249 Eodem
1389 3187 1516 3265 sequenti
1545 3187 1609 3258 die,
1633 3187 1715 3246 cirea
1743 3185 1837 3246 boran

1029 3342 1032 3347 .
1059 3307 1263 3370 vesperorum,
1286 3289 1420 3363 cineres,
1442 3291 1471 3349 in
1498 3287 1603 3366 quibus
1624 3288 1723 3348 adbuc
1752 3286 1836 3346 multa

1057 3409 1121 3452 ossa
1142 3403 1257 3470 reperta
1278 3392 1407 3463 luerunt,
1419 3409 1471 3470 per
1492 3374 1633 3468 quosdam
1650 3408 1686 3449 ex
1712 3389 1840 3449 sociaate

1059 3492 1273 3554 Misericordiae
1288 3488 1374 3551 simui
1387 3488 1474 3569 scopa
1495 3490 1615 3551 collecta
1632 3499 1662 3551 et
1676 3489 1707 3547 in
1722 3486 1838 3566 quadam

1059 3609 1144 3671 capsa
1166 3608 1252 3663 nora,
1262 3600 1291 3650 et
1311 3607 1396 3650 sacco
1411 3586 1450 3669 (i)
1472 3589 1608 3667 reposita,
1619 3596 1650 3647 et
1671 3605 1741 3648 oum
1751 3585 1838 3647 Cruoe

1059 3690 1295 3770 processioneque
1316 3690 1399 3749 solita
1420 3706 1473 3767 per
1486 3687 1615 3751 eamdem
1631 3687 1797 3749 societatem
1809 3684 1839 3743 ad

1059 3790 1218 3852 Ecclesiam
1240 3788 1337 3849 dilata.
1359 3833 1367 3847 .
1450 3833 1458 3850 .
1479 3789 1516 3847 ad
1537 3787 1593 3848 boc
1614 3787 1779 3849 ordinatam
1798 3804 1839 3845 sc·

1059 3882 1146 3972 pultis
1148 3934 1276 3950 .....
1299 3889 1458 3968 Episcopus
1480 3889 1656 3970 degradator
1673 3891 1768 3951 noluit
1782 3878 1836 3967 pasl

1060 3991 1145 4052 finem
1161 3984 1372 4069 degradationis
1388 3989 1466 4050 ierre
1477 3990 1555 4049 illam
1567 3991 1737 4050 sententiam
1749 3990 1837 4049 dicat·

1060 4078 1359 4155 dozPronanlr'amas
1369 4092 1538 4165 etc.,diccns
1550 4093 1579 4152 id
1592 4089 1836 4153 aSummoPonti·

1060 4195 1113 4256 dcc
1128 4195 1181 4256 sibi
1201 4212 1258 4255 non
1279 4212 1339 4255 esse
1361 4191 1565 4265 commissum3
1581 4191 1667 4270 cujus
1690 4194 1756 4253 loco
1766 4191 1834 4250 dixit:
1875 4182 1878 4187 ’

1060 4296 1192 4357 Domine
1204 4294 1379 4365 luderetur
1391 4302 1420 4352 et
1433 4292 1500 4371 quia
1511 4291 1547 4352 li.
1558 4293 1592 4351 P.
1606 4292 1641 4352 D.
1656 4288 1835 4354 Cesenalemb

1060 4395 1183 4456 Auditor
1196 4393 1346 4466 Camenae,
1362 4404 1388 4453 et
1405 4381 1685 4469 GubernatorUrbis
1700 4393 1748 4453 bic
1760 4408 1833 4472 prac-

1053 4507 1152 4576 ¹sentes
1167 4495 1394 4572 pronuntiarunt
1409 4493 1461 4553 hos
1477 4511 1617 4573 pauperes
1629 4489 1831 4554 SaeculariCu·

1061 4595 1123 4654 riae
1150 4592 1304 4679 tradendos
1324 4612 1407 4666 csse,
1428 4611 1574 4674 roqamus
1592 4611 1648 4655 ooo
1666 4604 1723 4655 etc.
1743 4587 1830 4652 Debuit

1060 4704 1169 4766 tomen,
1189 4704 1216 4755 et
1232 4692 1331 4773 'potuit
1351 4694 1401 4752 illa
1424 4693 1512 4754 verba
1531 4694 1559 4753 in
1579 4692 1737 4773 pontificali
1757 4689 1828 4770 posita

1060 4796 1260 4874 pronuntiare,
1275 4796 1342 4872 quia
1364 4813 1416 4873 per
1438 4792 1607 4871 Pontificem
1630 4795 1658 4854 id
1679 4794 1731 4853 sibi
1750 4793 1826 4851 suast

1100 5061 1320 5125 (t)‘Tegurium,
1343 5065 1372 5111 at
1394 5061 1519 5121 ridetur,
1539 5065 1597 5110 erat
1622 5063 1768 5123 suggestum
1788 5052 1825 5101 cir·

1059 5142 1302 5207 calare,ligaeum‚
1319 5144 1345 5189 et
1361 5145 1437 5202 parto
1454 5142 1544 5189 intima
1567 5152 1697 5197 vacuum,
1714 5150 1745 5187 cx
1767 5131 1824 5190 clll⁵

1060 5221 1146 5271 madio
1162 5223 1280 5272 columna
1299 5220 1465 5281 prominebat
1482 5221 1507 5268 iu
1525 5219 1617 5275 altam,
1636 5218 1669 5268 ad
1686 5209 1825 5278 saspsaoea·

1059 5298 1107 5349 dos
1125 5312 1197 5358 reos,
1212 5303 1237 5348 el
1255 5303 1347 5361 postea
1365 5301 1423 5362 igue
1441 5298 1609 5348 cremandos.
1863 5296 1864 5301 ’
