3758 6030
169 229 229 291 290
644 217 925 283 ronrtrtcarns
947 214 1168 278 anaximeni
1188 218 1314 281 suxit.

172 370 260 432 runt,
275 358 402 436 alioquin
420 355 539 417 alterius
558 354 678 425 eoloris,
695 369 821 431 quorum
842 348 953 411 medius

170 461 283 538 aliquas
305 459 441 536 reliquias
462 455 685 532 deiera·t,quem
704 451 875 533 praecedant
897 449 955 509 duo

167 560 358 632 ceroferarii,
379 557 514 635 reliquias
543 555 724 616 honorantes.

208 662 262 721 Die
278 661 400 728 veneris,
413 655 537 718 secundo
552 655 656 715 mensis
671 652 750 725 maii,
762 650 819 710 luit
837 658 949 727 tempus

167 778 300 822 serenum
321 770 350 819 et
375 761 487 818 clarum
511 754 662 834 usquead
692 753 795 814 boram
818 764 955 825 respera-

168 858 373 927 rum,deinde
396 854 544 934 usquead
569 865 681 939 noctem
705 850 787 930 quasi
819 848 952 907 continue

171 959 259 1038 plain
275 956 450 1036 interpositis
469 965 562 1014 tamen
581 950 736 1030 aliquando
752 945 878 1016 uicibus,
891 963 954 1004 ces-

169 1058 372 1121 suvitParatis
386 1057 477 1135 igitar
493 1055 625 1116 omnibus
642 1072 697 1132 pro
713 1049 873 1128 receptione
880 1045 956 1106 Car-

170 1160 273 1219 dinalis
288 1159 393 1218 Montis
404 1156 519 1236 Regalis
531 1154 632 1232 Legati
644 1151 811 1232 apostolici,
822 1146 884 1206 RR.
897 1144 954 1203 Pl'.

170 1261 232 1321 bn.
254 1247 469 1336 Arcbiepiscopi
491 1269 519 1317 et
531 1255 664 1335 Episcopi
683 1253 764 1330 regni
786 1250 816 1308 iu
838 1247 956 1306 civitate

170 1359 352 1439 Neapolitana
374 1357 548 1427 constituti,
567 1357 597 1414 in
619 1364 716 1414 castro
748 1348 900 1410 Ducbesco
929 1345 956 1403 in

152 1471 255 1539 ,porta
269 1458 406 1537 Capuana
428 1466 638 1527 cararenerunt,
659 1464 687 1514 et
709 1451 773 1511 inde
794 1450 879 1509 simul
899 1445 957 1504 bini

170 1560 338 1638 equitarunt
372 1557 449 1617 dicto
483 1554 594 1634 Legata
615 1554 730 1613 obviam
752 1567 845 1627 usque
868 1564 957 1625 prope

172 1662 312 1721 Sanctum
326 1657 485 1729 lulianum,
510 1656 559 1715 ubi
580 1671 648 1715 eum
672 1660 853 1730 receperant,
870 1646 906 1704 R.
922 1643 955 1703 P.

171 1762 206 1822 l).
234 1760 381 1821 Vincentio
419 1757 654 1841 Arcbiepiscopo
674 1750 872 1812 Acherontino
904 1764 959 1826 pro

173 1861 306 1921 omnibns
328 1861 459 1935 loquente
468 1879 478 1929 ;
496 1860 620 1934 et-quia,
635 1864 667 1913 ut
682 1852 751 1924 dixi,
763 1861 875 1928 tempus
891 1848 958 1925 plu·

108 2040 116 2054 ς
173 1965 286 2025 aiosum
306 1964 373 2034 luit,
391 1961 523 2041 Legatos
543 1958 709 2038 aliquandiu
732 1956 759 2015 in
781 1954 888 2014 Sancto
902 1951 958 2011 lu·

175 2066 249 2126 liano
263 2064 383 2143 quierit,
394 2074 422 2123 et
433 2073 498 2143 post
516 2059 580 2138 ejus
594 2063 713 2131 exitam,
728 2056 813 2117 modo
829 2070 960 2133 cappam,

172 2166 259 2227 modo
277 2167 468 2235 montellum,
491 2162 577 2224 modo
600 2163 707 2221 iterum
730 2174 875 2236 cappam,
897 2166 960 2214 tum

173 2268 353 2339 mantellum,
363 2277 481 2345 propter
501 2261 642 2341 temporis
658 2259 866 2319 instabilitatem
880 2254 959 2335 (quia

172 2373 200 2428 in
222 2386 311 2448 eappa
336 2368 426 2428 videri
461 2360 587 2444 solebat)
609 2363 735 2440 recepit,
759 2368 787 2418 et
809 2374 893 2416 surim
916 2356 961 2412 iu-

175 2471 296 2529 troitum
328 2467 371 2526 sic
405 2466 485 2547 quasi
506 2463 543 2522 ad
577 2462 681 2522 boram
707 2476 785 2520 xxa.
809 2454 959 2536 protraxit.

174 2567 236 2629 Rex
259 2568 336 2627 reait
356 2566 471 2626 obviam
504 2556 540 2623 D.
576 2559 726 2625 Cardiaoli
759 2573 850 2634 usqae
884 2555 960 2614 ultra

175 2669 316 2730 Sanctum
337 2669 496 2728 Antonium
522 2668 596 2725 inter
629 2664 693 2722 illas
716 2660 786 2719 duas
808 2656 963 2734 tabernas,

176 2790 250 2849 qnae
271 2782 339 2829 sunt
360 2771 433 2830 inter
453 2768 594 2827 Sanctum
616 2761 792 2831 Antonium,
814 2770 843 2819 et
864 2758 963 2836 proxi·

176 2891 258 2934 muru
280 2873 376 2931 locam
408 2887 496 2949 prope
518 2867 658 2926 Sanctum
681 2863 857 2930 lulianum,
890 2856 963 2929 ubi,

175 2975 288 3037 detecto
310 2976 412 3052 eapite,
434 2969 526 3029 voluit
548 2967 673 3027 osculari
697 2978 815 3022 manum
837 2957 962 3038 Legati3

178 3073 255 3155 qaod
278 3071 404 3150 Legatos
425 3087 482 3130 non
513 3067 662 3127 admittens
676 3110 702 3136 ,.
719 3063 813 3141 ipsum
838 3059 873 3118 ad
902 3058 963 3117 oris

177 3179 309 3237 osculum
340 3171 468 3251 recepit,
489 3179 518 3229 et
550 3168 586 3227 ad
609 3166 755 3226 sinistram
776 3180 880 3232 suam,
903 3159 964 3238 ipso

178 3289 272 3337 tamen
288 3275 366 3353 Rege
381 3273 416 3332 ad
429 3273 558 3332 dextram
573 3269 654 3348 prius
672 3266 806 3335 invitato,
829 3260 964 3322 continue

178 3378 310 3456 equitare
326 3374 404 3434 lecit.
425 3371 499 3432 Arate
519 3371 628 3448 Regem
645 3380 674 3429 et
689 3365 831 3444 Legatum
852 3361 966 3439 equita·

177 3488 248 3562 runt
265 3477 364 3538 ordine
382 3473 552 3554 supradicto
569 3489 677 3531 omnes.
691 3460 966 3527 tarnanensis

180 3576 358 3639 camerarius
373 3571 466 3650 major
481 3573 581 3651 Regis,
602 3571 694 3630 irater
717 3582 871 3645 germanus
893 3560 965 3621 Rea.

179 3678 243 3738 lli).
255 3675 415 3737 Cardinalis
428 3684 457 3734 et
465 3671 680 3750 archiepiscopi
693 3665 881 3747 Neapolitani,
894 3681 968 3743 por·

181 3777 255 3839 tarit
273 3793 368 3838 ensem
383 3774 520 3853 insignem
540 3772 693 3832 contrario
714 3767 810 3836 modo,
827 3784 885 3843 qno
906 3763 969 3823 aliis

182 3878 366 3957 Principibus
388 3873 500 3955 portari
522 3874 613 3945 solet3
640 3869 774 3951 portabat
795 3866 870 3928 enisu
893 3883 969 3944 pua·

186 3992 264 4040 ctam
281 3980 355 4040 ensis
375 3979 405 4037 iu
427 3994 536 4047 manu,
552 3985 582 4035 et
597 3973 738 4032 manicam
759 3970 833 4030 ensis
854 3984 970 4026 sursum
990 4002 992 4006 -

188 4082 300 4143 tenebat
318 4075 612 4155 e1·ectont,equitons
633 4073 669 4132 otl
688 4073 832 4132 sinistram
854 4068 972 4148 cappel-

185 4183 253 4255 lani,
272 4198 390 4241 crucem
408 4185 472 4237 onte
488 4165 634 4255 Legatum
658 4172 806 4253 portantis.
829 4169 898 4229 l'ost
912 4167 972 4228 Le·

186 4294 286 4362 gotum
304 4301 384 4352 aero,
399 4293 427 4340 et
439 4281 560 4357 Regem,
582 4295 637 4337 uon
659 4276 715 4335 init
736 4284 870 4335 serratus
888 4271 973 4343 ordo,

186 4385 236 4446 aed
252 4404 288 4444 ex
302 4385 448 4443 voluntate
468 4381 504 4441 D.
527 4377 671 4440 Friderici
690 4386 840 4436 mutatus:
860 4374 973 4452 equita-

188 4497 258 4547 runt
278 4503 350 4563 ergo
372 4495 434 4563 post
455 4503 503 4544 eos
525 4482 579 4541 boe
601 4480 712 4540 ordine:

230 4585 295 4645 Dora
310 4584 477 4644 Friderieus
496 4584 585 4641 irater
598 4579 695 4658 Regis,
708 4596 725 4636 a
741 4576 847 4637 dextris
866 4573 973 4634 babens

189 4685 347 4748 Oratorem
359 4685 446 4764 Regis
457 4682 622 4761 Hispaniae,
647 4699 663 4738 a
685 4678 809 4738 sinistris
834 4665 975 4735 Oratores

189 4788 307 4849 dominii
318 4788 504 4854 Venetorum,
525 4782 614 4842 Ducis
630 4780 794 4849 blediolani,
804 4786 834 4837 et
850 4776 975 4835 Floren-

195 4892 335 4949 tinorum.
545 4886 546 4889 ’

232 4987 297 5048 Don
308 4986 432 5046 Aloisius
448 4985 481 5045 de
492 4982 640 5063 dragonis
654 4979 785 5041 Marabio
800 4975 975 5051 Giracensis‚

197 5106 288 5168 nepos
308 5088 405 5167 Regis,
433 5084 580 5154 adextris
608 5084 713 5143 babens
746 5081 809 5139 Dan
836 5079 976 5140 Carolam

194 5189 317 5250 fratrem
338 5208 446 5261 suarm,
474 5189 523 5266 qui
545 5205 566 5245 a·
581 5185 687 5246 dextris
715 5180 835 5241 babebat
861 5180 895 5238 1).
924 5182 978 5240 ΑΙ-

94 5304 97 5312 ·
198 5290 340 5372 pbonsura
362 5291 397 5352 de
420 5289 563 5367 diagonia
582 5289 705 5349 electura
726 5283 899 5347 Theatinum
918 5281 979 5342 lra-

1693 213 1805 299 aaran

1026 360 1099 411 trem
1119 349 1286 411 bastardum
1305 350 1427 429 regiain
1445 349 1545 409 babitu
1565 350 1720 429 episcopali
1741 347 1806 431 (l),

1027 450 1161 511 videlicet
1179 452 1325 522 mantello,
1340 451 1507 529 capuccium
1530 460 1559 511 et
1581 453 1657 530 pileo
1672 451 1807 528 equitan-

1026 562 1111 625 tenr3
1133 570 1151 611 a
1177 552 1299 611 sinistris
1329 571 1398 612 aero
1427 551 1495 612 dicti
1523 552 1587 613 Don
1615 553 1720 612 aloisii
1748 565 1806 612 erat

1027 652 1090 714 [lon
1111 654 1245 714 ,lofredus
1265 653 1372 732 borgia
1400 652 1478 713 lilius
1505 653 1623 733 Papae,
1649 667 1678 714 et
1700 672 1717 711 a
1740 653 1807 712 sini·

1027 755 1096 836 stris
1117 755 1196 814 illius
1219 755 1284 814 Dou
1313 755 1455 816 ilenrieus
1485 755 1519 816 de
1546 756 1694 832 bragonia
1723 755 1808 813 irater

1017 855 1214 913 'consobrinas
1229 853 1355 932 Reginae
1372 853 1577 934 Neapolitanae
1598 867 1626 914 et
1651 873 1739 933 nepos
1754 852 1810 912 Re·

1028 954 1071 1033 gis
1092 955 1311 1032 Hispaniarum,
1330 958 1400 1016 satis
1421 967 1527 1015 tamen·
1541 957 1676 1017 coarsusi:
1693 955 1712 1013 ii
1728 952 1810 1030 quia·

1030 1072 1085 1132 que
1100 1055 1210 1133 saepius
1224 1054 1322 1127 ibant,
1342 1066 1371 1116 et
1390 1059 1464 1118 inter
1483 1077 1530 1118 eos
1551 1068 1635 1118 erant
1655 1067 1717 1115 tres
1735 1050 1808 1134 pagii

1030 1157 1106 1234 regis
1124 1167 1153 1217 et
1172 1156 1229 1216 duo
1243 1157 1359 1218 iaroriti
1375 1154 1520 1232 ejusdem,
1541 1168 1605 1236 post
1620 1156 1673 1215 hos
1689 1156 1726 1214 D.
1745 1155 1810 1215 Jor-

1030 1258 1122 1318 danus
1141 1259 1306 1338 patriarcba
1331 1258 1546 1320 Anthiocbenus
1572 1257 1810 1336 Arcbiepiseopus

1030 1357 1183 1439 &pisanus
1203 1377 1270 1418 cum
1292 1359 1423 1439 cappello
1438 1360 1532 1439 nigro,
1548 1377 1667 1419 cracem
1694 1358 1810 1436 desuper

1032 1457 1137 1521 babens
1160 1460 1322 1529 violatiam,
1337 1459 1449 1520 medius
1473 1461 1548 1520 inter
1569 1459 1606 1518 R.
1630 1446 1663 1518 P.
1688 1459 1724 1518 l).
1746 1457 1811 1517 Ste-

1032 1558 1158 1638 phanum
1179 1558 1438 1638 arehiepiscopum
1468 1558 1672 1619 Patraoensem
1695 1569 1723 1620 et
1744 1557 1812 1636 Epi·

1032 1678 1151 1740 scopum
1178 1660 1384 1721 Torcellauum
1411 1679 1429 1719 a
1450 1659 1571 1732 dextris,
1592 1672 1622 1721 et
1643 1659 1810 1738 Episcopum

1033 1760 1228 1840 Saguntinam
1249 1779 1266 1820 a
1288 1762 1419 1820 sinistris.
1538 1756 1541 1761 ’

1074 1863 1213 1923 Dorulaus
1234 1861 1394 1941 Episcopus
1416 1859 1554 1931 Nolanus,
1581 1860 1691 1923 babens
1711 1878 1729 1919 a
1750 1861 1811 1919 sini-

1009 1998 1011 2002 ·
1033 1966 1099 2025 stris
1119 1962 1378 2043 Archiepiscopnm
1401 1963 1656 2036 Acherontinum3
1688 1988 1691 1994 ¹

1074 2065 1217 2137 Dominus
1240 2063 1402 2144 Episcopus
1427 2064 1625 2135 lactorensis,
1652 2083 1670 2121 a
1699 2063 1810 2123 sinistris

1034 2165 1140 2227 babens
1161 2164 1416 2245 Arcbiepiscopam
1438 2165 1677 2238 Brindicensem3

1075 2266 1110 2326 D.
1132 2263 1378 2345 Arcbiepiscopus
1395 2264 1518 2326 Sanctae
1540 2266 1708 2338 Severtnee,
1722 2285 1739 2323 a
1753 2267 1814 2324 sini-

1034 2368 1102 2427 stris
1123 2366 1229 2426 babens
1250 2360 1515 2428 Protbonotarium
1531 2367 1564 2428 de
1587 2367 1676 2446 Sega3

1076 2466 1658 2547 DominusdrcbiepiscopusReginensis,
1673 2486 1690 2524 a
1704 2465 1815 2527 sinistris

1035 2569 1140 2629 babeas
1172 2567 1439 2628 Protbonotarium
1467 2568 1501 2629 de
1529 2569 1723 2639 Sermonem,
1754 2587 1815 2645 quos

1035 2669 1227 2748 sequebantur
1249 2667 1297 2726 alii
1332 2669 1458 2747 praelati
1489 2670 1571 2741 bini,
1591 2669 1675 2741 bini,
1705 2687 1815 2730 atamero

1036 2771 1153 2849 triginta
1180 2769 1225 2828 ael
1250 2768 1351 2839 circa,
1378 2779 1406 2839 et
1436 2770 1501 2829 illos
1528 2770 1606 2830 ¹aliae
1638 2771 1816 2850 quamplures

1035 2889 1196 2952 personae,
1221 2879 1250 2930 et
1271 2869 1431 2930 servitores
1454 2870 1512 2930 siae
1538 2870 1657 2930 ordine:
1687 2869 1816 2930 bonorari

1036 2983 1132 3031 autem
1154 2969 1289 3028 ordinari
1320 2969 1576 3051 Arcbiepiseopum
1599 2970 1816 3039 patracensem,

1036 3082 1064 3132 et
1080 3071 1285 3150 Saguntinum,
1297 3067 1451 3141 Nolanum,
1462 3082 1491 3132 et
1511 3071 1742 3132 Crotboaensem
1754 3070 1816 3149 Epi-

1037 3189 1148 3250 seopos,
1166 3188 1200 3230 ac
1222 3170 1259 3229 de
1276 3168 1374 3248 Sego,
1396 3181 1425 3229 et
1448 3170 1482 3230 de
1505 3170 1677 3231 Sermoueta
1700 3169 1817 3230 Protho-

1039 3271 1176 3341 notarios,
1191 3279 1325 3347 utsupra
1345 3280 1475 3348 apparet,
1494 3291 1550 3349 pro
1565 3292 1600 3332 eo
1615 3272 1693 3349 quod
1705 3292 1739 3333 ex
1750 3272 1818 3333 Urbe

1040 3389 1106 3432 eum
1127 3369 1239 3448 Legata
1260 3370 1461 3430 veneruntad
1490 3371 1583 3451 ipsam
1605 3373 1818 3443 honorandum,

1039 3490 1074 3530 ac
1096 3489 1162 3530 cam
1183 3489 1217 3530 eo
1238 3479 1321 3530 erant
1343 3470 1419 3530 illue
1443 3472 1576 3532 redituri.

1082 3572 1226 3633 Pervento
1259 3570 1314 3630 boc
1347 3571 1448 3631 ordine
1468 3572 1504 3631 ad
1527 3583 1642 3652 portam
1677 3575 1820 3643 civitatis,

1043 3672 1285 3756 brebiepiscopns
1316 3669 1543 3750 Neapolitanus,
1565 3674 1646 3733 ultra
1667 3685 1822 3753 paramenta

1020 3807 1022 3813 ,
1043 3783 1196 3843 consueta,
1217 3774 1304 3832 etiarn
1329 3772 1462 3832 sandaliis
1480 3785 1508 3835 et
1522 3774 1685 3836 cirotbecis
1701 3777 1823 3847 indutus,

1044 3875 1171 3956 porrexit
1193 3893 1310 3936 crucem
1323 3873 1433 3955 Legata
1454 3876 1660 3940 osculandam.
1674 3897 1763 3956 quam
1776 3878 1824 3939 Le·

1044 3976 1205 4056 gatos,ipso
1214 3976 1293 4054 Rege
1308 3978 1388 4057 prius
1402 3977 1536 4050 inritato,
1547 3998 1581 4039 ex
1597 3999 1674 4058 equo
1686 3984 1822 4043 oscalatus

1044 4089 1101 4138 est:
1115 4078 1178 4138 Rex
1191 4089 1287 4138 autem
1313 4094 1369 4137 non
1390 4088 1434 4137 est
1455 4095 1573 4139 cruoem
1596 4080 1755 4141 osculatus.
1775 4084 1825 4142 lie-

1045 4190 1152 4240 uerunt
1182 4178 1246 4239 inde
1277 4178 1331 4237 sub
1362 4177 1535 4240 baldachino
1566 4179 1696 4259 Legatos
1725 4194 1754 4242 et
1774 4181 1826 4242 Rex

1047 4300 1137 4359 usque
1150 4280 1186 4339 ad
1198 4281 1346 4342 ecclesiam
1361 4279 1622 4359 Metropolitaaam.
1636 4279 1745 4342 Omnes
1767 4283 1827 4343 reli-

1046 4383 1130 4461 giosi,
1145 4393 1264 4462 propter
1283 4393 1396 4461 tempas
1412 4382 1588 4460 pluviosam,
1599 4383 1635 4441 ad
1651 4402 1756 4444 muros
1773 4385 1828 4463 pla-

1048 4493 1172 4555 tearum,
1188 4483 1236 4541 nbi
1252 4493 1336 4542 erant
1359 4481 1447 4554 firmi,
1463 4491 1617 4557 steterunt;
1638 4487 1721 4544 solus
1742 4485 1829 4545 clerus

1047 4583 1204 4645 saecularis
1222 4583 1382 4661 praecessit
1399 4601 1519 4643 crucem
1531 4582 1635 4662 Legati
1652 4595 1719 4664 post
1740 4603 1829 4645 omnes

1048 4687 1190 4754 Roroues,
1208 4693 1236 4744 et
1253 4701 1371 4744 crucem
1387 4683 1495 4763 ipsam,
1516 4696 1544 4747 et
1565 4685 1656 4745 aliurn
1674 4688 1727 4764 qui
1742 4705 1829 4748 ensem

1035 4787 1136 4864 Regis
1152 4785 1285 4864 portabat
1292 4808 1302 4857 3
1322 4786 1496 4862 sequebatur
1512 4786 1679 4865 Capitulum
1700 4789 1830 4849 eeclesiae

1050 4886 1264 4968 Neapolitanae,
1285 4897 1314 4948 et
1341 4887 1586 4967 Arcbiepiscopns
1611 4899 1744 4966 paratus.
1767 4895 1830 4948 Ante

1050 4990 1198 5051 ecclesiam
1214 4986 1431 5068 Neapolitanam
1447 4988 1665 5061 baldachinum,
1682 4990 1761 5067 qaod
1780 4997 1829 5050 na-'

1051 5093 1122 5153 biles
1137 5092 1178 5152 illi
1197 5091 1315 5152 Sedium
1330 5100 1532 5169 portaverunt,
1554 5090 1609 5150 luit
1635 5092 1831 5171 purairenariis

1094 5302 1128 5361 ltl
1138 5300 1174 5353 De
1188 5301 1237 5352 hoc
1249 5302 1374 5364 episeopo
1387 5300 1445 5351 aide
1456 5313 1523 5364 quae
1536 5303 1685 5353 notavimus
1697 5315 1755 5366 pag.
1767 5300 1817 5350 ns.
