3764 6036
191 272 251 336 lhd

190 410 275 473 Sacri
301 409 405 474 Palatii
425 409 583 493 Apostolici
604 397 765 474 Causarum
787 411 974 486 Auditorum,

189 511 337 574 Ecclesiae
360 512 519 573 Solvicensl
550 522 618 572 tvrnc
647 512 776 574 Pastoris
798 513 901 572 salatia
922 512 974 572 de·

190 612 329 686 stitutae,
354 611 390 671 ad
420 630 507 689 quam
541 610 598 672 duo
618 612 702 673 electi
730 621 824 686 erant,
847 630 975 689 quarum

189 729 264 772 unus
286 712 387 771 babuit
407 729 574 778 eonsensum
597 712 684 791 Regis
703 712 805 772 Datiae
826 722 855 771 et
877 712 976 771 literas

188 811 438 872 commendatitias
471 810 508 869 ad
540 811 638 872 Sonat.
667 812 702 870 D.
725 810 760 870 N.
789 812 818 870 in
845 811 974 870 torrorem

190 927 278 968 suum
290 930 301 981 ;
323 921 353 970 et
374 909 491 987 quidam
520 911 634 981 tertius,
660 928 787 970 asserens
808 911 974 970 electionem

189 1008 293 1073 tarum,
320 1026 375 1067 non
407 1008 536 1080 habere,
557 1019 585 1069 et
612 1008 771 1069 Ecclesiam
794 1008 973 1088 praedictam

187 1106 242 1165 sub
263 1107 444 1168 concordatis
463 1108 586 1167 nationis
602 1107 791 1168 Germanicae
805 1123 869 1167 'uon
891 1101 975 1168 contss

186 1206 335 1285 prehendi,
348 1206 469 1265 instabat
486 1226 515 1266 se
532 1207 567 1264 ad
582 1207 676 1268 sedena
688 1207 834 1268 Ecclesiae
845 1205 972 1285 praefici3

186 1303 353 1381 hujusmodi
372 1317 470 1368 autem
491 1307 710 1384 praelectionem
733 1307 872 1365 Dominus
894 1305 976 1365 llen·

189 1405 268 1465 ricus
289 1403 389 1484 Meyer
411 1406 466 1466 88.
487 1407 520 1465 D.
543 1404 576 1464 Ν.
600 1406 695 1485 Papae
718 1407 920 1466 cubicularius
941 1427 975 1467 ex

186 1506 353 1566 consistorio
369 1506 528 1577 missus,D.
541 1504 693 1584 Egerarda
706 1514 735 1565 et
746 1507 808 1565 aliis
824 1505 975 1566 coaudita·

187 1588 271 1664 ribus
284 1596 342 1663 suis
359 1616 386 1666 et
402 1604 659 1665 locumtenentibus
675 1605 703 1663 in
722 1603 796 1664 Rata
818 1604 976 1664 caasedeu·

191 1704 279 1778 tibus,
301 1703 335 1764 de
356 1704 492 1763 mandato
512 1704 566 1764 SS.
585 1702 621 1763 D.
651 1701 686 1761 Ν.
707 1702 801 1781 Papae
822 1704 973 1764 nuntiavit.

187 1803 282 1862 Finita
299 1802 397 1864 deinde
412 1803 580 1877 audientia,
599 1804 673 1871 idem
693 1804 829 1863 Dominus
843 1802 975 1881 Egerar·

186 1900 373 1974 dus,dimiss0
395 1902 542 1975 rochetta,
552 1904 581 1961 ia
596 1902 699 1963 babitu
715 1922 767 1963 sua
782 1912 930 1973 consueto,
943 1916 974 1963 ut

184 1998 322 2072 Auditor,
340 1999 376 2060 ad
395 2001 515 2060 domurn
537 2020 619 2061 suam
640 2002 737 2076 rediit,
756 2004 911 2063 associatus
926 2014 974 2062 ta·

187 2116 251 2159 naen
266 2117 282 2158 a
299 2099 467 2159 tribusaliis
490 2101 715 2175 coauditaribus,
735 2103 866 2163 videlicet
878 2103 975 2164 Fran·

186 2199 263 2258 cisca
284 2192 401 2272 Brevia,
419 2200 518 2287 Feliua
532 2212 561 2262 et
577 2200 664 2278 Petra
680 2202 714 2262 de
731 2204 888 2282 Accalytis,
899 2204 973 2264 iuter

186 2298 407 2375 quasmedium
426 2309 454 2359 et
476 2300 604 2379 primurn
628 2303 725 2362 locum
748 2303 869 2362 tenebat.
900 2305 973 2363 date

186 2396 304 2458 domum
326 2418 408 2481 suam
425 2401 484 2478 egit
505 2400 556 2474 eis,
577 2410 606 2461 et
627 2402 709 2475 mibi,
731 2383 764 2460 ac
784 2403 854 2461 aliis
871 2403 972 2462 curia.

187 2497 263 2557 libus
278 2493 330 2576 qui
353 2501 446 2578 ipsum
457 2500 647 2574 associarunt,
669 2503 789 2579 gratias,
801 2515 828 2562 et
843 2503 971 2563 intravit.

228 2598 352 2681 Peracta
367 2599 500 2677 prandia,
512 2611 632 2661 vocatus
653 2619 669 2658 a
690 2600 837 2678 praedicto
849 2600 971 2662 Domina

185 2697 278 2757 electo
300 2698 363 2758 veni
376 2741 386 2771 ,
411 2698 462 2774 qui
485 2718 503 2757 a
529 2717 573 2759 aie
595 2701 696 2777 petiit,
718 2701 787 2778 quid
808 2700 971 2779 agendam:

189 2796 321 2875 respondi
333 2796 410 2874 quad
431 2796 459 2856 in
481 2799 580 2877 primis
598 2799 711 2860 deberet
731 2799 794 2861 lieri
813 2814 971 2874 carana,et

187 2898 351 2958 rochettum
363 2899 553 2978 episcopalem
567 2919 712 2962 assumere
733 2901 859 2974 deberet,
874 2903 972 2964 deinde

188 2999 312 3057 crastiua
336 2999 380 3058 vel
403 2999 479 3073 alia,
501 2999 553 3080 sibi
575 3003 725 3080 placente,
746 2990 871 3083 crass
894 3003 960 3062 DN

184 3096 301 3177 Papain¹
313 3098 343 3157 ia
365 3116 454 3184 eappa
473 3098 665 3172 cardinalari,
687 3120 721 3160 ac
736 3101 799 3161 ttlt.
812 3102 865 3160 ut)
895 3103 945 3163 Cat

184 3198 291 3258 dinales
306 3199 434 3272 visitare,
448 3210 477 3260 et
498 3219 552 3278 pra
568 3219 648 3260 mare
664 3201 771 3277 gratias
792 3219 879 3279 agere
912 3221 971 3279 quo

182 3297 327 3361 intellecto
340 3299 374 3358 D.
384 3297 445 3357 Sua
457 3317 584 3370 asserens
599 3300 808 3378 promotionem
820 3318 902 3359 suam
915 3318 969 3361 non

181 3396 353 3476 intelligere,
369 3408 519 3476 propterea
535 3417 682 3460 assumere
699 3418 755 3460 nau
779 3402 863 3474 velle,
878 3419 950 3480 roga

182 3495 225 3553 vit
255 3513 301 3556 rae
324 3508 358 3556 ut
379 3495 414 3554 tt.
437 3496 472 3555 D.
493 3498 770 3561 vicecancellarium
803 3501 969 3561 accederem

180 3591 244 3669 ejus
273 3596 408 3667 naariae,
426 3606 455 3656 et
476 3596 609 3658 ordinem
629 3617 697 3658 suae
716 3612 902 3678 pramattams
923 3620 951 3660 an

187 3692 370 3770 tel-ligerem,
387 3705 417 3753 et
439 3693 493 3753 sibi
516 3696 586 3771 quid
605 3696 776 3757 sarriendum.
799 3696 932 3759 lntellem'
951 3719 968 3758 a

179 3791 216 3852 R.
247 3792 283 3852 D.
310 3793 554 3855 vicecaneettorta
576 3796 631 3856 88.
651 3797 744 3858 Ι)..Ν.
790 3799 967 3878 praedictum

181 3892 336 3953 Dominum
357 3895 482 3953 electum
503 3907 583 3955 matu
603 3899 724 3976 proprio
751 3899 788 3958 ad
809 3898 967 3960 Ecclesiam

177 3993 356 4072 praedictam
387 3995 516 4072 elegisse,
541 4015 576 4056 ac
602 3996 657 4055 sibi
690 3998 859 4077 simpliciter
874 4016 967 4058 amnia

177 4110 229 4152 sua
251 4089 385 4154 beneflcio
408 4112 570 4155 reservasse
601 4106 630 4157 et
653 4097 750 4157 locum
778 4096 967 4158 Aodrtaratus

178 4191 322 4269 usquead
340 4191 467 4253 habitam
487 4194 581 4256 dictae
597 4196 743 4257 Ecclesiae
762 4216 966 4277 passessionem

177 4288 351 4369 pacificam:
372 4312 493 4370 prorsus
513 4294 633 4355 Sanctit.
650 4295 740 4355 Suam
752 4297 854 4356 dixisse
886 4299 965 4358 litem

177 4408 237 4449 esse
251 4389 330 4449 inter·
343 4390 379 4449 D.
393 4390 526 4451 Electum
544 4405 572 4453 et
583 4394 735 4470 quemdam
751 4395 964 4456 cubicularium

177 4485 346 4548 sanctitatis
368 4487 445 4549 Suae
471 4508 560 4570 super
576 4492 714 4575 'quadam
742 4496 963 4575 praepositura,

129 4578 133 4585 ’
176 4603 265 4663 quam
283 4587 361 4647 litem
383 4588 445 4648 Sua
467 4589 609 4651 Sanctitas
631 4602 730 4671 aptare
745 4594 844 4654 vellet·
868 4603 962 4655 tamen

174 4685 227 4744 sibi
248 4686 391 4747 licentiam
413 4688 543 4762 dedisse,
565 4691 643 4767 quad
665 4691 692 4749 iu
715 4690 851 4751 schedula
875 4711 954 4771 supet

173 4786 353 4864 promotione
362 4787 527 4867 hujusmodi
541 4789 960 4869 conficienda,praeposituram

173 4883 341 4961 hujusmodi
363 4905 419 4948 aaa
440 4890 596 4968 exciperet,
607 4888 655 4949 sed
678 4889 846 4968 simpliciter
867 4890 959 4949 omnin

172 4983 323 5071 beneficia
329 4999 501 5049 resermvnret
524 4989 575 5048 llis
606 4987 705 5049 deiude
726 4988 848 5048 Domino
869 4990 960 5050 electo

133 5074 141 5094 '
173 5084 288 5156 relatis,
309 5047 385 5148 idem
404 5088 555 5161 Dominus,
578 5073 623 5147 rue
644 5098 803 5167 praesente,
820 5105 956 5149 caronam

172 5182 225 5241 sibi
249 5182 311 5244 fleri
334 5188 472 5266 permisit

207 5284 300 5344 Faria
313 5287 507 5363 quintanam
521 5288 622 5350 mensis
633 5287 744 5370 aprilis,
761 5287 951 5350 circalaoram

675 273 955 376 constricturus
976 273 1199 338 lllNOCENTll
1220 270 1371 336 OCTAVl.

768 3003 970 3062 ····
1089 3022 1094 3035 ⁸
1344 3045 1351 3071 s

810 3204 960 3273 0⁸3'
1130 3199 1339 3257 ’,,,

759 3819 823 3872 ,.

806 3999 813 4013 .
942 4001 949 4014 .
1288 4035 1362 4071 20

873 4197 880 4213 .

813 4299 905 4369 Ν,.

1151 4538 1161 4565 s
1300 4537 1309 4565 s

835 4636 846 4664 s

955 4713 961 4728 '
1367 4738 1382 4770 a

1163 4936 1171 4963 s

1721 271 1828 357 (risa)

1044 412 1223 490 vigesimam,
1244 427 1295 489 pcr
1315 417 1429 487 partam
1449 403 1585 465 viridarii
1600 405 1751 467 intrarunt
1773 409 1827 468 llr·

1044 511 1108 571 bem
1121 511 1178 570 duo
1196 510 1275 582 laici,
1284 507 1424 569 Oratores
1435 505 1614 566 serenissimi
1627 505 1715 585 Regis
1730 508 1828 587 llispa·

1045 610 1117 679 aiae,
1137 626 1211 667 unus
1233 597 1323 679 miles,
1342 607 1415 667 alius
1435 605 1558 680 Dactar,
1575 606 1611 665 ad
1633 604 1744 684 Regem
1760 606 1828 668 Nea·

1044 708 1201 786 politanam
1217 752 1225 779 ,
1243 707 1279 766 ad
1301 705 1461 766 instantiam
1483 705 1590 784 Papae,
1609 717 1642 766 ut
1665 707 1827 794 dicebatur,

1044 826 1098 885 pro
1118 807 1271 867 concordia
1295 805 1458 875 tractanda,
1476 816 1508 865 et
1529 805 1680 872 Nobilibus
1703 807 1825 867 ducentis

1044 906 1319 978 liberandismissi,
1340 907 1392 983 qui
1421 907 1529 985 recepti
1548 915 1616 966 sunt
1637 925 1691 986 per
1714 909 1827 967 familias

1044 1005 1100 1064 88.
1118 1005 1154 1064 D.
1167 1003 1200 1065 N.
1224 1006 1329 1084 Papae,
1352 1015 1380 1065 et
1401 1005 1464 1065 llll.
1485 1006 1547 1066 DD.
1565 1007 1778 1080 cardinalium,
1798 1027 1825 1069 eo

1044 1123 1135 1177 mare,
1150 1124 1184 1164 ac
1199 1104 1221 1163 si
1239 1123 1293 1184 pra
1309 1104 1467 1165 obedientia
1481 1105 1634 1166 sanctitati
1651 1108 1733 1184 Suae
1745 1126 1826 1187 prae·

1043 1204 1144 1263 stando
1163 1205 1313 1265 venirent:
1330 1205 1531 1265 familiaellll.
1548 1206 1610 1265 DD.
1633 1206 1826 1268 cardinalium

1042 1303 1265 1382 studegavensis,
1278 1305 1483 1375 Beneventani,
1505 1305 1732 1366 Vicecamerarii
1756 1307 1827 1368 etde

1042 1402 1201 1463 Comitihus
1223 1397 1390 1479 eguitarunt
1419 1404 1496 1462 ultra
1517 1405 1645 1465 lllantem
1666 1405 1821 1478 Arnaruat,

1042 1502 1116 1562 aliae
1146 1504 1243 1575 citra,
1274 1513 1307 1561 at
1338 1503 1445 1562 tamilla
1478 1505 1587 1584 Papae.
1611 1507 1636 1565 Α
1658 1507 1767 1587 palatio
1794 1507 1824 1568 de

1044 1601 1177 1681 Spinellis
1209 1603 1341 1664 associati
1368 1613 1435 1663 strat
1458 1623 1548 1682 usque
1579 1605 1615 1664 ad
1646 1605 1769 1666 domum
1795 1608 1825 1670 de

1042 1700 1138 1761 Cruce
1160 1702 1238 1761 ultra
1260 1701 1402 1780 Campum
1423 1703 1529 1763 Florae
1541 1701 1585 1783 (in
1608 1723 1666 1782 qim
1692 1705 1826 1785 hospitati

1037 1800 1203 1883 'suut)‚ante
1217 1819 1304 1878 quam
1320 1805 1429 1880 gratias
1443 1816 1663 1880 egeruntmare
1677 1819 1822 1880 consueta

1042 1902 1213 1979 equitarunt
1238 1911 1360 1973 autem,
1381 1888 1463 1962 miles
1482 1904 1556 1962 inter
1578 1903 1652 1962 duas
1679 1903 1824 1966 Proelntos

1042 1999 1155 2074 Palatii,
1167 2001 1265 2060 deiude
1282 2001 1419 2061 Dominus
1440 2003 1628 2062 astoricensis
1642 2006 1674 2064 et‘
1684 2002 1822 2066 Oratores

1041 2101 1110 2163 dicti
1141 2101 1226 2180 Regis
1237 2101 1280 2169 „in
1307 2099 1387 2162 Urbe
1408 2101 1558 2160 residentes
1585 2102 1748 2163 asinistris
1776 2108 1820 2164 al·

1042 2204 1131 2262 terius
1148 2200 1273 2261 Praelati
1292 2200 1417 2272 Palatii,
1436 2199 1596 2261 successive
1615 2202 1686 2284 alii,
1709 2213 1743 2262 ut
1762 2223 1833 2265 mo·

1041 2302 1082 2361 ris
1102 2311 1152 2363 est.
1417 2356 1419 2360 ,
1480 2294 1484 2297 ’

1064 2402 1190 2463 'Eadem
1212 2401 1268 2475 die,
1286 2413 1351 2481 past
1371 2402 1539 2482 prandium,¹
1560 2404 1638 2465 venit
1658 2405 1696 2464 ad
1720 2406 1827 2468 Urbem

1040 2490 1076 2561 tt.
1101 2503 1129 2562 in
1155 2503 1271 2568 Christo
1293 2503 1326 2563 P.
1349 2503 1384 2566 D.
1406 2501 1530 2562 blathias
1550 2502 1712 2584 Episcopus
1739 2504 1828 2565 Seca-

1042 2603 1144 2662 viensis
1155 2602 1279 2664 Serenis.
1290 2602 1402 2663 Domini
1419 2603 1508 2660 nostri
1520 2602 1707 2680 lmperatoris
1720 2602 1828 2664 Orator

1039 2719 1056 2760 a
1086 2690 1147 2760 suis
1178 2711 1288 2760 tantum
1323 2701 1500 2760 associatus:
1534 2701 1637 2762 habuit
1671 2703 1828 2764 servitores

1040 2800 1221 2879 quindecim3
1243 2810 1389 2877 equestres
1410 2811 1492 2859 eraut
1513 2819 1620 2862 omues.

1081 2902 1166 2963 Feria
1188 2911 1302 2979 quarta,
1323 2902 1457 2979 vigesima
1483 2902 1607 2962 secunda
1621 2903 1734 2982 aprilis,
1750 2904 1827 2987 circa

1041 3001 1142 3061 horam
1174 3018 1339 3078 vigesimam
1370 3005 1517 3078 portatum
1538 3013 1581 3062 est
1602 3019 1712 3080 carpus
1737 3002 1827 3063 bonae

1040 3100 1196 3161 memoriae
1217 3098 1331 3176 Damam
1353 3098 1501 3158 Eustachii
1522 3099 1731 3180 archiepiscopi
1752 3084 1826 3164 Are·

1040 3199 1152 3259 latensts
1172 3198 1217 3258 88
1247 3199 1273 3258 D
1304 3196 1328 3257 Ν
1362 3197 1456 3278 Papae
1477 3201 1646 3270 assistentis,
1675 3203 1729 3278 qui
1749 3202 1829 3275 heri,

1041 3311 1173 3377 vespete,
1193 3297 1251 3356 vita
1271 3297 1389 3358 iunctus
1410 3309 1462 3371 est,
1484 3298 1520 3357 ad
1542 3299 1695 3359 ecclesiam
1723 3301 1827 3383 Beatae

1039 3397 1147 3458 Martae
1174 3397 1293 3474 Magaris
1311 3398 1346 3456 ad
1368 3398 1572 3476 sepeliendum,
1592 3418 1610 3456 a
1627 3398 1745 3461 familiis
1767 3400 1826 3460 Eli.

1039 3497 1091 3557 DD
1123 3497 1332 3570 Cardmalium,
1342 3508 1370 3557 et
1382 3482 1450 3556 *aliis
1462 3498 1655 3559 assistentibus
1677 3500 1822 3579 archiepi-

1038 3616 1132 3677 scapts
1152 3607 1181 3657 et
1201 3597 1339 3675 episcopis
1359 3595 1515 3657 honorilice
1537 3600 1710 3659 associatum
1720 3623 1731 3675 3
1761 3601 1821 3661 iue-

1038 3708 1108 3755 ruat
1134 3696 1230 3756 vacati
1258 3681 1424 3755 executores
1451 3699 1612 3756 testamenti
1643 3696 1690 3759 sui
1724 3698 1761 3758 R.
1790 3699 1820 3758 D.

1037 3794 1196 3857 Cardtunlis
1215 3794 1248 3855 de
1261 3794 1382 3854 Sabellis
1400 3805 1428 3853 et
1445 3793 1584 3854 Danriuus
1600 3795 1820 3859 Gullielmusde

1036 3893 1180 3954 Perrerus
1200 3892 1322 3951 Auditor
1340 3892 1445 3953 Rotae.
1469 3893 1640 3971 lieqtricseat
1663 3898 1691 3954 in
1714 3916 1792 3976 pace.

1077 3993 1163 4054 Fecia
1197 4003 1273 4053 sexta
1316 3993 1453 4052 stoestma
1485 4006 1587 4070 quarta
1613 3996 1737 4074 aprilis,
1771 3998 1818 4057 luit

1036 4092 1236 4153 consistorium
1265 4095 1431 4166 secretum,
1451 4092 1479 4151 in
1502 4112 1571 4170 quo
1588 4095 1625 4153 ll.
1649 4095 1679 4153 ia
1710 4095 1818 4157 Christo

1034 4193 1121 4253 Pater
1153 4192 1293 4252 Dominus
1322 4188 1455 4251 Nicotaus
1485 4190 1555 4252 Cibo
1587 4194 1816 4275 archiepiscopus

1033 4292 1218 4365 Cuseutiaus,
1240 4291 1295 4351 88.
1314 4290 1350 4349 D.
1366 4289 1399 4350 Ν.
1417 4291 1510 4370 Papae
1530 4309 1615 4370 nepos
1629 4305 1658 4355 et
1673 4297 1815 4367 assistens,

1033 4394 1189 4453 translatus
1208 4403 1249 4452 est
1270 4392 1305 4452 de
1325 4391 1455 4452 Ecclesia
1482 4389 1635 4453 Cusentiaa
1657 4396 1694 4454 ad
1717 4396 1813 4456 Arela-

1034 4503 1138 4554 tensam
1152 4515 1160 4531 ·
1173 4492 1221 4552 sed
1234 4492 1295 4553 heri
1323 4504 1357 4552 ut
1374 4492 1504 4551 nonnulli
1521 4492 1663 4567 dicebant,
1679 4495 1814 4575 expeditae

1031 4604 1099 4652 sunt
1125 4594 1224 4653 literae
1245 4595 1416 4672 apostolicae
1439 4611 1493 4672 pra
1516 4593 1681 4672 hujusmodi
1703 4614 1816 4676 pramo-

1032 4703 1109 4752 traue
1132 4693 1213 4753 hodie
1236 4694 1319 4752 iacta.
1340 4692 1511 4753 Eranutem
1533 4693 1618 4755 hodie
1632 4715 1740 4776 parum
1760 4704 1815 4776 past

1031 4790 1187 4869 prandium
1222 4792 1280 4850 vidi
1312 4792 1408 4853 literas
1435 4796 1624 4872 promotionis
1656 4793 1814 4874 hujusmodi

1029 4891 1154 4951 bullatas
1192 4892 1361 4969 registratas
1381 4901 1409 4952 et
1439 4893 1566 4953 totaliter
1594 4893 1740 4973 expeditas
1769 4912 1813 4973 per

1028 4989 1187 5049 Dominum
1209 4988 1390 5049 Hadrianum
1412 4989 1550 5051 Gamerae
1566 4991 1746 5071 Apostolicae
1760 4991 1814 5051 tta·

1026 5090 1148 5162 tarium,
1165 5089 1220 5150 SS.
1234 5087 1475 5150 ttannnottosno
1487 5089 1605 5164 deterri,
1624 5102 1720 5152 utens
1737 5108 1812 5151 maa
1871 5107 1872 5130 ³

1026 5189 1108 5272 daret
1129 5188 1332 5269 praedictaD.
1355 5187 1474 5249 Nicolaa
1495 5194 1685 5268 praesentari.
1712 5190 1811 5251 Eadem
1870 5187 1872 5263 l

1024 5288 1072 5350 die
1094 5295 1157 5367 post
1180 5290 1331 5368 prandium
1360 5289 1559 5350 Dominusbl.
1584 5292 1734 5372 episcopus
1762 5291 1811 5352 Se·
