3758 6030
49 259 162 344 (isos)

57 407 197 459 verteret.
219 396 465 462 Prothonotarius
474 400 557 480 juxta
573 398 746 462 credentiam
760 402 846 463 etiam

56 496 214 570 amictum,
237 496 332 557 albam
342 542 353 579 ,
374 509 403 561 ct
424 498 574 580 cingulum
607 501 743 580 recepit,
780 503 846 564 lotis

58 596 143 676 prius
163 615 215 681 per
248 597 348 659 umbos
373 600 512 679 manibus.
548 601 689 665 Omnibus
717 602 824 684 paratis
836 647 846 677 ,

55 696 206 778 celebrans
230 698 349 759 accessit
383 699 420 758 ad
442 700 567 774 alima,
598 701 668 763 lecit
689 701 847 779 contessio-

56 817 147 872 nem,
166 809 196 860 et
215 817 284 859 cum
298 819 336 860 eo
355 800 516 862 cardinalis
534 801 711 864 ordinandus
729 803 766 862 ad
784 799 847 878 ejus

55 900 205 960 sinistram
221 911 326 972 stans,
346 911 376 987 et
390 900 633 964 Protbonotarius
649 886 684 964 ad
700 904 845 964 sinistram

56 999 222 1062 cardinalis
257 1000 407 1065 ordinandi
436 1003 629 1082 genuflexus,
660 1004 748 1065 etiam
779 1022 846 1064 cum

57 1102 99 1162 cis
121 1102 190 1163 iecit
203 1103 421 1178 consessionem
438 1123 495 1182 qua
516 1105 594 1167 lacta
610 1104 772 1168 cardinalis
792 1123 847 1183 ge-

57 1201 181 1263 aussexit
200 1212 265 1264 ante
279 1203 436 1265 scabellum
454 1223 541 1265 suum
556 1216 730 1286 coopertum
753 1213 846 1285 tapete

58 1303 89 1371 in
103 1305 191 1384 pleno
207 1302 378 1383 presbyterii
391 1305 419 1364 ln
433 1323 570 1385 supremo
592 1305 687 1386 gradu
702 1315 767 1366 ante
787 1322 844 1365 me·

58 1405 141 1468 dium
156 1404 248 1465 altere
268 1404 405 1490 positum,
419 1415 447 1464 et
461 1406 703 1468 Prothonotarius
722 1416 786 1466 ante
803 1405 849 1464 in-

59 1504 163 1569 fimum
176 1504 302 1585 gradum
320 1505 491 1586 presbyterii
511 1492 674 1587 genuflexit.
695 1505 849 1568 celebrans

59 1599 133 1669 sedit
154 1607 183 1665 in
210 1605 286 1668 dicto
307 1606 465 1667 faldistorio
488 1608 516 1668 ln
539 1607 637 1668 medio
659 1608 759 1667 altaris
781 1623 848 1665 cum

61 1707 149 1771 mitra
164 1718 194 1769 et
207 1707 277 1768 dim
288 1706 594 1788 Protbonotariociiiii
609 1708 784 1778 carissime,
796 1709 848 1787 of·-

63 1808 170 1888 ticium
190 1807 343 1870 hostiarii
358 1817 415 1868 etc.
435 1807 535 1870 deinde
555 1807 631 1871 dedit
643 1809 740 1868 clares
754 1806 849 1887 primo

60 1907 230 1980 Cardinali,
250 1907 348 1968 deinde
368 1907 595 1969 Prothonotario
608 1928 616 1967 s
631 1917 660 1971 et
679 1909 735 1968 alia
753 1906 848 1966 omnia

61 2018 152 2087 prout
172 2008 202 2066 in
223 2005 403 2081 Pontificali,
416 2009 580 2081 orationis,
600 2007 799 2070 instructionis
820 2018 850 2067 et

63 2106 255 2168 ordinationis
269 2124 319 2168 seu
334 2106 545 2182 admonitionis,
561 2109 656 2190 quoad
669 2107 848 2171 ordinandos

61 2205 133 2267 dixit
152 2208 181 2267 in
202 2207 345 2286 singulari
364 2207 592 2270 Prothouotario
614 2220 749 2281 tantum,
773 2226 849 2286 quo·

62 2309 140 2370 mam
173 2307 332 2369 Gurdinalis
354 2319 537 2387 tamquama
569 2306 708 2370 Pantilius
736 2309 849 2370 instru-

63 2415 129 2469 ctus
148 2418 176 2468 et
197 2407 384 2482 admonitus,
414 2427 467 2489 per
489 2409 670 2470 ordinantem
688 2426 749 2481 non
772 2407 850 2469 venit

64 2507 281 2581 instruendus,
312 2510 357 2570 vel
393 2509 571 2570 moriendus.
606 2509 686 2571 Datis
723 2521 849 2588 quatuor

65 2610 202 2682 monitis,
224 2609 372 2671 celebrans
405 2610 490 2671 rediit
518 2611 555 2672 ad
577 2630 671 2672 cornu
691 2612 849 2693 epistolae,

4 2760 7 2767 .
63 2722 94 2772 et
111 2713 140 2771 in
160 2711 245 2772 altari
267 2712 339 2772 dixit
367 2713 526 2774 orationem
550 2713 755 2794 propbetum,
777 2731 850 2797 gra-

64 2811 171 2885 duale,
193 2813 278 2874 aliam
298 2813 461 2875 oraticnem
480 2833 554 2874 cum
575 2816 705 2875 oratione
725 2832 778 2892 pro
797 2832 851 2873 or·

65 2912 219 2987 dinandis3
252 2913 369 2974 interim
397 2913 557 2976 cardinalis
578 2913 754 2975 ordinandus
786 2924 851 2974 ante

64 3032 150 3075 sumn
178 3015 337 3075 scabellum
357 3024 387 3074 et
408 3014 653 3077 Protbonotarius
683 3016 709 3074 in
732 3014 852 3094 gradu,

65 3125 99 3176 ut
122 3115 203 3195 prius
217 3133 312 3195 genua
327 3114 490 3189 flectentes,
509 3116 722 3204 dictis‘duabus
741 3115 850 3175 ultimis

65 3215 262 3287 orationibus,
283 3214 433 3276 celebrans
464 3215 673 3276 inlaldistorio
695 3225 760 3276 aute
786 3232 851 3276 me·

64 3314 146 3374 dium
167 3314 259 3376 altare
289 3314 458 3393 genuflexus
479 3333 546 3375 cum
569 3316 658 3375 mitra
693 3314 764 3374 dixit
790 3316 852 3374 lae·

64 3417 196 3477 taniam:
218 3413 383 3475 ordinandis
415 3415 531 3491 interim
551 3414 588 3475 ad
610 3412 674 3491 ejus
707 3414 851 3475 sinistram

65 3517 244 3597 prostratis,
267 3514 430 3577 cardinalis
455 3512 542 3591 ,juxte
577 3515 794 3587 celebrantem,
825 3525 852 3575 et

66 3629 133 3697 post
150 3614 333 3678 cardinalem
350 3614 441 3688 ,sire
463 3614 500 3675 ad
518 3599 682 3676 cardinalis
697 3615 852 3690 sinistram,

67 3715 311 3777 Protbonotarius
327 3715 437 3787 dictus,
463 3726 496 3775 ut
516 3715 686 3801 obsequium
708 3727 775 3785 etc..
801 3734 853 3777 ce-

71 3817 186 3879 lebrans
207 3833 274 3875 cum
294 3816 379 3875 mitra
397 3825 427 3876 et
443 3815 555 3876 baculo
568 3817 706 3896 pastorali
725 3827 802 3877 stans
816 3817 855 3877 ad

68 3917 242 3980 ordinandos
257 3935 369 3989 sersus,
386 3916 455 3976 dixit
474 3927 508 3978 ut
523 3918 579 3978 bor
595 3919 711 3979 electos
727 3917 854 3982 benedi-

7 4012 14 4030 '
68 4017 431 4101 recommemorent
453 4017 509 4080 boa
530 4018 645 4080 electos
668 4020 853 4081 benedicere

69 4129 100 4180 et
115 4118 318 4198 surrctificure
333 4116 474 4198 dipneris
485 4127 541 4177 ete.
553 4117 669 4177 dimissa
682 4119 767 4178 tertia
780 4136 854 4196 quac

69 4219 157 4281 habet
169 4235 364 4299 consecrare,
375 4233 443 4276 cum
456 4217 609 4278 ordinandi
626 4218 679 4298 ipsi
694 4237 750 4279 non
762 4231 854 4281 essent

69 4315 282 4391 consecrandi,
306 4315 409 4378 deinde
432 4317 612 4379 continuarit
633 4320 805 4392 laetaniam,
825 4330 853 4381 et

69 4421 218 4482 ordinarit
233 4416 406 4480 ordinandos
420 4417 620 4493 subdiaconos,
641 4419 804 4498 praemissis
825 4421 854 4480 in

68 4521 214 4602 singulari
245 4519 473 4583 Protbonotario
493 4519 756 4594 admonitionibus3
790 4529 853 4581 tum

69 4624 147 4685 dicta
178 4620 308 4703 Epistola
341 4634 370 4683 ct
401 4633 500 4683 tractu
527 4639 619 4700 usque
647 4621 684 4681 ad
716 4621 852 4682 ultimum

72 4741 191 4786 versum
209 4708 523 4795 exclusive,ordinavit
537 4742 585 4785 eos
603 4723 756 4803 Diaconos,
766 4743 854 4803 prae-

73 4824 167 4886 missis
187 4821 426 4884 admonitionibus
442 4833 474 4882 ut
489 4840 589 4903 supra,
604 4835 694 4904 prout
709 4824 738 4884 in
752 4823 855 4885 Ponti·

72 4927 151 4988 licali
163 4926 345 4988 ordinatum:
361 4943 417 4986 non
436 4925 571 4988 dixerunt
581 4924 752 5005 Epistulam,
764 4943 855 5005 neque

74 5027 281 5108 Evangelium,
301 5027 351 5089 sed
372 5027 519 5089 celebrem
541 5029 637 5090 omnia
657 5027 750 5089 duit:
771 5028 855 5089 dictis

73 5129 175 5192 deinde
196 5130 300 5192 ultimo
321 5147 406 5191 versu
428 5139 550 5203 tractus,
570 5129 698 5208 passione
719 5139 748 5192 et
769 5129 855 5189 offer-

75 5233 164 5306 torio,
178 5230 334 5292 'celebrans
354 5228 427 5292 sedit
447 5229 476 5290 in
497 5228 661 5291 faldistorio
673 5246 749 5289 cum
767 5227 856 5288 mitra

70 5333 109 5393 ad
141 5350 229 5411 quem
250 5342 448 5399 ,accesserunt
480 5330 642 5396 successive
672 5327 800 5393 ordimti
828 5339 857 5389 et

530 223 815 328 rourrrrmrus
838 263 1062 342 susannam
1083 264 1209 327 saxrr.
1629 267 1692 327 aar

911 403 1023 482 primus
1044 402 1205 472 cardinalis
1236 402 1286 479 qui
1307 401 1413 465 obtulit
1427 402 1500 468 ,duo
1523 402 1695 477 intorticia,

914 502 987 574 duos
1014 520 1099 581 panes
1119 513 1148 564 et
1167 501 1224 561 duo
1242 500 1351 561 barilia
1367 503 1456 576 irini,
1478 522 1595 576 manum
1615 505 1695 570 cele·

914 603 1024 671 bramis
1050 602 1090 664 ed
1117 603 1229 683 singula
1262 602 1459 679 deosculam,
1484 605 1589 667 deinde
1620 606 1699 681 Pro-

915 704 1096 766 tbonotarius
1118 720 1205 765 unam
1225 705 1351 773 faculam
1366 703 1462 769 albam
1485 705 1570 766 unius
1589 706 1697 770 librae:

915 813 978 865 tum
996 806 1156 880 celebrans,
1179 806 1245 871 lotis
1266 805 1411 877 matribus,
1433 808 1521 876 vertit
1542 826 1573 870 se
1592 807 1630 867 ad
1651 808 1698 868 al·

916 916 1000 979 tare,
1030 917 1060 969 et
1081 917 1277 986 prosequutus
1297 915 1341 966 est
1370 906 1512 981 Missam,
1544 926 1636 987 usqne
1662 908 1700 967 ad

887 1075 890 1084 ¹
915 1005 1020 1071 dictam
1049 1007 1213 1074 ,orationem
1236 1008 1370 1070 Donsine
1391 1006 1467 1069 Jesrt
1494 1007 1621 1072 Christe
1642 1009 1699 1088 qui

916 1106 1032 1170 dixisti
1053 1107 1217 1187 Apostolia
1247 1108 1312 1177 tuis
1327 1128 1439 1188 ‚pacem
1461 1129 1557 1170 orcam
1581 1111 1621 1171 do
1642 1126 1701 1170 oo-

917 1207 970 1269 bia
982 1219 1036 1270 etc.
1059 1204 1206 1268 Ordinatis
1222 1209 1311 1286 igitur
1328 1209 1437 1275 inanis
1461 1208 1542 1279 locis,
1563 1219 1596 1269 ut
1616 1208 1699 1287 prius

916 1325 1009 1384 gerarte
1026 1307 1214 1377 flectentibus,
1229 1308 1305 1372 dicta
1322 1310 1449 1369 oratione
1471 1306 1630 1387 praedicta,
1648 1325 1699 1368 ce·

917 1408 1029 1470 lebrans
1050 1407 1127 1474 dedit
1143 1426 1246 1487 pacem
1266 1408 1394 1487 primum
1414 1407 1577 1481 cardinali,
1599 1406 1699 1468 deinde

917 1507 1153 1580 Protboooturio,
1163 1520 1191 1570 et
1199 1509 1280 1571 ¹lacte
1293 1510 1494 1571 communione
1508 1509 1563 1580 sub
1573 1519 1700 1586 utraque

915 1609 1019 1686 specie,
1035 1609 1373 1689 communicavitprimo
1387 1610 1582 1684 cardinalem,
1598 1608 1699 1670 deiude

917 1706 1174 1793 Protbouotarium
1195 1707 1225 1768 in
1247 1727 1342 1779 cornu
1361 1708 1507 1789 Epistolae
1529 1709 1617 1783 simul
1641 1727 1697 1787 ge·

917 1809 1053 1879 trellanus,
1075 1809 1127 1887 qul
1148 1828 1178 1871 se
1199 1808 1586 1889 adstatimpurilicarerunt
1597 1832 1607 1883 3
1635 1819 1698 1870 tum

917 1911 1063 1977 celebrans
1084 1909 1176 1970 abluit
1202 1908 1329 1989 digitos,
1347 1910 1418 1970 lavit
1450 1928 1552 1970 manus
1574 1920 1602 1972 at
1618 1927 1696 1988 ,per-

917 2010 985 2073 ierit
1005 2011 1133 2082 Missam,
1151 2007 1298 2075 Ordinatis
1319 2011 1348 2068 in
1369 2012 1429 2080 suis
1451 2012 1530 2085 loois,
1553 2021 1586 2071 ut
1599 2010 1700 2090 prius,

917 2111 1080 2191 ganellexis.
1093 2109 1189 2181 ilisa
1203 2109 1298 2182 linita,
1316 2110 1463 2171 celebrans
1485 2111 1561 2173 dedit
1582 2110 1701 2172 benedi-

917 2213 1039 2281 ctionem
1056 2212 1167 2277 uticona
1194 2212 1241 2276 sit
1263 2231 1373 2275 nemen
1394 2223 1450 2275 otc.
1472 2231 1510 2273 ,uc
1540 2222 1702 2291 posuerunt

919 2325 1085 2394 paemene
1106 2333 1204 2377 omues
1225 2324 1254 2376 et
1270 2312 1423 2377 redierunt
1450 2311 1646 2391 unusquisque
1667 2311 1704 2370 ad

920 2416 1121 2477 habitationem
1143 2433 1235 2478 suam.
1259 2400 1503 2487 Ordinati„dictn
1526 2412 1654 2492 Epistola
1674 2424 1705 2474 et

921 2529 1016 2579 tractu
1038 2516 1188 2595 usquead
1210 2516 1347 2586 ultimum
1366 2514 1705 2593 sarsum,deposueruat

920 2618 1095 2691 tunicellas,
1116 2627 1145 2678 et
1168 2616 1195 2676 in
1214 2616 1285 2679 albis
1306 2635 1406 2677 coram
1426 2616 1589 2678 celebrante
1606 2635 1701 2694 meua

919 2718 1081 2780 ssecterunt.
1115 2717 1200 2778 Missa
1222 2717 1299 2786 dieta
1331 2728 1373 2778 est
1405 2717 1440 2778 de
1466 2716 1538 2778 laria
1572 2716 1636 2792 sub⁴
1658 2717 1703 2780 (lie

920 2830 1066 2880 currente
1439 2851 1440 2854 κ

960 2919 1070 2980 Eadem
1086 2919 1143 2991 die,
1158 2918 1240 2982 circa
1260 2917 1364 2981 horam
1384 2936 1456 2993 xxi,
1474 2919 1553 2999 Papa
1575 2919 1653 2980 venit
1669 2918 1706 2977 ad

920 3023 1079 3102 cappellam
1096 3021 1290 3100 supradictam
1304 3021 1373 3083 sine
1390 3037 1490 3091 cruce,
1501 3018 1704 3081 cardinalibus

922 3123 1016 3203 ipsum
1037 3120 1244 3199 mouentibus,
1266 3120 1316 3181 ubi
1331 3120 1429 3182 dictae
1459 3132 1527 3181 sunt
1548 3119 1705 3187 matutinae

920 3222 1116 3283 tenebrarum.
1132 3220 1216 3300 ,Papa
1235 3220 1317 3283 senis
1335 3221 1363 3281 in
1386 3238 1474 3300 cappa
1490 3279 1493 3289 ,
1507 3220 1541 3280 de
1559 3220 1703 3292 scerrlato3

920 3321 1052 3382 limbrias
1083 3321 1213 3401 portarit
1246 3319 1486 3399 drcbiepiscopus
1522 3318 1705 3381 Patracensis

920 3423 1074 3494 assistens,
1095 3431 1125 3480 ct
1151 3421 1208 3482 alia
1227 3421 1324 3480 omitia
1345 3419 1499 3481 observata
1520 3428 1588 3479 sunt
1621 3435 1702 3479 more

920 3523 1013 3583 aolito.
1049 3521 1128 3600 Papa
1157 3521 1186 3581 in
1218 3518 1273 3581 line
1297 3517 1371 3580 dixit
1405 3521 1568 3583 orationem
1599 3516 1704 3598 respi·
1761 3546 1763 3548 v

922 3623 1007 3684 ciens
1027 3631 1084 3683 etc

955 3723 1049 3783 ¹Pesla
1069 3721 1182 3800 quinta,
1203 3738 1302 3786 xxru.
1324 3718 1524 3781 distinendo
1545 3718 1653 3788 martii,
1674 3717 1703 3776 in

921 3822 1018 3885 coena
1038 3820 1166 3892 Domini,
1186 3819 1241 3884 88.
1262 3819 1299 3880 l).
1317 3818 1494 3899 ltparcius
1513 3837 1595 3880 more
1617 3811 1705 3879 solito

923 3925 1001 3986 venit
1022 3923 1058 3984 ad
1080 3922 1241 4001 cappellam
1267 3916 1410 3995 majorem
1442 3919 1470 3980 in
1493 3937 1550 3996 qua
1572 3917 1644 3978 Rev.
1668 3917 1704 3979 1).

922 4024 1080 4085 Cardinalis
1094 4021 1299 4085 =Ullxbonensis
1333 4017 1490 4080 celebravit
1515 4018 1635 4079 Missum
1656 4036 1707 4078 so·

922 4127 1065 4186 lernnem:
1098 4120 1162 4182 dedi
1184 4122 1283 4180 locum
1313 4117 1502 4179 demandato
1529 4116 1647 4178 881).
1671 4116 1705 4177 N.

923 4225 1016 4305 Papae
1038 4222 1154 4285 cuidam
1176 4219 1389 4283 asscrtonobili
1412 4228 1442 4280 et
1462 4218 1539 4278 allini
1560 4217 1620 4278 sire
1635 4235 1708 4278 con·

922 4325 1076 4405 sanguineo
1097 4323 1185 4404 Regis
1199 4321 1404 4402 Hispaniarum
1418 4317 1505 4396 juxta
1521 4318 1560 4379 D.
1582 4318 1706 4379 Pisauri:

923 4424 1032 4498 deinde,
1049 4424 1267 4504 superveniente
1281 4421 1422 4482 Senatore
1438 4420 1583 4492 Urbis,et
1599 4440 1629 4480 se
1644 4429 1708 4500 post

923 4527 1034 4588 dictum
1062 4526 1186 4588 nobilem
1208 4525 1369 4604 Hispanum
1387 4519 1472 4599 justa
1496 4521 1552 4582 loci
1581 4520 1708 4601 disposi-

924 4628 1028 4689 tionem
1050 4628 1182 4699 locnnte,
1197 4625 1276 4704 Papa
1295 4624 1437 4685 commisit
1458 4616 1530 4685 mibi
1553 4620 1631 4699 quod
1651 4619 1710 4680 Se·

923 4727 1018 4788 natori
1036 4727 1071 4786 ad
1091 4726 1236 4786 sinistram
1258 4744 1351 4797 suam,
1372 4733 1437 4783 ante
1458 4721 1627 4792 assistentes,
1651 4719 1706 4795 hoc

923 4841 967 4892 ast
986 4829 1061 4890 inter
1082 4827 1291 4909 Presbyterum
1317 4822 1498 4886 cardinalem
1519 4821 1707 4893 assistentem,

922 4942 952 4991 et
972 4930 1115 5010 praelatos
1133 4928 1310 5002 assistentes,
1331 4920 1555 4994 locumdarem,
1577 4928 1665 4998 prout
1681 4930 1708 4994 et

923 5031 1052 5189 fecisseiiii
1082 5137 1161 5189 seua
1192 5123 1319 5204 ejusdem
1351 5119 1567 5192 hebdomadae,
1601 5133 1705 5179 xxvia

925 5228 991 5292 dicti
1013 5229 1116 5289 mensis
1136 5225 1247 5299 martii,
1269 5222 1324 5284 SS.
1340 5221 1375 5283 l).
1390 5219 1497 5282 Noster
1514 5219 1543 5279 in
1561 5236 1650 5299 cappa
1673 5215 1707 5278 de

925 5330 1072 5403 scarleto,
1094 5339 1121 5390 et
1143 5327 1230 5388 mitra
1252 5324 1287 5387 de
1303 5322 1397 5406 perlis
1420 5321 1607 5404 simpliciore,
1632 5316 1709 5381 venit

1431 5437 1460 5486 td
