3780 6030
75 280 90 362 ι)
476 272 757 338 PON‘l'lFlCATUS
778 269 999 333 taooottn‘rtt
1020 266 1172 334 oetsvt.
1595 259 1638 324 OD

81 426 111 476 et
132 413 237 474 Comes
250 410 321 472 alias
335 409 464 488 ejusdem
486 411 515 471 ln
536 427 669 472 sennem
688 409 777 470 latino

75 534 113 588 ss;
127 513 233 594 quibus
246 511 442 592 praesentatis,
456 509 617 577 Cardinalis
628 510 665 570 ad
678 511 777 572 lecum

96 616 171 675 inter
193 613 265 674 elios
282 611 469 683 Cardinaias,
493 601 776 673 Carnes-rarorum

75 733 116 779 tax
129 729 231 773 versus
241 712 386 773 bsacltnm
401 710 656 792 Presbyterorum'
670 710 780 773 Cardi-

75 836 94 882 n
117 815 154 876 ad
171 817 269 875 boum
290 823 460 874 consuetum
480 820 673 874 acesserunt.
698 812 781 872 Pro-

75 936 89 977 ι
110 926 175 996 post
192 935 244 994 par
263 913 434 976 l’ontchem
455 913 665 975 commissionis
678 909 781 995 signa·

75 1062 78 1084 ,
99 1019 191 1079 lectae
217 1016 335 1075 lustrent
360 1015 464 1077 literae
483 1011 672 1075 credentiales
692 1013 780 1091 Regis

75 1120 152 1187 sias,
181 1127 213 1175 nt
243 1115 410 1194 praefertur
438 1120 646 1195 praesentatae,
668 1114 779 1193 primae

75 1219 96 1278 l.
111 1234 113 1236 ·
131 1218 163 1278 l’.
186 1218 220 1276 D.
248 1215 428 1295 Stephanum
452 1214 626 1294 episcopum
647 1212 781 1273 dinume·

75 1337 100 1379 m
127 1319 289 1397 volgares,
307 1314 408 1376 deinde
426 1333 479 1394 per
508 1313 714 1377 llererendom
743 1312 779 1375 D.

75 1421 169 1481 sicum
191 1418 307 1480 Grilnm
322 1415 582 1496 Archiepiscopnm
596 1415 783 1476 beneventa-

75 1521 256 1580 tecretarittrn
276 1517 308 1578 S.
328 1517 453 1577 Domini·
465 1515 562 1578 Nostri
587 1516 782 1595 11181110,ηυὶ-

75 1621 151 1693 sctis,
166 1617 307 1680 Oratores
325 1619 463 1700 praedicti
475 1616 689 1697 ‘praestiterunt
709 1615 783 1677 obe·

74 1737 122 1780 am
141 1718 173 1780 8.
195 1718 320 1779 Damaso
339 1716 445 1779 Nostro
466 1718 581 1778 nomine
602 1715 693 1796 Regis
713 1715 783 1790 sui,

93 1828 289 1879 antecessores
316 1813 446 1894 ejusdem
468 1818 540 1878 alias
565 1818 781 1896 praestiterunt.

75 1917 214 1996 squibus
237 1927 295 1978 etc.
319 1916 420 1977 errari
451 1916 606 1996 saperius,
629 1913 783 1976 scribendo

83 2015 248 2079 Cardinelis
268 2015 505 2096 andegavensis,
525 2016 601 2077 lacta
625 2017 783 2086 societur,

75 2116 248 2180 Oratoribus
262 2133 355 2196 usque
374 2115 411 2177 sd
426 2116 579 2178 Camerata
588 2115 783 2196 Apostolieam

74 2221 102 2278 it
114 2219 151 2276 ad
163 2228 307 2279 cameram
321 2215 481 2297 paramenti
493 2215 598 2276 ibidem
608 2214 718 2293 Papam
730 2231 784 2272 ex-

75 2337 119 2388 ne,
134 2319 202 2394 qum
217 2314 280 2394 jaan
302 2315 379 2395 l’apa
400 2315 516 2376 interim
530 2313 609 2392 quod
633 2314 696 2393 ipss
720 2312 784 2374 illos

75 2419 158 2490 bvit,
182 2419 259 2477 renit
279 2415 318 2476 ad
334 2416 434 2476 aulam
464 2413 656 2487 consistorii,
672 2415 703 2474 in
727 2429 786 2490 qua

75 2517 234 2578 Darditalis
254 2534 321 2577 cnm
334 2513 509 2576 Oratoribus
526 2515 675 2588 venando,
699 2516 784 2575 inre-

75 2611 221 2677 ontidsem
231 2637 242 2691 3
272 2626 301 2676 et
322 2615 490 2677 cardinales
505 2615 568 2694 jam
590 2614 785 2677 reverentiam

75 2739 96 2779 e.
120 2718 309 2796 Fecit-'igiter
329 2735 364 2778 ex
385 2727 455 2776 tuno
470 2728 498 2777 et
515 2718 574 2796 ipse
590 2716 784 2777 reverentiam

75 2820 157 2881 cessit
172 2819 330 2891 interslios
344 2817 513 2880 cardinales
522 2819 558 2878 sd
577 2810 677 2878 locam
688 2834 784 2876 suum.

75 2921 163 2980 imnis
174 2931 238 2979 scta
258 2930 326 2978 sont
345 2936 427 2980 mora
441 2919 536 2992 solito,
547 2929 577 2979 et
592 2928 681 2997 prom
693 2933 785 2995 snpra

75 3033 138 3081 tur.
158 3021 256 3081 Finito
269 3011 460 3092 consistorio,
475 3032 503 3081 ct
524 3023 656 3082 osculato
672 3037 724 3100 per
738 3018 785 3077 in-

75 3143 81 3181 t
104 3118 268 3181 Oratorem
290 3119 437 3182 Pontificio
458 3121 551 3200 pede,
573 3120 705 3181 Pontifex
734 3136 786 3179 re·

76 3221 101 3280 td
124 3238 270 3282 runmratn
291 3239 387 3295 susm,
401 3220 517 3282 Gemite
534 3218 638 3283 Deanl
654 3218 786 3293 barmim

76 3323 129 3382 alis
144 3320 243 3400 rapu
264 3321 428 3394 delerente3
451 3323 611 3383 orationem
628 3319 697 3381 iecit
721 3321 785 3400 epi-

76 3444 97 3483 ts
118 3423 310 3482 auraicensis.
752 3421 756 3427 '

76 3525 122 3586 ria
138 3534 214 3583 sexta
224 3568 232 3597 ,
243 3539 335 3585 xvsti.
353 3522 422 3583 dicti
444 3520 547 3583 menda
561 3519 714 3593 febroarii,
728 3519 785 3580 tois

76 3642 143 3686 cum
165 3622 374 3684 Geraistorisns
394 3625 421 3683 ia
443 3626 536 3703 prims
565 3622 632 3684 auls
651 3619 785 3699 majore,

76 3727 128 3785 icet
149 3724 246 3803 palatii
268 3723 420 3802 praedicti,
440 3722 470 3784 in
492 3741 551 3802 quo
573 3721 788 3784 1111110111-

76 3828 162 3888 ’atres
182 3824 299 3885 Domini
319 3823 446 3887 Thomas
463 3824 661 3896 llene'rensis,
683 3834 711 3885 et
730 3824 784 3885 Jo-

76 3946 102 3988 es
124 3925 322 3986 Dnaelmsnsis
342 3927 468 4007 episcopi
490 3935 519 3987 et
544 3924 787 4005 Tarcopellerius

76 4044 144 4086 snus
174 4023 314 4086 Oratores
333 4025 419 4105 llegis
441 4027 560 4106 Anglise
581 4027 787 4106 praestiterunt

76 4127 184 4190 wem
196 4128 309 4190 nomine
327 4124 469 4205 ejusdcm,
482 4146 536 4208 per
554 4127 788 4207 praedecessores

83 4229 227 4308 praestari
247 4229 363 4288 solitam
384 4227 416 4288 8.
437 4229 474 4289 Ι).
496 4226 550 4300 lt,
572 4228 702 4315 praelato
724 4228 789 4306 epl-

76 4351 82 4387 s
103 4324 300 4403 Dunelmensi,
314 4330 338 4389 si
361 4341 439 4392 recte
459 4329 586 4404 memini,
602 4328 728 4390 oratore.
745 4328 784 4389 Hi

76 4427 220 4493 Oratores
235 4449 293 4491 nnn
314 4414 433 4492 luerunt
453 4450 471 4490 a
493 4431 608 4492 familiis
629 4420 686 4492 88.
705 4429 740 4488 Ι).
753 4428 787 4491 ll.

76 4577 82 4591 .
105 4529 140 4592 D.
169 4529 369 4592 cardimltsm
392 4530 507 4609 publiea
526 4533 633 4610 recepti
657 4541 686 4591 at
705 4548 790 4590 assa·

84 4642 119 4691 at
140 4631 201 4703 alii,
222 4631 363 4710 quiajam
379 4630 427 4691 dio
441 4641 507 4692 ante
530 4631 650 4691 inerunt
666 4631 696 4689 in
709 4629 790 4693 Urbe

77 4730 202 4810 negociis
222 4726 350 4806 ejttsdem
374 4729 472 4809 lingis,
490 4730 521 4806 'in
544 4730 722 4812 quatitans
738 4749 789 4792 re·

76 4842 252 4909 acceperunt
272 4850 328 4909 pro
349 4830 515 4910 hujusmodi
531 4831 790 4911 obedientispraa·

77 4933 110 4991 la.
124 4928 164 4990 lit
181 4931 250 5009 quia
269 4931 330 4993 Rea
349 4931 469 5011 Manliae
484 4934 523 4992 in
538 4933 598 4992 suis
621 4933 713 4994 literis
734 4949 790 4992 no·

77 5033 127 5093 bet
148 5051 178 5092 se
196 5031 306 5111 Regem
328 5030 472 5095 Francius
491 5046 520 5094 et
531 5052 536 5059 ·
549 5033 691 5114 lagine,
711 5023 804 5091 linita

77 5152 128 5195 nnc
149 5133 348 5212 praestationis
364 5132 558 5216 obedientiae,
580 5132 790 5212 utpraclertur

77 5245 128 5307 ,et
143 5236 326 5324 responsione
345 5255 398 5316 par
413 5234 583 5298 Pontificem
602 5234 679 5306 data,
690 5233 791 5296 imur·

87 5353 161 5395 arnus
171 5353 205 5398 ex
221 5335 308 5414 llegis
320 5336 506 5398 Francorum
515 5334 705 5408 Oratoribus,
718 5351 790 5413 pro·

850 407 980 469 testando
1001 407 1094 486 ipsum
1123 402 1233 482 Regem
1254 393 1376 480 Ang'liea
1396 415 1453 461 non
1471 416 1533 461 esse
1546 399 1644 478 Fran·

850 508 912 569 siae
930 509 987 568 ete.
1010 524 1046 567 ac
1062 504 1102 567 vde
1122 500 1238 581 injuriis
1265 513 1321 562 ete.
1347 499 1394 562 sd
1423 499 1502 579 quod
1531 496 1643 562 Orator

852 608 940 688 ipsius
961 606 1049 685 Regis
1069 604 1192 684 anglae
1207 602 1349 681 quaedem
1370 619 1463 683 pauca
1476 600 1642 680 replicarit,

849 710 951 787 sieque
968 704 1178 769 consistorium
1200 705 1387 766 terminatum
1407 714 1462 776 est,
1484 701 1540 762 88.
1554 701 1591 762 D.
1604 700 1641 762 N.

846 809 920 870 nibil
941 809 978 893 ad
999 805 1168 886 hujusmodi
1189 804 1354 868 Oratorem
1381 805 1572 867 altereatione
1590 823 1642 866 re·

848 909 1012 989 spondente.
1158 915 1163 919 ’

893 1009 1041 1070 Dominiea
1067 1005 1203 1076 aranda,
1218 1022 1251 1067 x.
1268 1006 1364 1078 lonae,
1381 1005 1434 1066 87.
1451 1003 1520 1066 dicti
1541 1004 1644 1065 mensis

849 1110 1003 1184 lebrusrii,
1020 1109 1058 1169 R.
1069 1108 1102 1170 Ρ.
1116 1109 1153 1170 Ι).
1170 1107 1314 1169 lohannes
1332 1110 1484 1188 episcopas
1499 1107 1644 1168 Bellicen·

851 1214 890 1273 sis
911 1209 1022 1273 Orator
1042 1211 1135 1272 Ducis
1159 1209 1321 1271 sabaudiae
1343 1208 1503 1270 celebrarit
1526 1208 1643 1269 blisenna

853 1314 998 1396 publicam
1020 1312 1048 1372 in
1070 1313 1199 1392 cappella
1220 1311 1376 1393 praedicta,
1393 1311 1471 1392 l’aps
1486 1318 1644 1390 praesente.

852 1411 974 1475 Et‘eom
989 1423 1123 1474 oratores
1140 1411 1256 1493 Durum
1276 1411 1476 1475 Sabaudlaect
1489 1411 1643 1475 Mediolani

851 1516 880 1576 in
903 1533 1020 1575 camera
1040 1512 1192 1594 Papagclli
1210 1514 1315 1575 iterum
1330 1531 1419 1594 super
1434 1512 1643 1594 praecedentia,

851 1617 914 1678 sive
930 1616 980 1695 qni
999 1615 1110 1696 primus
1120 1632 1223 1676 eorum
1237 1613 1338 1676 bilmas
1348 1615 1508 1699 interesset,
1522 1624 1644 1674 eonten-

852 1718 965 1789 derent,
978 1714 1104 1778 Oratore
1125 1714 1215 1776 Duris
1236 1714 1389 1777 Mediolani
1407 1725 1551 1776 asserente
1565 1712 1644 1792 quod

852 1818 923 1880 haee
953 1818 1104 1879 Dominum
1130 1818 1232 1897 ipsunr
1257 1816 1417 1897 tangebat,
1445 1827 1479 1876 ut
1509 1816 1645 1876 iuteresse

854 1920 942 2000 possit
958 1964 966 1992 ,
980 1919 1064 2000 juxta
1084 1918 1216 1979 ordinem
1235 1917 1270 1978 dc
1289 1918 1436 1981 alternatis
1458 1915 1570 1977 vicibus
1591 1934 1646 1977 cc-

853 2021 959 2083 niendo
982 2037 1035 2101 per
1059 2019 1114 2080 88.
1136 2018 1172 2079 D.
1195 2017 1230 2079 lt.
1252 2019 1369 2091 datum,
1389 2029 1420 2080 et
1439 2018 1502 2080 aliis
1523 2033 1646 2098 respon·

852 2121 983 2184 dentibus
1003 2120 1080 2200 qnod
1096 2139 1144 2182 eos
1157 2119 1427 2181 interesse-deceret
1446 2137 1501 2199 pro
1516 2136 1552 2179 eo
1567 2115 1647 2195 quod

849 2225 999 2303 episeopus
1028 2221 1193 2283 bellicensis
1212 2222 1341 2301 ipsorum
1366 2231 1454 2301 caput
1483 2219 1645 2282 celebraret

853 2323 908 2385 88.
931 2323 966 2384 D.
987 2322 1023 2383 lt.
1046 2321 1206 2392 mandarit,
1220 2320 1298 2400 qnod
1318 2333 1421 2383 nentra
1441 2340 1509 2402 pers
1522 2318 1559 2379 nd
1573 2318 1647 2400 sap-

853 2426 958 2506 pellam
981 2425 1105 2497 reniret,
1125 2421 1203 2501 qnod
1223 2432 1254 2482 et
1275 2422 1330 2505 init
1350 2406 1537 2495 observatum
1555 2429 1584 2480 et
1597 2413 1647 2479 db

853 2534 934 2584 etum
954 2524 1011 2603 pro
1032 2541 1065 2584 ea
1088 2522 1131 2584 die
1154 2532 1276 2583 tantum.
1368 2527 1369 2530 ’

898 2623 1029 2685 Sabbato
1062 2622 1112 2684 ld.
1153 2622 1259 2683 mensis
1292 2619 1390 2682 martii
1425 2619 1455 2681 in
1486 2637 1554 2680 sero
1589 2616 1646 2678 88.

852 2724 993 2787 Dominus
1014 2733 1111 2784 noster
1134 2723 1162 2783 in
1182 2721 1330 2802 quandam
1345 2720 1547 2801 gravissimam
1560 2716 1647 2779 indr-

859 2824 988 2886 mitatem
1013 2824 1126 2897 incidit,
1143 2835 1203 2903 'qna
1218 2820 1428 2903 principalibus
1442 2819 1588 2882 mansibus
1602 2820 1649 2879 la·

845 2920 969 2986 ‘baravit
983 2920 1039 3005 (l).

882 3022 1057 3095 Dominus,
1080 3021 1179 3099 quinta
1197 3006 1294 3093 lunae,
1316 3017 1367 3080 20.
1379 3019 1476 3079 martii
1497 3015 1648 3098 praedicti,

853 3125 889 3185 ll.
912 3125 940 3199 ln
967 3114 1089 3184 Christo
1108 3119 1341 3200 paterDominus
1357 3116 1520 3198 Stephanus
1534 3117 1650 3197 spisco-

853 3222 1139 3308 pus'blanrisnensis
1170 3220 1328 3282 celebrarit
1356 3218 1472 3281 llissam
1501 3217 1648 3299 publicem

855 3329 884 3388 ln
907 3327 1035 3408 cappella
1055 3323 1215 3404 praedicta,
1230 3321 1309 3402 Papa
1335 3321 1463 3395 absente,
1483 3332 1512 3382 et
1533 3318 1649 3380 liabitas

854 3440 897 3490 cst
918 3444 1015 3490 serane
1035 3443 1118 3486 more
1136 3425 1230 3485 solito.
1243 3424 1327 3484 lllsss
1349 3420 1441 3496 finita,
1462 3431 1648 3482 acesserunt

854 3529 890 3590 sd
910 3524 1081 3588 Pontificem
1104 3524 1133 3584 ia
1156 3524 1232 3585 lecto
1252 3523 1281 3583 in
1301 3527 1418 3584 ramera
1439 3539 1513 3595 sna,
1532 3521 1561 3581 in
1591 3538 1649 3600 qna

855 3630 985 3691 dormire
1004 3627 1089 3699 solet,
1104 3621 1259 3702 jacentem,
1275 3622 1437 3698 infirmnm,
1452 3623 1576 3702 quadarn
1596 3639 1648 3683 sua
1669 3606 1670 3609 ¹

856 3742 933 3793 reste
954 3745 1042 3807 super
1064 3728 1199 3799 camisia,
1217 3726 1255 3787 ad
1275 3726 1395 3788 brechia
1419 3737 1530 3787 tantum
1557 3726 1649 3786 resti·

857 3842 931 3915 tum,
941 3847 1042 3891 ornnes
1060 3825 1228 3889 cardinales
1248 3845 1283 3888 ae
1299 3827 1402 3889 Comes
1416 3824 1519 3887 Deldni
1535 3823 1645 3887 Orator

857 3933 947 4015 Regis
970 3929 1114 3990 Francius
1135 3927 1332 4007 supradictus,
1353 3928 1398 3988 do.
1421 3924 1514 3987 bieria
1536 3927 1648 4006 collega

858 4051 939 4094 meus
963 4041 992 4093 et
1014 4048 1082 4109 ego,
1100 4040 1140 4102 et,
1161 4038 1276 4108 praeter
1298 4040 1423 4090 secretos
1444 4026 1650 4102 cubicularios,

857 4134 955 4195 nullus
972 4134 1047 4194 alins
1056 4152 1067 4206 3
1083 4129 1189 4209 quibus
1205 4122 1305 4191 eorum
1325 4149 1354 4191 se
1375 4129 1549 4202 constitutis,
1569 4129 1651 4191 Pon-

858 4232 927 4296 tifex
948 4251 1037 4293 manu
1067 4248 1120 4292 sna
1142 4230 1259 4293 dextera
1282 4248 1382 4299 rosam
1409 4240 1507 4292 tenens
1533 4231 1652 4292 tradidit

899 4485 935 4543 (1)
964 4482 1092 4534 «biensa
1120 4483 1207 4532 martii
1223 4480 1284 4532 annl
1302 4480 1449 4548 tianensi
1471 4477 1651 4550 infirmaretur

859 4561 976 4624 graviter
1002 4558 1193 4619 Innocentius,
1209 4557 1277 4608 adeo
1292 4563 1322 4608 nt
1339 4556 1373 4609 de
1390 4559 1448 4620 elus
1464 4563 1550 4608 morta
1576 4556 1652 4608 dubi·

860 4642 974 4698 tsrstnr,
992 4637 1123 4700 Virginius
1140 4636 1250 4690 Ursinus
1267 4641 1294 4687 st
1310 4636 1404 4687 Paulus
1421 4642 1448 4687 ct
1465 4639 1508 4687 elli
1520 4638 1560 4687 sni
1577 4646 1652 4686 com·

864 4534 875 4550 a'

860 4718 954 4781 plicas,
969 4720 1102 4780 oeperunt
1117 4721 1227 4779 pontem
1242 4717 1368 4778 tlelltnss,
1384 4717 1491 4778 pontem
1507 4715 1651 4775 Salarium,

860 4800 888 4854 at
904 4797 1120 4856 Nomentanum,
1134 4807 1201 4859 quos
1224 4808 1273 4859 par
1294 4795 1466 4858 quamplures
1482 4793 1541 4849 dias
1556 4804 1649 4847 eornm

859 4876 967 4948 nominc
994 4878 1138 4924 tennerunt
1154 4878 1181 4924 et
1197 4873 1422 4942 custodiearunt,
1438 4875 1465 4922 ct
1481 4875 1652 4922 tantaverant

862 4958 972 5017 insuper
988 4952 1079 5004 subtili
1097 4953 1202 5016 ingenio
1219 4964 1314 5016 capara
1331 4955 1433 5015 portas,
1451 4950 1576 5000 videlieet
1592 4948 1654 5001 Fla·

863 5035 980 5091 mlnians,
994 5031 1152 5092 Precianam,
1166 5031 1293 5081 warlans
1310 5036 1339 5082 at
1354 5028 1516 5080 minatam.
1531 5029 1652 5080 sedem

861 5112 1000 5177 desperati
1015 5115 1110 5163 asans
1123 5111 1160 5162 de
1174 5115 1260 5161 nocta
1276 5109 1437 5167 lanocanttt,
1452 5109 1523 5159 ultro
1539 5109 1602 5159 tltea
1614 5106 1653 5158 al-

860 5195 993 5245 miserunt
1002 5192 1266 5255 catecumenorum.
1279 5209 1290 5230 ·
1302 5189 1451 5254 tarmus
1464 5188 1493 5236 s'a
1504 5185 1656 5251 Dirum

860 5275 1027 5333 Bessapara,
1047 5269 1147 5332 coram
1164 5266 1282 5320 distorte.
1298 5267 1363 5318 saed.
1381 5267 1459 5327 ceni,
1474 5269 1534 5316 tosa
1552 5265 1583 5326 ll,
1596 5278 1657 5330 pap.

862 5354 931 5403 1951.
1269 5376 1278 5392 .
1482 5387 1485 5392 ,
