3780 6030
178 271 218 333 3⁸
644 257 928 324 coaptaremus
949 254 1169 325 maocavru
1191 262 1345 326 pareva.
1713 268 1821 354 (ιιει)

177 405 227 466 litii
249 405 283 466 B.
305 404 340 465 de
362 403 541 482 ‘llennebcrg
561 401 640 462 illam
659 398 831 469 abducaris,
856 394 894 455 ad
912 412 966 455 ec·
1033 401 1205 473 reverentia,
1220 401 1317 487 socius
1331 408 1412 462 maus
1430 404 1687 483 accepiterucem,
1701 425 1749 469 me
1762 409 1823 468 ati·

174 503 297 567 ciceiam
324 502 547 583 lllaguntinam,
582 520 675 581 rrrrper
707 501 835 563 Pastoris
863 496 966 559 solatio
1032 501 1204 574 quantulum
1219 501 1365 581 impedito,
1378 513 1405 565 et
1421 505 1669 581 processionaliter
1689 506 1820 569 venimus

174 604 350 676 destitutam,
361 603 479 674 laeum,
490 622 524 664 ex
545 621 621 665 nunc
644 621 749 664 vacare
770 599 965 677 decernimus,
1032 596 1068 655 ad
1088 597 1232 660 basilicam
1246 600 1277 660 S.
1291 600 1369 661 Petri
1385 620 1438 680 per
1455 603 1537 663 illam
1552 605 1627 664 viam
1642 622 1818 683 queamu-

172 715 202 764 et
222 703 426 775 declaramus,
457 703 568 769 etiamsi
588 720 653 781 -pcr
681 701 788 762 dictam
819 697 966 760 electionis
1031 698 1125 759 diuus
1144 700 1182 759 ad
1202 703 1360 775 conclave3
1383 704 1446 764 nne
1465 715 1560 766 tantan
1578 708 1755 783 paramentis
1771 706 1818 765 ia-

174 801 420 870 confirmationem
439 815 490 864 aut
511 820 615 864 novam
641 802 844 881 perlectionem
872 799 967 860 dietae
1032 810 1078 860 eta
1097 811 1141 861 est
1166 802 1310 879 processio
1331 801 1412 862 hacc.
1435 802 1602 866 cardinales
1621 805 1819 884 sequebantur

174 906 311 969 ecclesiae
330 924 384 984 per
407 923 458 965 nos
476 903 618 976 tiendum,
638 914 690 964 aut
708 903 838 964 muneris
860 921 964 963 coma
1031 918 1159 961 crucem
1176 899 1280 960 Primo
1292 900 1497 974 uacantium
1516 903 1685 984 Presbyteri
1701 917 1730 965 et
1746 903 1821 985 Epi·

174 1005 312 1066 erationis
329 1005 543 1083 impensionem,
557 1021 607 1064 seu
629 1022 681 1083 per
701 1005 814 1082 tapsum
826 1005 964 1081 temporis
1031 1000 1118 1080 scopi.
1138 997 1204 1060 Dua
1220 1001 1345 1062 seniores
1365 1003 1486 1065 Diaconi
1504 1005 1675 1078 assistentes,
1690 1004 1823 1068 videlicet

173 1104 209 1166 de
230 1103 429 1167 consecrandis
451 1103 588 1182 episcopis
614 1113 670 1164 etc.
693 1113 744 1162 aut
765 1095 840 1162 alias-
860 1106 966 1179 quovis
1032 1101 1164 1162 &nensis
1184 1112 1213 1162 et
1231 1100 1330 1161 Sancti
1351 1102 1472 1184 Georgii
1488 1118 1686 1184 portaverunt·
1698 1106 1822 1166 aurttei.

175 1203 261 1272 modo
277 1222 328 1264 seu
347 1199 516 1264 exalterius
534 1198 744 1283 cujuscumque
762 1216 895 1281 persona,
912 1217 964 1263 seu
1018 1201 1270 1282 ¹giumpluviatis
1297 1201 1405 1283 Papae,
1429 1222 1503 1266 unus
1523 1226 1540 1266 a
1562 1208 1683 1279 dextris,
1708 1207 1820 1267 ‘atiusa

174 1324 225 1383 per
249 1304 367 1364 liberam
390 1304 608 1382 resignationem
631 1303 700 1364 dicti
714 1305 748 1363 li.
769 1314 820 1363 aut
835 1300 966 1380 cujusvis
1031 1303 1150 1363 santia
1161 1325 1171 1376 3
1190 1300 1419 1377 umbramen
1432 1307 1554 1370 mudum
1573 1307 1711 1389 pluvialis
1724 1309 1822 1368 nulius

174 1404 294 1473 alterius
310 1403 345 1462 de
366 1404 416 1464 illa
438 1405 467 1463 in
488 1403 618 1463 Romana
637 1405 726 1466 Curia
745 1406 789 1465 rel
805 1417 887 1466 extra
900 1426 964 1469 eam
1032 1399 1186 1479 portabat3
1201 1401 1319 1460 sittim
1340 1403 1477 1463 emtinuo
1499 1406 1607 1484 pupulo
1622 1403 1822 1479 benedicebat,

173 1505 260 1564 etiam
285 1523 385 1580 coram
414 1505 527 1567 notario
541 1506 657 1584 publico
677 1518 707 1567 et
727 1509 845 1569 testibus
865 1521 970 1588 sponte
1032 1502 1177 1584 &millitis
1201 1501 1339 1562 tonilum
1359 1497 1539 1580 ttulssttllllttt
1550 1525 1563 1577 3
1583 1515 1662 1563 ttnlt
1681 1515 1748 1564 crat
1769 1523 1823 1584 po-

173 1603 281 1666 iactam
300 1605 345 1670 vel
365 1602 499 1676 tiendum,
521 1616 614 1677 vacet,
628 1607 674 1667 vei
696 1606 872 1684 devolutam,
893 1611 965 1670 affe·

174 1714 250 1763 cmm
269 1705 510 1784 specialiter,·vei
532 1706 604 1766 alias
621 1726 657 1766 ex
677 1709 780 1785 quavis
808 1728 894 1770 causa
909 1727 966 1790 ge*

174 1806 311 1867 ueraliter
324 1817 484 1878 reservata,
495 1806 628 1886 litigiosa,
639 1806 724 1885 cujus
736 1810 791 1871 litis
807 1822 898 1872 status
907 1824 962 1873 etc.

173 1907 293 1978 existat,
314 1907 424 1968 etiamsi
454 1927 506 1985 per
530 1909 762 1973 constitutionem
782 1912 966 1974 lizennoi-

174 2007 228 2079 lic,
239 2008 285 2067 vel
297 2009 504 2069 assecutionem
517 2008 645 2070 beneficii
660 2012 780 2072 alterius
792 2014 894 2090 quavis
906 2031 964 2073 au·

173 2105 310 2168 thoritate
325 2109 461 2169 collatam
476 2120 575 2182 vacet,
586 2109 676 2186 eidem
686 2112 809 2174 iohanni
825 2115 963 2192 provide-

173 2224 247 2280 mus,
260 2220 401 2271 cassaatcs
420 2227 517 2270 omms
536 2222 566 2271 et
582 2213 710 2290 singulas
720 2214 897 2294 provisiones
912 2234 963 2274 seu

173 2306 340 2368 mandatum
359 2307 394 2370 de
413 2309 591 2387 providendo
611 2314 633 2372 si
654 2313 731 2390 quod
753 2332 809 2393 pro
826 2313 890 2373 aliis
909 2316 963 2375 snb

171 2406 269 2467 eadem
297 2409 346 2468 ,rel
368 2411 470 2486 quaeis
490 2411 546 2470 ulia
567 2411 667 2471 datum
689 2411 752 2474 lieri
773 2413 968 2493 contingeretz'

172 2521 229 2566 non
254 2507 704 2573 obstantibus,constitutionibus
723 2527 749 2575 et
771 2515 964 2576 ordinationi-

172 2606 226 2667 bus
247 2609 411 2687 apostoliais
437 2607 584 2672 Ecclesiae
602 2610 770 2688 juramento
784 2627 852 2687 ete,
872 2617 965 2678 robo-

172 2708 253 2779 ratis,
274 2709 399 2780 statutis,
418 2710 578 2787 ceterisque
597 2712 750 2774 contrariis
768 2714 963 2793 tpuibuscum-

173 2804 319 2885 quecum
339 2810 477 2870 clausulis
498 2813 666 2890 opportunis
680 2847 732 2872 -.
800 2819 801 2822 ’

186 2972 188 2977 ,
212 2907 279 2969 Fiat
298 2921 380 2970 motu
399 2912 528 2990 proprio.
552 2913 595 2973 lo.
617 2912 784 2977 Btrrrsrs.
850 2956 852 2961 .
875 2955 878 2965 ·

212 3006 251 3068 Et
268 3026 336 3070 cum
360 3008 477 3075 decreto
490 3022 520 3072 et
539 3011 732 3076 declaratione
748 3016 903 3095 praedictis
908 3038 919 3091 3
936 3030 964 3079 et

173 3124 241 3168 cum
262 3109 394 3171 clausula
414 3112 580 3188 pecualem
594 3091 830 3186 'reservationem
851 3121 964 3199 impul·-

173 3217 250 3268 tante
256 3229 266 3280 3
276 3218 305 3269 et
320 3226 388 3273 curu
407 3211 586 3274 absolutione
600 3234 617 3274 a
633 3219 762 3278 censuris
776 3219 813 3278 ad
831 3220 965 3282 effectum

171 3309 366 3386 praesentium
377 3331 387 3382 3
409 3323 439 3372 et
460 3312 539 3389 quod
568 3314 682 3377 instant
708 3316 886 3382 beneficiales
911 3320 966 3381 Jo-

172 3406 274 3467 lraunis
292 3407 453 3479 habeantur
475 3431 531 3491 pro
545 3419 706 3492 expressis3
727 3429 758 3479 et
775 3418 853 3496 quod
869 3418 964 3497 major

173 3513 281 3590 spectio
308 3515 443 3577 valorum
465 3516 558 3579 diotae
579 3524 812 3601 praepositurae,
831 3542 865 3585 ac
887 3526 977 3586 iilius

173 3613 275 3677 mutus
297 3626 325 3676 et
347 3618 450 3690 iocus,
471 3629 502 3678 et
522 3607 658 3682 dioecesis
676 3624 705 3682 in
725 3624 965 3701 quibusexistit,

171 3724 201 3775 at
220 3714 350 3777 omnium
369 3699 500 3801 aliorum
514 3720 593 3780 cirea
610 3724 765 3800 praemissa
787 3729 966 3798 neanarto-

173 3830 263 3885 rum,
284 3826 428 3892 quatenus
448 3836 523 3897 opus
542 3820 602 3891 sit,
623 3820 686 3883 llari
707 3827 819 3902 possit3
847 3837 877 3886 et
897 3845 965 3888 cum

173 3914 331 4005 conatione
351 3933 607 3997 quarumcumque
626 3924 752 3984 aliarum
767 3925 966 4004 provisionum

174 4023 204 4089 et
223 4013 417 4084 declaratione
439 4017 518 4096 quod
537 4019 567 4078 id
590 4026 811 4086 tantumlocum
824 4026 968 4093 lrabeat.»

216 4115 336 4178 lntcrim
357 4116 428 4178 dum
445 4119 557 4180 electus
578 4119 710 4184 Pontifex
728 4128 966 4205 supplicatim,

175 4225 209 4274 ut
227 4233 329 4294 supra,
348 4218 488 4296 signaret,
506 4218 687 4296 (brdiaales,
704 4223 838 4303 depositis
858 4245 968 4288 crocu-

178 4314 236 4388 tis,
257 4327 286 4378 ct
306 4319 472 4397 cappucciis
490 4336 667 4400 acceperuut
693 4343 759 4386 suas
778 4341 882 4406 cappas
896 4346 969 4389 con-

174 4427 278 4479 suetas.
301 4417 385 4480 Tunc
407 4419 552 4481 Sanctitas
574 4422 647 4499 Sua,
666 4426 781 4486 dimissa
802 4428 967 4508 signatura,

174 4520 328 4581 asserendo
358 4522 435 4600 quod
468 4541 542 4601 quae
572 4524 697 4587 hicnon
723 4531 901 4609 signaverat,
925 4533 968 4592 liis

174 4620 275 4693 diebus
286 4623 402 4702 signare
416 4624 515 4697 vellet,
531 4629 658 4688 surrexit
680 4628 715 4690 de
728 4630 793 4691 sede
809 4633 969 4711 praedicta,

175 4732 205 4781 et
218 4722 393 4802 ,impositum
414 4724 469 4784 luit
489 4724 541 4785 sibi
563 4728 689 4806 pluviale
709 4731 830 4809 simplex
850 4750 907 4793 non
934 4733 969 4794 de

176 4823 420 4901 pretiosioribus,
451 4836 481 4886 et
512 4845 530 4886 a
562 4827 764 4891 Cardinalibus
794 4832 901 4912 positus
933 4833 969 4892 ad

176 4920 334 4982 sedendum
360 4943 447 5005 super
474 4925 583 4988 dictum
605 4930 698 4992 uitare
728 4931 756 4992 in
778 4950 871 5011 parra
897 4951 970 5012 cap·

178 5024 270 5102 pella,
288 5036 317 5084 et
337 5043 372 5085 eo
391 5027 433 5087 sic
452 5026 583 5108 sedente,
601 5028 708 5108 singuli
729 5030 895 5092 Cardinalss
916 5052 971 5093 ve-

178 5135 285 5184 nerunt
305 5125 342 5184 ad
360 5126 560 5186 reverentiam.
578 5127 679 5188 Primo
699 5129 970 5206 vicecancellarius,

180 5222 280 5285 deinde
298 5226 346 5284 aiii
365 5245 419 5286 suo
440 5226 552 5300 ordine,
574 5231 735 5291 osculantes
752 5233 848 5311 primo
868 5232 967 5314 pedem

180 5324 326 5400 dextrum,
346 5338 409 5387 tum
429 5345 548 5389 manum
566 5340 595 5390 et
612 5348 645 5391 os
664 5331 752 5411 ipsius
765 5333 849 5395 electi
859 5355 870 5403 3
892 5334 969 5396 iacta

1032 1602 1092 1680 puli
1108 1600 1264 1661 multitudo
1281 1601 1311 1661 io
1330 1601 1415 1661 sestis
1435 1614 1467 1663 et
1485 1622 1538 1683 per
1559 1616 1665 1678 totum,
1680 1605 1823 1682 quodvis

1031 1702 1183 1782 ambulare
1198 1700 1358 1781 potuimus,
1373 1704 1505 1764 otuuibus
1525 1705 1754 1766 acclamantibus
1773 1707 1822 1766 ln·

1032 1801 1264 1891 nocentiaCum
1280 1806 1408 1863 memus
1422 1814 1502 1864 extra
1521 1815 1635 1883 portam
1651 1807 1736 1866 auiae
1750 1824 1823 1866 eon·

1033 1904 1138 1975 clavis,
1154 1902 1270 1980 quidam
1291 1922 1326 1964 ex
1351 1903 1532 1965 subdiaconis
1546 1906 1714 1984 apostolicis
1734 1924 1821 1968 aece-

1032 2005 1073 2083 pit
1100 2021 1221 2065 crucem
1241 2014 1273 2063 et
1290 2022 1355 2065 eam
1373 2005 1505 2083 portavit
1525 2018 1592 2066 ante
1612 2008 1704 2067 altare
1729 2005 1824 2084 majus

1031 2102 1163 2165 basilicae
1185 2104 1286 2164 Sancti
1306 2103 1413 2177 Petri3
1434 2091 1543 2165 clectus¹
1574 2106 1704 2169 Pontifex
1725 2125 1821 2185 genu·

1031 2203 1121 2265 ilexus
1141 2206 1172 2265 iu
1189 2204 1350 2265 faldistorio
1369 2206 1582 2282 aliqumtulum
1601 2209 1708 2267 orarit.
1726 2208 1827 2282 tune,

1031 2306 1143 2368 detecto
1161 2306 1264 2384 capite,
1274 2316 1368 2378 stans,
1376 2304 1482 2385 incepit
1492 2306 1524 2364 in
1540 2316 1647 2366 cantus
1668 2307 1711 2367 Te
1725 2309 1823 2370 Deum

1033 2408 1221 2479 badonas,
1245 2416 1275 2468 et
1300 2417 1436 2467 cantores
1466 2418 1536 2467 sunt
1561 2426 1652 2485 usque
1679 2411 1708 2468 in
1737 2407 1829 2471 anans

1032 2508 1196 2585 prosecuti.'
1220 2509 1337 2587 incepto
1363 2489 1602 2588 hymnopositus
1616 2511 1685 2580 ,iuit'
1714 2512 1822 2571 electus

1031 2608 1067 2667 ad
1083 2606 1342 2687 ‚sedemumsuper
1363 2610 1454 2668 altars
1476 2610 1623 2688 praedicto
1643 2621 1672 2672 et
1692 2628 1823 2671 accesoe·

1032 2721 1102 2768 runt
1115 2710 1224 2788 singuli
1242 2708 1419 2770 Cardiualea
1437 2710 1540 2770 Primo
1549 2712 1828 2784 vicecancellarius,-

1032 2802 1135 2871 deiode
1151 2812 1200 2870 alii
1218 2828 1327 2881 omnes,
1338 2821 1374 2869 et
1388 2811 1519 2872 ‘osculati
1539 2825 1608 2872 sunt
1628 2813 1742 2892 pedem,
1760 2831 1824 2871 ma·

1031 2929 1103 2971 num
1114 2924 1144 2973 et
1158 2931 1190 2971 os
1204 2913 1287 2973 electi
1296 2908 1367 2972 cum
1382 2922 1517 2973 wmueta
1529 2914 1701 2974 reuerentia.
1718 2911 1824 2973 Deinde

1031 3013 1132 3093 plures
1161 3010 1212 3070 alii
1235 3010 1335 3091 pedem
1357 3024 1425 3073 sunt
1448 3010 1671 3084 osculati.0uo
1693 3014 1772 3074 iacto
1794 3027 1824 3074 ‘et

1033 3112 1142 3192 hymno
1163 3110 1265 3182 linito,
1285 3113 1395 3172 electus
1407 3136 1410 3164 :
1424 3113 1570 3182 dacendit
1590 3113 1625 3173 dc
1651 3114 1769 3186 altare,
1788 3126 1825 3175 ‘ct

1032 3223 1109 3272 stam
1123 3229 1223 3273 versus
1240 3212 1277 3271 ad
1296 3212 1378 3273 iton
1393 3213 1470 3274 dixit.
1485 3211 1517 3278 r.
1535 3214 1652 3274 Emitte
1669 3213 1824 3294 Spiritum

1034 3306 1120 3375 teum
1138 3291 1168 3373 et
1184 3314 1377 3374 creabuntur
1391 3326 1446 3387 eta
1464 3315 1518 3374 His
1537 3315 1632 3384 dictis,
1647 3316 1759 3377 electus
1779 3334 1823 3375 se·

1033 3413 1075 3474 dit
1094 3414 1122 3473 in
1144 3413 1214 3476 sede
1230 3414 1499 3493 paisteutartquae
1520 3416 1636 3476 interim
1651 3426 1760 3494 parata-
1775 3426 1825 3487 est,

1033 3515 1061 3575 in
1083 3532 1162 3591 qua,
1184 3513 1421 3594 praecedentibus
1441 3516 1537 3577 Cruce
1558 3527 1587 3577 et
1608 3515 1825 3588 mastauron,

1034 3626 1167 3694 portatus
1197 3626 1241 3676 est
1272 3615 1309 3675 ad
1330 3614 1478 3676 Palatium·
1496 3617 1536 3676 ad
1555 3634 1685 3678 cameras
1706 3618 1828 3696 praede·

1035 3718 1166 3778 cessoris.
1186 3716 1272 3778 Dedit
1291 3727 1390 3776 autem
1416 3716 1616 3779 cardinalibus
1629 3718 1829 3779 ‘omnibusli-

1035 3819 1157 3879 centiam
1173 3819 1227 3878 sub
1248 3821 1364 3898 porticu
1384 3817 1516 3880 basilicae
1534 3818 1711 3898 praedictae,
1723 3818 1831 3896 dequo

1036 3929 1217 3979 recesserunt
1236 3937 1334 3980 omnes
1347 3930 1376 3980 et
1390 3920 1500 3998 singuli
1518 3919 1555 3979 ad
1570 3937 1642 3979 >suas
1658 3919 1762 3980 dorrsos
1776 3936 1825 3978 re-

1036 4018 1138 4089 dituri,
1159 4019 1277 4096 quidam
1298 4019 1404 4092 tristes,
1426 4022 1514 4080 ceteri
1536 4018 1827 4099 autemgaudentes3

1035 4131 1154 4199 excepto
1172 4120 1235 4181 solo
1254 4119 1402 4180 Cardinsli
1419 4120 1451 4180 S.
1470 4121 1553 4181 Petri
1576 4122 1613 4181 ad
1627 4122 1764 4195 Vincula,
1776 4123 1828 4200 qui

1036 4221 1141 4283 mansit
1155 4222 1184 4281 ia
1198 4221 1311 4282 Palatio
1325 4239 1393 4281 cum
1404 4220 1552 4284 Pontiflee.
1567 4222 1632 4301 Ego
1649 4223 1736 4283 etiam
1748 4222 1829 4285 Pon·

1036 4324 1142 4385 tilicem
1152 4334 1345 4384 secutassum
1361 4341 1453 4401 usqrre
1468 4323 1503 4382 ad
1514 4341 1659 4384 cameram
1675 4314 1827 4390 secretam,

1037 4423 1096 4486 ubi
1115 4443 1215 4486 coram
1241 4443 1276 4485 eo
1304 4422 1472 4502 genuflexus
1496 4424 1654 4504 supplicavi
1676 4422 1828 4483 Sanctitsti

1038 4524 1126 4595 Suae,
1141 4536 1173 4585 ut
1194 4543 1240 4585 me
1262 4524 1290 4582 in
1311 4522 1532 4584 Cubicularium
1553 4541 1640 4582 suum
1662 4535 1747 4583 extre
1770 4523 1831 4583 Ca-

1038 4645 1148 4699 meram
1169 4626 1325 4703 ιιιιὶιιιιιοι,ι
1338 4622 1389 4702 qui
1405 4624 1552 4703 respondit
1571 4642 1602 4684 se
1619 4641 1708 4702 super
1726 4642 1763 4684 co
1776 4623 1830 4684 de·

1038 4725 1231 4802 liberaturum
1242 4746 1253 4798 3
1269 4724 1318 4784 sed
1339 4724 1526 4803 quiapostea
1545 4723 1670 4804 amplius
1688 4739 1747 4782 nou
1766 4723 1829 4782 sol·

1038 4827 1166 4897 licituri,
1195 4825 1266 4887 nibil
1294 4813 1404 4886 iactum
1424 4837 1477 4886 est.
1497 4825 1615 4885 interim
1636 4824 1832 4885 conclaristae

1039 4937 1206 4995 manserunt
1225 4927 1253 4986 iu
1276 4929 1404 5006 cappella
1425 4927 1536 5006 majore
1553 4945 1605 5005 par
1625 4942 1679 4987 eos
1695 4924 1733 4984 ab
1754 4925 1834 4995 intus

1038 5027 1159 5109 chatse,
1176 5044 1217 5089 ue
1247 5045 1300 5106 per
1320 5028 1482 5106 arrarigeros
1508 5038 1538 5086 et
1563 5026 1697 5088 custodes
1727 5026 1831 5087 Palatii

1037 5131 1236 5209 mutaretor,
1263 5140 1293 5190 at
1327 5144 1460 5213 camerae
1482 5127 1667 5187 dominorum
1705 5144 1829 5188 suorum

1038 5228 1264 5307 desolarentur3
1286 5246 1321 5288 ac
1348 5228 1423 5290 bona
1451 5227 1634 5306 collegerunt
1663 5228 1700 5287 ad
1728 5228 1830 5290 dmitos

1040 5309 1226 5418 reptata,
1237 5329 1357 5408 emas
1371 5329 1554 5391 murras
1572 5329 1657 5391 arao
1672 5327 1830 5401 rotroco,
