3764 6036
185 249 244 327 rra
666 252 955 319 rourrrtcsrus
979 211 1203 320 tnnocauru
1218 257 1376 326 uertit.

182 397 244 464 post
266 386 393 467 aliquam
424 407 537 450 moram
562 392 759 454 veneruntad
789 392 972 455 cardinalem

182 489 216 549 de
237 487 355 550 Medicis
396 488 531 552 Senensis
555 502 584 554 et
608 492 812 556 camerarius
844 494 973 556 seniores

182 587 329 662 Diaconi,
354 601 383 652 et
416 591 540 655 Ursinus
569 611 637 654 curn
667 597 790 657 Ascanio
826 595 974 659 intrarunt

181 692 412 766 consistorium,
438 695 570 756 fecerunt
597 697 810 770 reverentiam,
839 709 868 759 et
890 697 973 760 sede·

183 802 252 852 runt
276 789 397 874 ingtocis
414 795 484 854 suis.

224 892 343 956 lnterim
364 894 504 958 Dominus
526 897 762 962 ctdettossttere
784 901 851 962 fecit
869 899 971 962 covo-

183 1005 282 1056 catum
302 1008 517 1076 proponentem,
536 998 607 1060 dum
625 999 683 1062 duo
702 1000 869 1064 cardinales
885 1020 974 1082 pree·

184 1096 251 1157 dicti
271 1097 376 1170 ultimi,
393 1098 582 1161 reverentiam
593 1099 688 1182 Papae
703 1103 847 1176 fecerunt,
859 1107 973 1181 quous·

183 1216 241 1276 que
262 1198 418 1273 sedissent3
441 1201 519 1279 quod
542 1214 636 1263 tornea
658 1223 714 1265 non
736 1215 779 1265 est
800 1205 835 1267 de
868 1224 973 1280 nrorc,

184 1318 275 1377 neque
297 1319 432 1374 necesse,
452 1320 520 1362 cam
543 1304 662 1365 illorum
684 1305 819 1367 introitus
837 1317 867 1368 ct
885 1326 974 1367 rere·

185 1402 273 1462 rentia
296 1420 354 1462 non
376 1402 512 1483 impediat
533 1403 702 1469 Pontificem
725 1408 880 1485 quominus
904 1427 974 1487 pos·

184 1501 402 1586 sitlintelligere
424 1517 650 1584 proponentem,
677 1508 728 1586 qui
751 1510 846 1570 solum
875 1510 903 1569 in
927 1513 973 1571 in·

185 1607 274 1667 troitu
296 1607 363 1668 nori
386 1607 548 1669 cardinalis
565 1619 595 1669 ct
616 1628 766 1688 quousque
790 1611 837 1672 ille
857 1612 885 1673 in
906 1612 974 1674 loco

185 1725 238 1768 suo
260 1707 377 1780 sederit,
404 1708 489 1770 silere
510 1711 676 1785 consuerit3
697 1728 751 1772 suo
773 1713 973 1792 temporeta-

185 1811 275 1868 travit
296 1826 389 1869 novus
421 1807 583 1871 cardinalis
595 1854 604 1887 ,
626 1811 811 1890 praecedente
833 1812 973 1887 Senensi,

186 1906 320 1987 sequente
351 1908 519 1972 Camerario
531 1955 540 1987 ,
561 1912 629 1973 fecit
650 1914 829 1976 reverentias
850 1933 974 1976 consue·

186 2023 248 2085 tas,
268 2011 392 2091 primam
408 2019 473 2071 ante
488 2011 650 2090 ingressum
670 2012 905 2089 Consistariont,
924 2035 973 2076 se·

185 2110 310 2171 candens
337 2119 406 2192 ante
424 2111 530 2171 solium
542 2133 552 2185 3
578 2123 642 2172 tum
662 2132 783 2199 ,escenso
804 2115 898 2188 solio,
919 2137 974 2196 ge·

186 2211 321 2284 nullexit,
343 2213 492 2273 osculatus
513 2225 557 2275 est
575 2214 694 2294 pedem,
717 2214 817 2277 deinde
832 2235 972 2292 manum,

186 2323 265 2387 tarn,
286 2333 425 2394 surgens,
446 2334 478 2375 os
509 2315 620 2396 Papae,
652 2316 752 2379 deinde
770 2318 810 2377 ab
840 2304 974 2379 omnibus

185 2415 385 2479 factionibus
406 2398 596 2478 adosculttm
612 2430 746 2500 receptus
765 2404 794 2481 et
814 2421 974 2481 attendens

187 2519 268 2592 lqcus
280 2528 343 2596 post
355 2517 429 2580 tter.
446 2517 602 2578 Dominum
618 2520 802 2582 Cardinalcrn
818 2522 972 2582 Ascanium

186 2637 237 2696 per
259 2637 305 2679 me
327 2619 510 2696 assignatus;
532 2619 560 2678 in
580 2638 640 2699 quo
660 2621 711 2683 illo
731 2623 905 2696 constituto,
926 2644 974 2684 se·

186 2718 292 2794 derunt
322 2717 489 2781 Cardinales
510 2722 630 2794 omnes,
662 2734 692 2783 et
712 2722 880 2785 Advocatus
892 2725 974 2804 >pro-

186 2829 305 2879 secatus
325 2830 368 2880 cst
389 2837 506 2881 causam
521 2839 625 2895 sucm3
648 2840 706 2901 qua
728 2821 807 2883 finita
823 2834 851 2885 et
872 2807 974 2902 sipon·

187 2930 254 2979 tura
276 2938 328 2999 per
349 2917 458 3000 Papam
480 2905 629 2996 concessa,
647 2922 773 3003 ascendit
791 2924 827 2984 nd
849 2916 974 2985 Pontid-

187 3038 264 3093 cem,
287 3039 332 3082 me
348 3022 534 3100 praecedente
555 3022 663 3102 absque
679 3023 880 3085 cardinalibus
900 3024 974 3084 assi·

187 3122 343 3195 aientibus,
363 3123 532 3202 praedictus
551 3124 713 3186 Cardioalis
734 3125 768 3187 de
790 3125 975 3197 uectem-er

187 3204 286 3282 secam
307 3233 351 3282 est
371 3222 465 3302 ipsum
487 3225 597 3285 familia
619 3243 692 3298 sua,
712 3244 787 3305 quae
803 3232 863 3287 tofa
885 3225 974 3287 nse.

188 3321 223 3381 tt.
247 3322 280 3382 ll.
300 3324 351 3384 ad·
370 3327 504 3387 osculum
527 3327 606 3407 pedis
636 3339 752 3409 recepta
785 3337 843 3389 est:
875 3328 975 3389 erravi

189 3436 305 3498 tamen,
327 3427 396 3505 quia
427 3426 500 3491 duos
531 3428 692 3489 assistentes
718 3424 860 3490 debebam
888 3430 975 3490 etiam

191 3544 328 3597 vocasse,
350 3536 384 3585 ut
407 3529 548 3589 venissent
574 3529 610 3588 ed
631 3524 822 3592 assistendum
848 3529 975 3597 interim.

189 3623 314 3704 Recepta
335 3626 372 3687 ad
388 3628 521 3687 ascalurn
539 3629 648 3690 inmitia
669 3630 834 3710 praedicto,
847 3631 976 3692 surrexit

190 3723 321 3787 Pontifex
341 3738 369 3805 et
389 3725 419 3786 in
440 3745 556 3790 canscra
577 3746 629 3789 sua
651 3748 788 3791 reversas
808 3740 850 3791 est
861 3752 875 3810 ι
894 3748 975 3808 quo,

189 3837 357 3907 paramento
376 3838 480 3902 exuto,
498 3847 597 3892 omnes
612 3829 779 3892 Cardinales
793 3829 975 3911 praedictum

190 3928 225 3990 de
243 3925 362 3992 bledieis
379 3949 415 3992 co
436 3928 552 4004 ordine,
569 3930 679 4009 quode
697 3929 811 4011 Populo
829 3931 918 4011 venit,
930 3931 976 3989 'ad

189 4031 329 4109 palatium
349 4050 437 4093 suum
459 4031 681 4113 campodorae,
709 4031 738 4092 in
761 4035 883 4092 murima
905 4033 975 4113 plu·
1007 4103 1014 4120 ι
1531 4120 1533 4127 J

1006 4119 1008 4122 ’
1043 4125 1143 4188 deinde
1165 4124 1319 4188 Senensem
1333 4122 1350 4197 ,’
1368 4122 1608 4209 Neapolitanam,
1628 4125 1827 4188 Ruebanatcn·

192 4134 237 4190 vla
257 4134 461 4209 associarunt3
489 4134 596 4213 quibus
616 4146 681 4197 ante
708 4135 848 4215 palatium
871 4134 976 4215 bajus·

190 4230 316 4299 modiin
337 4232 553 4314 campodono,
574 4255 627 4316 per
642 4235 774 4302 ordinem
796 4235 976 4305 constitutis,

190 4328 265 4389 idem
295 4330 470 4408 Cardiualis‚
491 4344 607 4396 retento
633 4335 753 4416 propter
785 4336 915 4415 pluriam
948 4334 976 4392 in

190 4430 282 4509 capite
302 4433 462 4511 capuccino
481 4452 514 4493 ex
534 4434 660 4496 aliorum
681 4434 881 4497 cardinalium
903 4451 976 4495 con·

190 4531 270 4603 silio,
301 4532 422 4612 singulis
442 4535 528 4594 etiam
559 4537 719 4615 capuccino
745 4555 800 4598 suo
831 4535 976 4616 incapite

191 4633 365 4706 tenentibus,
385 4653 421 4694 ex
441 4652 523 4695 more
540 4637 655 4713 gratias
673 4639 748 4715 egit3
771 4647 834 4697 tum
854 4644 917 4712 post
938 4634 978 4695 il·

193 4734 290 4807 lorum
312 4752 469 4809 recessum,
483 4734 601 4794 domurn
623 4754 706 4795 snam
723 4737 853 4796 intrarit.
862 4734 976 4795 Placuit

193 4833 249 4895 boc
271 4833 326 4894 SS.
346 4833 382 4894 1).
402 4833 436 4895 Ν.
459 4835 538 4914 quod
570 4836 733 4915 praedictus
751 4835 912 4897 cardinalis
932 4835 977 4897 die

193 4935 334 4996 dominica
349 4937 405 4999 iret
419 4935 456 4997 ad
472 4936 650 5018 cappellam,
664 4936 725 4998 sire
739 4938 889 4998 ecclesiam
903 4936 978 4997 lies·

194 5047 240 5098 iae
260 5037 369 5098 blarioe
398 5037 433 5099 de
454 5038 605 5109 lilinetma,
627 5036 677 5119 ubi
702 5035 839 5115 cappella
864 5044 978 5111 tantum

192 5148 276 5209 erat,
296 5139 362 5198 licet
381 5136 569 5198 Sanctitatcm
584 5138 675 5198 Suam
696 5155 739 5222 ac
752 5135 824 5197 Rev.
842 5135 979 5198 Dominus

194 5236 361 5301 cardinales
379 5256 436 5313 non
460 5238 630 5319 visitaresit.

235 5338 383 5401 Dominica
394 5341 734 5422 tertiaqnadragesimac,
744 5339 879 5421 rigesima
892 5338 979 5419 quin·

1724 262 1828 346 (risa)

1041 407 1069 455 ta
1080 394 1151 455 dicti
1165 395 1268 456 mensis
1290 397 1400 465 martii,
1413 397 1493 474 festo
1512 397 1616 461 beatae
1636 398 1748 461 blaciae
1764 400 1827 461 Vir-

1039 496 1113 574 ginis
1129 495 1376 571 Annuociatioois,
1393 496 1447 559 88.
1462 498 1498 559 Ι).
1515 497 1549 558 ll.
1567 500 1686 562 irsdutas
1704 499 1836 572 amicta,

1040 596 1128 675 alba,
1158 596 1297 675 cingulo,
1314 600 1482 679 capuccino
1513 600 1604 673 albo,
1634 611 1665 664 ct
1693 601 1771 663 stola
1800 619 1829 663 ex

1039 697 1128 776 perlis
1149 695 1298 777 desuper,
1315 699 1504 777 praecedente
1526 719 1617 763 cruce
1636 711 1667 762 et
1688 699 1830 763 cardias·

1040 796 1127 869 libus,
1143 795 1220 857 venit
1240 795 1277 857 ad
1311 781 1462 861 ecclesiam
1482 800 1588 861 Beatae
1610 800 1724 861 blaciae
1747 818 1829 881 supra

1038 897 1200 959 blioersam
1232 905 1288 958 etc.
1316 897 1507 960 Accesserant
1540 900 1640 964 deinde
1670 901 1829 971 confratres

1038 997 1285 1060 confraternitatis
1300 999 1499 1062 annunciatae
1513 1018 1581 1061 cum
1597 1001 1685 1064 bacili
1701 1000 1743 1061 ad
1758 999 1829 1062 Pon·

1039 1097 1172 1172 tilicem,
1198 1109 1228 1159 et
1247 1098 1380 1158 Pontifex
1412 1099 1538 1162 Domino
1574 1091 1742 1165 Gullielmo
1766 1102 1830 1164 ctio

1039 1199 1192 1263 cubilario
1213 1197 1431 1283 bliopecanias
1453 1201 1564 1263 obtulit
1582 1214 1707 1265 eentum
1732 1203 1829 1265 Ducat.

1040 1310 1103 1360 tam
1119 1298 1252 1361 Senensis
1274 1316 1378 1374 unum,
1395 1311 1425 1376 et
1442 1303 1630 1365 camerarius
1650 1302 1773 1376 decem,
1786 1306 1829 1366 alii

1039 1398 1206 1462 cardinales
1234 1412 1322 1479 prout
1341 1403 1520 1477 voluerunt,
1541 1406 1684 1469 Asaamm
1706 1416 1830 1486 septam,

1039 1512 1068 1562 ct
1088 1501 1214 1563 ldedices
1232 1502 1347 1576 decem3
1369 1515 1554 1566 accesserunt
1572 1505 1673 1569 deinde
1692 1507 1830 1568 sexdecies

1040 1603 1153 1680 paellae
1175 1602 1374 1675 maritandae,
1408 1623 1476 1666 cum
1496 1606 1639 1682 sexdecim
1668 1609 1829 1686 matronis,

1039 1713 1070 1762 et
1089 1702 1215 1781 singulis
1233 1693 1367 1765 Pontifex
1387 1703 1464 1766 dedit
1484 1707 1603 1768 bursam
1625 1726 1697 1770 cum
1714 1708 1830 1788 pecare's

1039 1821 1121 1863 more
1135 1804 1220 1865 solito
1237 1823 1272 1863 ex
1287 1803 1389 1878 bacili3
1404 1815 1434 1867 et
1451 1809 1565 1886 puelle,
1584 1820 1704 1888 recepta
1725 1808 1830 1877 bursa,

1040 1906 1152 1984 prima,
1173 1904 1276 1966 deinde
1299 1916 1433 1968 matrona
1466 1909 1591 1982 ducens,
1613 1910 1718 1991 pedem
1736 1909 1832 1990 'Papae

1027 2000 1107 2065 'sant
1122 2005 1322 2079 deosculatae,
1342 2018 1406 2071 tum
1420 2006 1562 2083 Pontifex,
1579 2009 1700 2103 rlimisso
1714 2012 1830 2091 ptusatt

1040 2118 1068 2166 et
1089 2108 1176 2166 mitra
1191 2119 1340 2188 ,recepto
1362 2111 1521 2188 capuccino
1548 2121 1576 2171 et
1597 2107 1696 2183 scatet,
1718 2111 1754 2171 ad
1776 2110 1829 2171 Pa·

1040 2207 1142 2292 latium
1165 2226 1302 2287 reversus
1323 2219 1460 2270 estete·

1083 2305 1191 2368 Eodem
1213 2306 1260 2369 die
1281 2310 1429 2388 praefatus
1455 2310 1533 2372 tter.
1554 2311 1700 2373 Dominus
1730 2312 1831 2374 Cardi-

1041 2409 1113 2476 nalis
1133 2407 1168 2469 de
1200 2409 1320 2471 bledicis
1340 2412 1422 2472 circa
1450 2413 1561 2474 boram·
1588 2415 1762 2493 vigesimam
1781 2414 1830 2473 sibi

1040 2509 1209 2588 deputatam
1227 2510 1356 2582 visitarit
1375 2512 1430 2573 SS.
1451 2513 1486 2573 l).
1507 2513 1540 2574 tt.
1561 2525 1590 2576 et
1603 2514 1679 2575 tter.
1696 2515 1830 2576 Dominos

1040 2609 1208 2673 Car-dinales
1220 2611 1343 2673 Sanctae
1355 2615 1534 2688 dorstadae,
1547 2625 1575 2677 et
1587 2607 1691 2678 Sancti
1702 2616 1829 2678 clemen-

1042 2711 1098 2787 tis3
1121 2704 1200 2773 venit
1220 2733 1273 2793 per
1295 2713 1413 2801 domurn
1432 2707 1596 2778 cardinalis
1622 2717 1751 2780 Sanctae
1771 2716 1827 2778 bla-

1041 2816 1102 2876 riae
1120 2813 1147 2874 in
1165 2814 1313 2885 Partica,
1337 2833 1425 2894 quem
1442 2818 1535 2877 voluit
1551 2818 1691 2888 visitare,
1711 2817 1761 2880 sed
1776 2836 1825 2878 non

1040 2914 1097 2975 fuit
1114 2925 1249 2994 repertus
1264 2917 1292 2973 in
1312 2914 1408 2975 domo.
1426 2913 1538 2978 ¹Omnes
1557 2915 1727 2981 cardinales
1744 2937 1822 2998 prae·

1041 3012 1110 3074 dicti
1131 3014 1262 3086 visitati,
1294 3001 1505 3095 cumprimum
1524 3015 1691 3079 cardinalis
1708 3019 1743 3081 de
1772 3020 1824 3082 tte·

1041 3113 1113 3176 dicis
1131 3116 1228 3190 aulam
1242 3114 1445 3178 'descendisset
1475 3129 1505 3178 et
1522 3118 1577 3197 ipsi
1594 3119 1713 3181 obviam
1739 3120 1824 3183 renis·

1040 3227 1119 3290 scot,
1134 3218 1271 3278 fecerunt
1288 3218 1313 3278 ei
1329 3236 1449 3298 cappam
1470 3220 1687 3282 cardinalarem
1701 3222 1823 3285 extrabi.

1041 3329 1160 3399 excepto
1174 3319 1438 3391 vicecancellarfo,
1460 3321 1591 3399 quicum
1611 3339 1705 3400 usquc
1728 3322 1765 3406 ad
1782 3340 1823 3383 ca·

1043 3439 1153 3482 meram
1176 3438 1259 3481 suant
1282 3422 1310 3480 in
1325 3439 1417 3502 cappa
1438 3421 1585 3504 conduxit.

1083 3522 1170 3583 Peria
1201 3521 1344 3593 secunda,
1368 3510 1508 3600 vigesima
1530 3533 1608 3584 sexta
1628 3524 1698 3585 dieti
1732 3524 1825 3586 mersis

1043 3623 1152 3695 martii,
1166 3622 1221 3682 fuit
1237 3621 1448 3683 consistorium
1470 3633 1630 3697 secretum,
1654 3624 1683 3685 in
1703 3644 1765 3704 quo
1781 3625 1825 3686 fuit

1043 3725 1175 3787 clausum
1197 3742 1230 3784 os
1251 3721 1324 3783 licr.
1340 3721 1466 3784 Domino
1486 3723 1633 3786 cardinali
1650 3724 1685 3787 de
1707 3725 1823 3787 Medicis.

1043 3824 1113 3886 Post
1144 3822 1303 3904 prandium
1340 3821 1417 3903 idem
1449 3822 1628 3898 Cardinalis,
1661 3827 1826 3890 transeundo

1040 3922 1125 4001 jrrxta
1156 3924 1275 3985 domant
1296 3922 1459 3985 cardinalis
1492 3925 1527 3986 de
1548 3924 1682 3998 Ursinis,
1717 3939 1751 3988 ut
1769 3946 1826 3989 ean

1045 4025 1191 4095 risitaret,
1213 4041 1270 4083 non
1292 4025 1421 4104 repperit
1441 4042 1508 4085 earn
1531 4026 1559 4086 in
1581 4025 1668 4087 domo
1674 4049 1685 4101 3
1711 4028 1826 4090 visitarit

1043 4246 1125 4301 sem,
1143 4227 1324 4308 moenium,
1347 4222 1550 4297 Parmensem,
1571 4237 1601 4289 et
1620 4225 1828 4295 Camerarium.

1042 4346 1112 4389 cum
1145 4347 1206 4407 quo
1238 4328 1367 4408 repperit
1399 4327 1486 4390 etiam
1529 4328 1718 4391 cardinalem
1752 4330 1828 4393 ttrsi·

1043 4447 1112 4489 num
1134 4425 1189 4511 (l)
1507 4439 1511 4446 ‘

1085 4647 1122 4700 (t)
1137 4642 1284 4693 Cardioelis
1293 4643 1460 4694 Camerarius
1478 4645 1663 4708 eratllapbael
1680 4647 1827 4710 ltisrio,qai

1047 4724 1076 4773 ιιι
1093 4725 1274 4788 conjuratione
1290 4723 1411 4774 Paetinae
1427 4729 1521 4776 contra
1535 4725 1668 4779 lulianum
1686 4728 1830 4779 etbaarea·

1046 4803 1112 4853 tiam
1127 4801 1161 4852 de
1177 4801 1284 4854 Medicis
1310 4807 1412 4866 patrem
1430 4804 1576 4855 cardinalis
1592 4804 1720 4866 ioannis,
1744 4807 1830 4858 aderat

1047 4884 1187 4945 intemplo
1203 4883 1227 4932 S.
1243 4885 1399 4945 llcparatae,
1415 4884 1639 4946 intercomplices
1652 4886 1782 4947 patefacti
1798 4885 1830 4935 fs·
1858 4934 1860 4936 ,

1046 4963 1145 5011 cinaris
1161 4974 1221 5011 cum
1238 4952 1445 5025 archiepiscopo
1458 4963 1576 5021 salviaco
1600 4963 1635 5013 ab
1652 4965 1777 5016 omuibus
1796 4964 1830 5012 bi·

1047 5040 1153 5090 storicis
1170 5041 1324 5103 inscriptas.
1339 5039 1485 5092 Cardiaelis
1502 5044 1580 5106 igitar
1596 5042 1752 5110 debledicis
1768 5045 1829 5093 inter

1046 5120 1160 5182 collegas
1184 5121 1283 5170 invenit
1311 5134 1390 5171 unum
1408 5133 1441 5170 ex
1458 5122 1592 5183 suspectis
1618 5121 1829 5180 interfectoribus

1047 5200 1134 5262 patrui
1142 5199 1211 5256 scie
1220 5210 1333 5262 qaorum
1344 5199 1475 5260 manibus,
1484 5199 1614 5263 prodigio,
1625 5201 1671 5251 vix
1683 5206 1760 5264 pater
1769 5211 1825 5250 esa·

1048 5278 1091 5327 stt.
1111 5277 1192 5340 Aiunt
1214 5276 1405 5332 concorditer.
1421 5276 1488 5328 duos
1505 5277 1678 5339 Cardiaates,
1704 5292 1763 5331 caat
1779 5281 1828 5342 prl-

1049 5371 1119 5410 muns
1136 5357 1242 5408 obviam
1259 5369 1320 5410 sese
1338 5358 1503 5417 invenerunt¹
1521 5359 1622 5420 pallore
1639 5359 1774 5422 profusas,
1789 5357 1824 5405 tit
