3758 6030
187 224 252 288 tta

187 361 416 442 praesentiarum
436 360 499 422 Rex
523 359 670 434 babetur,
689 371 719 422 et
737 361 857 424 iuturus
878 361 977 442 lmpe-

191 473 296 536 rator,
318 461 379 524 Deo
400 461 594 536 concedente,
615 471 750 542 speratur
774 485 801 522 s.
830 460 978 540 Nusquam

187 565 264 624 enirn
279 559 390 639 injure
404 563 445 624 sic
467 563 501 624 de
521 564 625 626 ceteris
651 564 770 644 regibus
790 564 839 626 sed
854 564 889 626 de
900 564 979 643 Rege

188 661 320 723 Romano
333 673 445 724 tantum
461 682 530 725 cum
544 682 580 725 ea
597 666 762 727 reverentia
778 664 860 742 loqui
872 664 978 725 sssnrmi

189 759 343 824 Pontifices
361 764 469 824 solent.

231 861 386 925 Praeterea
409 874 511 924 notum
541 873 583 926 est
606 861 745 924 &aetam
767 863 889 925 llatrem
916 861 978 923 Rc·

190 960 306 1023 clesiasu
327 961 355 1021 in
377 960 499 1023 dirersis
521 961 658 1041 precibus
680 962 863 1042 paschalibus
881 962 978 1042 lmpe-

190 1072 330 1134 ratos-em,
347 1072 410 1134 aut,
432 1079 467 1122 eo
482 1060 632 1131 defuncto,
644 1061 752 1142 Regem
768 1062 979 1139 Romanorum,

190 1162 277 1225 etiam
297 1163 321 1224 si
342 1162 468 1223 nondum
487 1162 647 1243 Imperator
669 1164 721 1238 sit,
743 1164 979 1228 christianissi-

190 1282 271 1325 mum
292 1264 459 1343 appellare,
480 1272 509 1324 et
527 1281 582 1343 prn
603 1282 638 1324 eo
656 1262 798 1342 singulari
819 1281 906 1343 prece
925 1281 979 1324 va·

189 1361 244 1423 luti
263 1381 318 1442 pro
340 1361 500 1442 praecipuo
519 1381 573 1424 suo
594 1361 773 1437 Defensore,
794 1363 887 1426 Deum
908 1382 978 1443 pre·

192 1462 275 1537 curi,
301 1464 414 1525 tametsi
438 1463 570 1524 nonnulli
599 1462 649 1523 alii
674 1462 769 1544 Reges
803 1463 889 1524 etiam
921 1463 977 1526 hoc

85 1638 86 1642 Ἰ
191 1561 455 1624 christianissimi
474 1562 561 1623 titulo
573 1561 635 1641 jam
654 1562 747 1624 veluti
761 1573 907 1644 usurpato
925 1563 977 1625 sibi

187 1658 311 1722 blandiri
333 1660 495 1740 plurimum
511 1661 666 1741 gaudeant.

231 1760 351 1840 lusuper
373 1770 403 1821 et
424 1762 454 1820 ln
474 1762 538 1821 aliis
560 1761 720 1840 precibus,
741 1779 809 1822 cum
828 1772 895 1822 orat
915 1762 977 1823 Ec·

192 1860 277 1920 clesia
296 1879 352 1940 pro
363 1858 442 1940 Rege
456 1870 568 1934 nostro,
584 1878 641 1922 non
655 1870 769 1922 constat
783 1880 847 1922 eam
864 1862 899 1922 de
913 1861 978 1931 Ro·

190 1978 346 2023 manorum
376 1962 460 2042 Rege
481 1963 669 2043 intelligere,
691 1966 740 2024 cui
774 1982 843 2045 praa
874 1965 978 2026 ceteris

188 2063 234 2122 sui
256 2064 378 2123 tutelam
394 2081 535 2125 curamve
553 2065 725 2142 gerendam,
744 2074 777 2124 ut
792 2067 896 2144 passim
906 2062 977 2139 jura

187 2163 301 2236 docent,
315 2163 377 2241 jam
390 2163 462 2224 olim
481 2166 593 2243 saepius
611 2165 808 2226 demandavit?

228 2260 275 2322 Ex
295 2262 403 2341 quibus
422 2262 554 2325 omuibus
573 2264 695 2346 aliisque
713 2266 776 2326 mul
783 2267 819 2325 tis
837 2265 978 2327 similibus

189 2362 280 2441 liquet
312 2364 406 2442 ipsum
439 2363 549 2444 Regem
572 2363 797 2438 Romanorum,
818 2383 904 2443 quem
925 2385 976 2427 ce-

186 2464 257 2525 teris
271 2463 401 2542 Regibus
415 2462 547 2527 Ecclesia
562 2465 702 2544 praefert,
717 2465 753 2525 ab
768 2466 901 2525 omnibus
915 2466 977 2528 Ec·

184 2562 287 2625 clasiae
308 2562 376 2623 liliis
409 2563 470 2626 siue
491 2565 621 2627 aliorum
642 2561 753 2641 injuria
776 2565 839 2626 lore
860 2568 976 2646 praese-

184 2663 319 2726 rendum.

228 2764 292 2824 lloc
313 2762 468 2824 dicendum
489 2776 554 2841 est,
575 2764 654 2845 quod
678 2768 809 2829 nonnulli
827 2781 975 2850 opponunt

184 2865 229 2925 illi
247 2864 450 2928 tantummodo
468 2865 669 2930 Romanorum
687 2868 831 2948 Regibus
850 2870 975 2933 bounres

184 2963 298 3040 deberi,
308 2968 381 3044 qui,
397 2969 479 3029 nullo
496 2969 556 3030 alio
577 2969 777 3031 Romanorum
792 2973 975 3052 Imperatore

185 3067 315 3142 virente,
331 3067 491 3148 Imperium
509 3069 701 3132 administrat.
723 3071 796 3134 Nam
819 3093 887 3135 cum
910 3092 975 3133 ma·

183 3168 316 3229 uisestum
355 3169 394 3229 sit
436 3188 492 3232 non
525 3173 583 3234 alia
618 3173 730 3248 ratione
763 3174 874 3255 Regem
906 3175 975 3255 eligi

184 3267 385 3331 Romanorum
399 3271 459 3330 alio
478 3271 577 3332 adbuc
600 3273 738 3348 virente,
760 3276 813 3336 nisi
834 3275 865 3338 nt
887 3277 975 3357 ipsius

184 3370 353 3450 imperantis
371 3367 435 3446 jam
467 3371 572 3434 debiles
594 3376 639 3435 rel
662 3377 834 3456 impotentes
861 3377 975 3440 labores

184 3469 321 3550 suscipiat
325 3515 335 3545 ,
360 3490 525 3551 gravesque
540 3475 653 3553 imperii
669 3493 756 3537 curas
770 3488 800 3539 et
814 3496 903 3539 onera
915 3497 975 3557 gc·

188 3571 277 3633 reuda
306 3581 468 3651 pertractet
480 3616 490 3646 ,
521 3584 550 3635 et
570 3575 772 3651 administret,
805 3579 975 3643 rationabile

188 3671 319 3752 prolecto
350 3682 378 3732 et
403 3690 512 3750 equum
533 3684 601 3749 est,
623 3693 690 3737 eum
709 3695 777 3738 eum
796 3679 858 3759 ipso
878 3680 975 3759 lmpe-

186 3783 285 3835 ratore
296 3814 306 3845 ,
327 3789 362 3832 ac
396 3772 420 3832 si
443 3772 541 3835 eadem
564 3792 685 3853 persona
717 3789 790 3839 esset
809 3779 914 3841 eisdem
935 3781 975 3840 ti·

185 3873 265 3944 tulis,
278 3883 308 3934 et
323 3872 486 3934 bonoribus
501 3872 645 3936 decorari:
662 3875 729 3938 hinc
739 3897 843 3941 eorum
855 3890 974 3940 utrum·

187 3989 264 4049 que,
285 3982 315 4034 et
338 3973 492 4036 caesarem
521 3986 551 4036 et
571 3995 686 4057 semper
704 3980 870 4058 Angustum
891 3998 974 4042 com·

121 4139 124 4145 ,
187 4074 324 4136 munibus
356 4076 449 4137 titulis
482 4077 622 4156 appellari
652 4078 806 4153 videmus,
838 4091 872 4140 ut
905 4099 973 4142 euna

184 4175 314 4237 eamdem
343 4187 372 4238 et
392 4177 581 4258 lmperatoris
613 4190 643 4240 et
663 4179 864 4243 Romanorum
885 4181 974 4263 Regis

183 4275 387 4353 provinciam,
409 4276 549 4356 idemque
573 4282 729 4359 utriusque
759 4281 894 4361 Regnum
913 4302 973 4344 esse

182 4375 328 4437 fateamur
336 4420 346 4450 ,
365 4377 427 4456 ipso
441 4380 555 4441 nomine
568 4390 680 4441 tantum
696 4400 746 4443 eos
766 4382 883 4447 differre
901 4402 972 4446 con-

184 4474 287 4538 cedere
310 4474 473 4538 debeamus.

226 4574 351 4636 Demum
372 4578 457 4639 sicuti
476 4578 508 4640 S.
525 4580 618 4668 llater
635 4579 778 4656 Ecclesia,
796 4583 972 4646 acSacrum

187 4678 352 4741 Romanum
374 4682 543 4762 lmperium,
564 4683 589 4742 si
611 4686 712 4764 aliquo
732 4687 819 4765 gravi
840 4687 973 4765 periculo

185 4781 352 4844 laborarent
373 4801 431 4843 non
449 4784 527 4844 senio
546 4785 710 4859 coniectas,
728 4794 780 4844 aut
800 4784 913 4844 rlribus
927 4785 972 4846 el·

178 4881 276 4945 lectus
293 4881 355 4961 jam
377 4884 560 4963 lmperator‚
580 4883 630 4946 sad
651 4886 709 4963 ipse
739 4883 802 4944 Rex
822 4883 972 4945 Romano·

187 5001 256 5043 rum
276 4983 303 5046 ei
325 4983 433 5045 viventi
459 4984 595 5045 suffectus
615 4983 673 5043 illis
693 5001 870 5045 succurrere
890 4994 972 5045 teue-

185 5096 291 5158 retur,
312 5084 350 5144 ita
371 5085 477 5164 procul
493 5084 582 5146 dubio
603 5090 827 5146 consentaneum
847 5095 875 5146 et
897 5085 969 5165 legi·

186 5181 289 5244 timum
309 5193 375 5258 ast,
394 5194 422 5244 et
438 5185 489 5261 qui
504 5184 619 5247 labores
633 5195 663 5246 et
677 5184 806 5265 pericula
825 5185 971 5264 praetera,

184 5281 207 5344 is
229 5284 359 5348 vicissim
380 5282 506 5350 bonores
524 5285 711 5366 praemiaque
727 5286 886 5368 suscipiat,
906 5286 971 5352 Re·

597 220 601 225 “
657 221 942 303 ronrmcsrus
960 216 1186 285 munus
1206 180 1334 281 saxrr'.

1729 220 1834 309 (sana)

1049 358 1126 441 quio
1144 354 1248 426 Jnria,
1267 356 1326 437 poi
1340 354 1437 418 sentit
1451 355 1620 444 ceraptatis
1632 358 1721 422 libro
1738 361 1794 423 71.
1808 373 1836 425 et

1046 458 1086 520 b.
1106 457 1274 525 secandum
1293 467 1440 519 notcrom
1458 444 1489 538 ff.
1508 476 1552 518 ec.

1087 558 1196 620 Contra
1210 557 1286 619 enim
1302 575 1404 619 rerum
1422 566 1559 618 naturam
1573 558 1681 621 nedum
1693 559 1834 622 rationem

1046 658 1111 723 fleri
1134 660 1299 730 rideretur,
1332 659 1356 719 si
1389 658 1463 738 Regi
1495 657 1697 721 Romanorum
1730 678 1835 740 graves

1047 759 1164 840 lmperii
1186 758 1299 820 labores
1319 768 1349 820 et
1370 759 1469 819 anxias
1489 778 1577 821 curas
1591 758 1787 834 demandari,
1807 772 1835 822 et

1044 855 1176 935 ejusdem
1198 859 1324 920 bonores
1343 868 1374 920 et
1395 859 1501 921 titulos
1527 860 1554 921 ei
1574 859 1714 939 denegari
1733 858 1834 922 debere

1045 958 1214 1020 dixerimus.
1412 1038 1414 1042 .
1450 977 1453 983 ’

1088 1056 1157 1130 Quo
1189 1057 1222 1118 bt
1242 1068 1275 1120 ut
1294 1059 1455 1120 necessario
1486 1057 1720 1133 concludamus,
1740 1059 1834 1139 ipsum

1046 1145 1263 1223 uommorum'
1281 1160 1390 1241 Regem
1423 1161 1559 1222 canonico
1588 1162 1741 1233 electum,
1761 1171 1792 1221 et
1818 1179 1834 1220 a

1048 1260 1156 1323 Sancta
1189 1260 1321 1322 Romana
1349 1259 1481 1322 Ecclesia
1513 1278 1568 1340 pro
1588 1259 1669 1340 Rege
1702 1261 1834 1339 agnitum

1044 1372 1133 1440 atque
1157 1348 1343 1441 susceptum,
1374 1361 1478 1421 ceteris
1510 1360 1643 1421 omuibus
1667 1360 1834 1421 christianis

1048 1462 1180 1544 Regibus
1193 1462 1254 1524 sine
1269 1479 1375 1524 eornm
1390 1457 1501 1537 injuria
1523 1457 1748 1540 praeferendum
1772 1482 1800 1520 s.

1086 1563 1178 1625 Hodie
1193 1548 1264 1623 dum
1278 1563 1366 1623 llissa
1384 1563 1413 1622 iu
1424 1561 1551 1623 Basilica
1566 1559 1670 1622 Sancti
1687 1559 1772 1621 Petri
1786 1577 1834 1622 ce·

1048 1664 1228 1739 lebraretur,
1249 1664 1388 1726 vexillum
1409 1663 1471 1724 sire
1485 1661 1674 1723 standardum
1696 1659 1726 1721 in
1748 1679 1834 1741 supe-

1049 1762 1128 1824 riore
1149 1773 1232 1842 parte
1253 1762 1361 1824 Turris
1380 1761 1476 1837 castri
1497 1761 1598 1823 Sancti
1618 1761 1725 1841 Angeli
1756 1762 1833 1841 posi·

1049 1874 1112 1923 tum
1126 1859 1211 1939 juxta
1226 1861 1353 1943 ligurum
1369 1863 1472 1942 dogali
1490 1862 1626 1923 deorsum
1648 1880 1767 1924 versam
1784 1880 1831 1941 per

1043 1982 1164 2025 murum
1181 1965 1348 2046 pendentem
1361 1965 1528 2045 permansit,
1542 1963 1622 2042 quod
1635 1963 1675 2024 ab
1689 1963 1832 2037 omnibus,

1047 2062 1238 2127 Pontificein
1261 2066 1326 2126 loco
1346 2063 1482 2144 publicae
1502 2063 1709 2125 benedictionis
1728 2063 1830 2142 populo

1044 2164 1239 2239 benedicente,
1252 2165 1345 2226 risum
1360 2176 1411 2226 est
1428 2165 1500 2225 Heri
1511 2150 1577 2226 sero
1594 2163 1724 2243 vesperis
1738 2163 1828 2223 nullas

1043 2266 1245 2345 episcoporum
1286 2264 1485 2327 cardinalium
1518 2264 1653 2326 interluit
1666 2308 1676 2338 ,
1718 2275 1750 2326 et
1781 2263 1828 2325 boc

1043 2383 1128 2427 mane
1150 2367 1254 2427 llissae
1285 2383 1360 2427 unus
1387 2376 1526 2438 tantum,
1547 2365 1685 2427 videlieet
1704 2363 1779 2427 Res.
1798 2364 1826 2424 li.

1043 2465 1206 2527 Cardinulis
1227 2465 1438 2527 Ulixboneusis.

1084 2565 1169 2627 Faria
1191 2578 1317 2645 quarta,
1333 2584 1405 2628 xxa.
1427 2566 1497 2626 dicti
1520 2567 1624 2627 mensis
1648 2566 1740 2640 mail,
1761 2565 1825 2626 Rev.

1043 2665 1073 2726 iu
1095 2665 1212 2728 cbristo
1233 2665 1264 2725 P.
1287 2666 1427 2728 Dominus
1447 2666 1573 2728 Aloisius
1601 2669 1755 2748 episcopus
1782 2664 1825 2725 Pi·

1042 2767 1199 2840 muressis,
1213 2768 1387 2828 coustitutus
1401 2767 1515 2847 Regens
1530 2766 1732 2829 cancellariae
1752 2769 1824 2847 llpo·

1042 2866 1183 2939 stolicae,
1205 2878 1238 2928 ut
1271 2867 1338 2927 talis
1366 2885 1383 2927 a
1415 2866 1646 2948 praesidentibus
1676 2866 1712 2928 de
1739 2866 1823 2927 Pareo

1041 2965 1148 3044 Majori
1169 2978 1304 3049 receptus
1317 2978 1379 3029 est:
1398 2969 1550 3048 signatam
1567 2986 1640 3030 aero
1655 2967 1822 3048 simplicium

1041 3068 1275 3129 commissionum
1286 3078 1316 3129 et
1330 3067 1456 3128 aliarum
1471 3068 1639 3147 perplacet
1650 3068 1822 3146 signatarum

1040 3169 1181 3241 extensio,
1193 3168 1266 3230 Rev.
1284 3168 1314 3229 in
1332 3167 1452 3230 cbristo
1466 3167 1548 3228 Patri
1563 3168 1599 3228 l).
1616 3167 1822 3248 cbristopboro

1041 3268 1076 3330 de
1097 3267 1193 3328 Latua
1211 3272 1304 3331 electo
1326 3267 1511 3329 claudatensi
1532 3277 1577 3330 est
1597 3269 1764 3330 commissa.

1086 3367 1195 3430 Eadem
1210 3368 1267 3441 die,
1289 3367 1362 3430 hora
1383 3385 1440 3436 xx.
1462 3370 1508 3430 rel
1529 3369 1619 3441 circa,
1640 3387 1695 3448 per
1716 3378 1821 3449 portam

1041 3469 1180 3532 viridarii
1202 3469 1389 3531 intraverunt
1410 3480 1538 3546 quatuor
1554 3465 1700 3531 Oratores
1721 3470 1823 3530 lllustr.

1043 3570 1187 3650 Principis
1202 3569 1238 3630 D.
1257 3569 1356 3632 caroli
1370 3569 1508 3630 lobannis
1527 3570 1647 3631 Amadei
1662 3569 1755 3630 Ducis
1773 3568 1822 3630 Sa-

1042 3672 1172 3745 monae,
1185 3671 1315 3732 crusina
1332 3669 1404 3733 uer.
1420 3671 1453 3730 sn
1464 3652 1582 3732 cursa
1596 3668 1630 3729 r.
1650 3668 1688 3729 u.
1702 3668 1821 3730 mrsu

1042 3774 1172 3833 lonaeus
1192 3770 1502 3851 episeopuslliciensis,
1522 3769 1619 3849 lllagg.
1632 3769 1698 3831 Dl).
1719 3768 1822 3829 utrim-

1029 3890 1099 3953 que
1127 3873 1209 3933 luris
1229 3872 1370 3935 Doctores
1392 3871 1543 3952 Philippus
1564 3872 1724 3950 Vagnonus
1745 3871 1821 3931 miles

1040 3972 1178 4051 Ragisler
1194 3972 1296 4034 domus
1311 3972 1379 4034 dicti
1390 3972 1491 4044 Ducis,
1509 3972 1616 4032 Petrus
1630 3971 1666 4033 de
1683 3971 1769 4033 Coria
1782 3968 1822 4050 (ll

1041 4075 1239 4147 consiliarius,
1258 4084 1287 4135 et
1307 4073 1484 4134 collateralis
1499 4069 1630 4148 ejusdem
1643 4071 1737 4132 Ducis
1756 4088 1822 4151 pro·

1041 4183 1184 4246 curator,
1218 4185 1248 4234 et
1279 4172 1351 4234 Rer.
1387 4172 1476 4234 Pater
1509 4172 1651 4233 Dominus
1685 4173 1822 4234 lohannes

1040 4272 1156 4347 0rioli,
1177 4272 1268 4351 quia
1289 4273 1447 4352 praelatis,
1466 4282 1495 4334 et
1513 4272 1631 4333 familiis
1656 4272 1715 4333 SS.
1735 4272 1771 4333 l).
1791 4269 1821 4331 li.

1039 4386 1070 4436 et
1090 4374 1184 4437 Rerr.
1204 4373 1268 4435 DD.
1290 4372 1491 4452 cardinalium
1512 4392 1594 4436 more
1626 4374 1714 4435 solito
1746 4390 1822 4435 rece·

976 4535 984 4567 ι
1040 4476 1100 4557 pti,
1122 4474 1158 4534 ad
1179 4473 1397 4554 hospitiumque
1415 4493 1518 4537 eorum
1538 4474 1737 4550 habitationis,
1752 4472 1821 4552 quod

1039 4584 1103 4636 erat
1123 4575 1153 4635 iu
1174 4575 1293 4652 regiona
1320 4573 1453 4656 Regulus
1470 4571 1555 4651 juxta
1585 4573 1709 4636 manum
1734 4591 1822 4653 quon·

1040 4673 1105 4735 dam
1124 4673 1159 4733 l).
1180 4673 1260 4736 Petri
1272 4674 1307 4736 de
1321 4674 1457 4736 Perreria
1473 4674 1636 4754 semprorts
1654 4673 1821 4754 Apostolict',

1039 4773 1171 4835 associati
1192 4774 1322 4849 luerunt3
1341 4775 1537 4853 equitavimus
1555 4786 1665 4848 nutem,
1687 4775 1821 4856 Magistro

1038 4873 1142 4935 domus
1152 4872 1247 4954 Papae
1268 4874 1309 4936 sic
1330 4877 1453 4950 colente,
1475 4877 1522 4935 ria
1543 4886 1623 4938 recta
1639 4876 1676 4935 ad
1688 4877 1819 4957 &mpun

1037 4975 1155 5049 Florae,
1176 4985 1206 5036 et
1227 4973 1333 5036 ibidem
1350 4975 1434 5053 justa
1464 4977 1584 5039 domurn
1605 4975 1769 5038 cardinalis
1792 4975 1819 5036 da

1077 5231 1113 5292 (t)
1127 5228 1186 5279 tion
1201 5227 1232 5276 ds
1247 5225 1342 5285 Corin,
1359 5226 1491 5280 saccaro
1510 5229 1568 5279 erat
1587 5227 1647 5290 alus
1664 5238 1816 5293 cognomen,

1036 5310 1075 5361 uti
1091 5320 1125 5361 ex
1141 5307 1274 5372 impressa
1289 5305 1420 5359 oratione.
