3758 6030
168 254 232 318 aaa
660 250 949 318 rourrrvonrus
969 244 1195 311 eumenum
1216 244 1344 314 saxrr.
1714 251 1822 340 (tros)

170 391 319 466 dicerent,
339 409 425 474 super
443 407 500 471 qua
517 391 747 472 interrogatione
764 400 863 471 postea
875 387 964 450 verba
1032 385 1100 448 dato
1120 386 1226 467 Papae,
1246 406 1278 451 se
1303 386 1383 448 illios
1402 387 1591 467 propositioni
1618 389 1770 468 opposuit,
1790 399 1822 450 ut

168 512 199 556 se
219 494 369 554 iacturum
384 492 466 555 dista.
930 504 933 509 ·
1030 498 1144 569 tempus
1165 507 1259 570 usque
1279 490 1316 550 ad
1334 488 1498 583 Oramrum
1519 489 1677 576 adveutum
1697 508 1821 570 suspen-

212 592 539 669 sarracenescum
556 590 797 667 decembris,iuit
814 590 963 671 publicum
1032 587 1161 651 deretur.
1182 591 1248 652 lioc
1268 606 1351 652 mane
1371 601 1526 669 antequam
1558 590 1637 671 Papa
1661 608 1748 650 suam
1769 608 1822 651 ea·

168 694 376 758 consistorium
397 695 425 755 in
458 694 544 756 tertia
566 695 633 754 auia
655 691 760 755 Palatii
781 690 965 772 supradicti,
1030 707 1142 751 ιιιιιιιιιι
1162 693 1276 766 exiret,
1297 693 1463 754 convocetis
1483 690 1619 753 omuibus
1650 689 1822 752 cardinali·

170 796 199 856 iu
221 813 283 875 quo
306 805 434 874 quatuor
452 790 594 855 Oratores
616 793 805 865 Venetorum,
819 808 852 853 vr
874 788 964 867 bajus
1031 790 1097 863 bus,
1115 792 1263 854 accercitis
1276 792 1312 852 ad
1325 812 1356 854 se
1370 791 1451 854 nobis
1465 791 1595 854 lobaooe
1607 791 1713 865 blavia,
1729 802 1761 852 et
1779 810 1821 853 me

168 897 304 979 recepti,
328 894 461 958 videlicet
494 895 530 956 D.
551 894 682 956 Marinus
703 892 840 965 Ιιιιοιιιιι,
871 891 964 980 Cbrif·
1030 893 1276 957 caerimoniarum
1302 892 1425 956 Clericis
1437 937 1446 967 ‚
1469 893 1663 972 interrogavit
1690 912 1707 951 a
1731 880 1821 966 nobis,

173 997 304 1061 stotorus
341 993 468 1057 Driodus
494 994 676 1057 Procurator
715 993 814 1055 Sancti
848 991 962 1066 Marci,
1031 991 1101 1072 quid
1123 993 1292 1054 conveniret
1312 991 1376 1054 Don
1400 992 1543 1056 Friderici
1563 994 1710 1074 Principis
1733 993 1820 1055 Ducis

172 1099 283 1160 Paulus
301 1097 436 1170 Duobus,
456 1108 485 1158 et
503 1095 689 1158 Sebastianus
710 1093 878 1155 Duduarius
901 1090 962 1150 mi·
1030 1103 1060 1155 et
1079 1093 1167 1172 Regis
1187 1091 1239 1154 filii
1260 1093 1475 1174 secundogeniti
1494 1095 1652 1175 receptioni
1676 1093 1764 1156 bodie
1788 1095 1820 1154 ad

169 1203 236 1274 les,
259 1200 375 1261 nomiae
397 1198 546 1258 illustriss.
574 1195 691 1258 Domini
710 1194 866 1274 Augustini
886 1193 964 1254 Dar·
1031 1194 1232 1257 consistorium
1251 1214 1307 1275 pro
1326 1194 1488 1257 obedientia
1504 1195 1677 1275 praestanda
1693 1197 1821 1267 venturi,

174 1300 276 1362 badico
298 1297 398 1374 Ducis,
420 1299 585 1378 generalem
600 1297 789 1358 obedientiam
810 1294 964 1376 praestite-
1029 1306 1059 1357 et
1078 1298 1144 1374 quis
1163 1297 1246 1358 locus
1266 1296 1293 1357 ei
1315 1295 1424 1356 dandus
1450 1307 1545 1369 esset,
1568 1297 1642 1357 inter
1675 1294 1820 1357 Cardirm-

168 1413 246 1464 ront.
278 1401 379 1462 bitere
401 1418 489 1478 quam
526 1408 786 1483 praesentaverunt
814 1396 870 1456 luit
890 1394 963 1455 sim·
1030 1397 1071 1459 les
1093 1399 1138 1461 vel
1169 1408 1234 1478 post
1259 1416 1317 1458 eoa.
1350 1397 1496 1478 Respondi
1529 1395 1685 1458 Sanctitati
1721 1395 1821 1471 Suae,

170 1507 257 1586 pler,
290 1513 320 1565 et
356 1500 543 1563 credentialis
579 1499 608 1560 in
646 1516 784 1580 personas
815 1496 962 1557 dictorum
1030 1498 1094 1561 Don
1114 1500 1271 1561 Francisco
1291 1501 1361 1562 alias
1383 1518 1438 1581 pro
1459 1499 1631 1571 obedientia,
1653 1499 1822 1561 lonoceom

147 1661 148 1665 ,
171 1596 298 1685 quatudr
320 1600 498 1676 Oratorum,
519 1602 632 1661 nullam
653 1601 688 1661 de
703 1598 964 1677 obedientiaprae·
1030 1602 1126 1683 Papae
1146 1602 1223 1674 Vlll,
1245 1601 1358 1664 uomina
1382 1601 1453 1662 dieti
1475 1599 1587 1680 Regis,
1607 1596 1696 1675 carjus
1718 1610 1750 1659 ct
1767 1598 1822 1680 ipse

168 1705 269 1766 stando
290 1704 462 1765 mentionem
487 1703 602 1762 iaciens.
626 1699 766 1762 desociati
784 1698 907 1765 suerunt
927 1697 963 1758 da
1030 1700 1108 1763 ilius
1122 1703 1345 1782 quartogenitus
1360 1711 1436 1776 erat,
1459 1703 1644 1782 praestanda,
1663 1700 1725 1762 duo
1746 1701 1820 1762 (hr-

170 1828 262 1891 parva
283 1809 419 1889 cappella
441 1826 494 1888 per
515 1807 645 1886 quinque
670 1804 855 1876 assidentes,
877 1800 962 1863 vide·
1030 1802 1137 1864 dinales
1149 1798 1192 1862 'ad
1209 1802 1362 1865 Camenam
1378 1804 1573 1884 Apostolicam
1592 1820 1686 1881 usque
1706 1801 1820 1863 obviam

170 1911 237 1972 licet
255 1909 515 1991 brchiepiscopum
537 1897 751 1978 cusentinum,
778 1915 807 1966 et
828 1902 963 1965 Tricart-
1031 1902 1132 1965 misam
1157 1904 1266 1975 iubae,
1295 1904 1346 1981 qui
1369 1906 1462 1984 ipsum
1496 1905 1640 1983 usquein
1672 1902 1821 1965 Pontideis

171 2029 296 2084 cenmm,
310 2010 513 2080 Doleuensem,
535 2009 773 2070 vulteranensem
785 2014 814 2064 et
835 2003 963 2063 Alexan·
1030 2004 1220 2083 praesentiam
1236 2002 1418 2065 deduxerunt
1431 2025 1442 2079 3
1460 2017 1615 2086 propterea
1631 2016 1662 2066 et
1680 2002 1749 2082 ejus
1763 2004 1822 2067 beri

170 2110 287 2172 drinum
309 2109 476 2191 Episcopus.
496 2107 623 2188 Proponi
635 2106 771 2180 debebant
784 2104 857 2165 duae
879 2120 963 2164 com·
1003 2119 1007 2125 ¹
1031 2122 1113 2184 posse
1134 2102 1220 2176 idem,
1241 2104 1310 2167 ticet
1330 2105 1427 2166 minus
1442 2107 1659 2179 convenienter,
1682 2108 1755 2184 quia
1773 2125 1822 2186 pro

171 2210 341 2283 missiones,
364 2227 492 2289 quorum
514 2210 639 2289 primam
656 2208 812 2287 proposuit
832 2205 867 2265 D.
890 2205 962 2264 Dol-
1030 2205 1188 2273 obedientia
1221 2205 1392 2287 praestanda
1425 2206 1519 2268 missis
1549 2224 1607 2268 non
1639 2208 1821 2271 emasuevisae

171 2329 261 2374 conus
282 2310 317 2372 dc
341 2309 540 2382 Dalconibus,
560 2309 611 2388 qui
633 2318 748 2368 tantum
778 2317 892 2387 tempus
914 2305 963 2364 di·
994 2317 999 2360 t
1030 2304 1200 2383 bujrrsmodi
1232 2308 1449 2370 associationem
1483 2305 1573 2384 lieri,
1601 2309 1651 2372 sed
1672 2308 1823 2371 dumtaxat

170 2411 339 2493 sponsavit,
361 2411 441 2491 quod
473 2412 589 2471 interim
622 2408 765 2470 Oratores
786 2405 962 2489 praedictis
1030 2430 1085 2489 pro
1104 2411 1168 2470 aliis
1189 2409 1283 2469 musis
1304 2408 1420 2489 Regum
1442 2404 1532 2481 bilis,
1552 2418 1582 2470 et
1597 2409 1715 2489 mugnis
1736 2409 1822 2471 Prin·

171 2498 310 2575 Pontibce
331 2511 441 2592 recepti
462 2510 593 2573 inerunt.
612 2510 657 2573 Ex
678 2529 747 2589 quo,
768 2510 831 2589 ejus
852 2526 964 2588 propo·
1030 2509 1145 2589 cipibus
1159 2507 1330 2587 hujusmodi
1349 2510 1500 2583 observari
1511 2534 1521 2586 3
1544 2510 1641 2589 quoad
1661 2510 1830 2573 secundum'

168 2616 269 2675 sitione
291 2611 393 2685 linita,
415 2613 547 2673 commisi
567 2612 594 2671 id
616 2612 652 2671 D.
672 2612 785 2690 Angelo
800 2610 835 2671 de
856 2608 963 2682 Caesis,
1031 2611 1108 2690 quod
1129 2622 1196 2674 ante
1226 2611 1419 2689 penultimum
1440 2613 1604 2674 Diaconum
1626 2613 1822 2688 cardinalem,

172 2714 224 2792 qui
257 2710 412 2774 secundam
440 2730 603 2793 proponere
629 2712 774 2785 debebat,
800 2711 878 2790 quod
900 2729 963 2772 eam
1031 2712 1163 2774 videlicet
1193 2711 1293 2772 Sancti
1314 2711 1472 2786 Severini,
1502 2714 1641 2776 locandus
1672 2726 1758 2777 esset.
1779 2715 1821 2778 td

172 2835 228 2896 pro
248 2815 305 2875 alia
326 2813 374 2875 die
406 2821 618 2880 conservaret,
651 2823 743 2892 prout
774 2813 885 2872 iactum
910 2823 963 2872 est.
1031 2813 1108 2894 quod
1129 2814 1260 2877 similiter
1291 2813 1429 2877 Sanctiss.
1451 2814 1591 2876 Dominus
1612 2814 1721 2877 Noster
1744 2815 1820 2896 Papa

173 2915 343 2977 Orationem
357 2913 426 2974 tecit
438 2913 474 2974 D.
490 2912 676 2973 Sebastianus
690 2914 857 2974 badavarius
876 2914 964 2975 aetati
1031 2916 1111 2990 dixit,
1132 2916 1294 2997 praelamm
1316 2915 1381 2977 Don
1401 2916 1600 2990 Fridericum,
1619 2936 1672 2998 per
1705 2918 1741 2978 D.
1763 2918 1820 2978 dr·

172 3011 241 3078 suaa
268 3013 494 3078 convenientem.
516 3012 615 3076 Finito
642 3017 815 3077 consistorio
841 3015 876 3076 D.
899 3015 965 3077 ltta-
1031 3019 1249 3099 cbiepisoopum
1268 3018 1362 3079 almae
1383 3016 1726 3081 UrbisGubernatorem
1748 3019 1822 3079 San·

175 3119 257 3179 rinus
305 3115 419 3178 Deonm
452 3114 582 3196 portavit
620 3115 750 3177 fimbrias
786 3119 965 3198 posteriores
1031 3119 1125 3180 ctitati
1157 3117 1236 3178 Suae
1267 3134 1511 3181 commemorasse
1536 3137 1566 3179 se
1597 3119 1670 3179 alias
1693 3128 1820 3198 tempore

172 3218 308 3300 pluvialis
329 3217 448 3298 Papae,
469 3228 499 3279 et
520 3217 576 3279 alia
598 3236 681 3279 more
702 3219 789 3278 solito
810 3217 964 3280 observata
1030 3220 1123 3284 ielicis
1144 3220 1370 3282 reminiscentiae
1390 3219 1426 3279 D.
1445 3219 1532 3280 Pauli
1556 3238 1594 3292 ιι,
1608 3228 1679 3282 cum
1694 3224 1723 3291 in
1736 3220 1819 3284 Urbe

178 3331 255 3380 sunt.
1030 3323 1157 3394 suisset,
1180 3324 1278 3383 locum
1300 3321 1434 3383 babuisse
1455 3332 1521 3384 ante
1542 3321 1632 3384 bonae
1666 3323 1820 3384 memoriae

215 3418 302 3482 Feria
319 3432 420 3495 sexta,
449 3422 523 3482 testo
555 3420 657 3486 Sancti
680 3421 811 3484 'Pbomae
832 3420 964 3504 Apostoli
1008 3425 1214 3489 'cardinalem
1247 3424 1461 3497 Mantuanum,
1482 3435 1552 3486 tunc
1567 3424 1724 3485 'ultimum
1754 3425 1819 3485 Dia·

174 3540 242 3585 xxi.
263 3521 439 3596 decembris,
459 3523 514 3583 tuit
536 3524 687 3603 publicum
710 3523 914 3584 consistorium
935 3524 964 3583 in
1030 3545 1136 3588 conum
1147 3523 1341 3586 cardinalem.
1352 3524 1601 3603 Perscrutataque
1615 3543 1706 3604 super
1717 3521 1820 3601 barjoa-

176 3624 270 3705 prima
289 3624 358 3684 aula
392 3623 491 3703 palatii
509 3624 687 3703 supradicti,
709 3625 777 3703 quia
797 3625 837 3684 sic
852 3623 964 3704 placuit
1031 3628 1109 3689 modi
1130 3626 1400 3705 meassresponsiooe
1420 3636 1464 3687 est
1495 3625 1642 3686 Sanctitas
1664 3626 1729 3686 Sua
1750 3632 1820 3688 (lar-

176 3723 330 3807 Pontifici,
363 3724 431 3785 licet
460 3725 569 3804 pluries
601 3724 646 3783 bis
679 3723 779 3785 diebus
810 3714 965 3784 Sanctitati
1031 3728 1172 3789 dinatium
1204 3725 1335 3786 omnium
1357 3725 1546 3788 sanctitatem
1573 3726 1666 3788 Suam
1693 3728 1820 3789 eircum-

176 3825 254 3888 Suae
275 3824 396 3886 dixerim
416 3824 445 3884 id
473 3834 594 3905 propter
615 3823 689 3883 tanti
711 3823 840 3904 Apostoli
860 3822 963 3885 lestum
1029 3829 1169 3890 mantiam
1184 3837 1272 3898 vota,
1294 3827 1377 3887 nobis
1398 3828 1426 3886 in
1442 3827 1536 3889 medio
1558 3829 1633 3890 inter
1651 3847 1705 3890 cos
1724 3847 1818 3890 coram

179 3944 237 3988 non
258 3926 435 3999 convenire,
455 3925 504 3986 scd
526 3929 623 4007 potius
644 3925 726 3997 beri,
749 3925 883 4012 velares
902 3922 964 3986 deri
1031 3929 1192 3991 Sanctitate
1207 3926 1267 3988 Sua
1282 3926 1448 4007 geoudexis.
1461 3927 1635 3988 llermDD.
1649 3927 1753 3988 Sancti
1765 3931 1819 3989 Aa·

79 4019 81 4025 ’
177 4027 315 4107 potuisse.
336 4025 443 4088 Parata
461 4027 517 4089 tuit
536 4027 663 4090 secunda
687 4028 754 4087 aula
772 4035 838 4089 ante
858 4026 965 4088 Came·
1031 4031 1112 4110 geli,
1134 4027 1166 4089 S.
1193 4027 1374 4101 Anastasius,
1393 4027 1602 4099 Camerarius,
1622 4037 1652 4089 et
1684 4029 1820 4090 Ascanius

174 4146 240 4188 ram
261 4129 457 4207 Apostolicam
489 4147 558 4189 curn
579 4129 702 4208 pannis,
721 4139 751 4189 et
772 4128 848 4208 ignis
880 4129 909 4189 in
930 4147 964 4189 ca
1030 4131 1059 4191 in
1079 4127 1228 4190 suisvotis
1247 4140 1379 4207 expresse
1394 4127 1529 4189 dixerunt
1547 4128 1748 4190 serecordari
1763 4129 1819 4190 Doa

175 4246 316 4289 aecensus
328 4250 338 4301 3
366 4229 569 4290 consistorium
603 4229 659 4290 boc
682 4229 814 4290 babilam
836 4239 877 4290 est
909 4248 965 4310 pro
1029 4231 1219 4292 Franciscum
1234 4228 1304 4289 dicti
1323 4227 1387 4288 Don
1403 4227 1548 4289 {ulderici
1564 4247 1744 4308 germanum
1764 4239 1821 4311 post

173 4327 333 4389 obedientia
353 4347 406 4407 per
425 4326 567 4390 Oratores
582 4329 763 4391 Serenisaimi
783 4329 873 4409 Regis
886 4330 963 4393 Fer·
1029 4349 1131 4393 omnes
1162 4329 1308 4389 Diaconos
1336 4327 1505 4390 cardinales
1536 4329 1635 4390 locum
1669 4328 1819 4403 babuisse;

171 4426 287 4487 diuandi
299 4424 479 4505 Neapolitani
493 4427 581 4508 liegis
596 4430 777 4509 praestanda.
792 4429 961 4512 Propositae
1030 4432 1110 4511 qaod
1142 4431 1210 4492 licet
1241 4429 1315 4489 milti
1338 4429 1488 4490 rideretur
1520 4449 1704 4505 erroneum,
1731 4443 1819 4493 tamen

171 4527 291 4589 leserunt
325 4537 385 4588 tres
406 4531 627 4591 commissiones.
650 4530 780 4592 Primam
811 4533 963 4613 proposuit
1028 4531 1067 4592 ad
1088 4532 1145 4591 boc
1167 4529 1238 4590 nibil
1260 4529 1404 4609 respondi.
1425 4530 1622 4607 lnterlocutus
1648 4541 1747 4596 tamen
1773 4533 1820 4602 iai,

173 4628 209 4689 D.
240 4629 370 4709 Angelus
390 4627 426 4689 de
446 4630 566 4705 Caesis,
586 4631 741 4692 mcuudom
762 4631 799 4691 D.
820 4628 963 4693 Octavia·
1030 4634 1115 4694 illum
1137 4632 1394 4711 qrrartogenitum,
1417 4631 1497 4692 bunc
1518 4642 1617 4693 autem
1643 4634 1821 4713 secundoge-

173 4747 228 4790 nus
250 4729 432 4803 Suessanas,
453 4731 569 4792 tertiam
591 4731 627 4791 D.
650 4732 760 4792 Paulus
780 4731 911 4807 Planca3
933 4744 962 4794 et
1030 4734 1125 4795 nitum
1154 4752 1236 4806 esse,
1269 4742 1299 4794 et
1331 4743 1486 4814 propterea
1507 4734 1583 4797 inter
1618 4754 1669 4796 eos
1689 4753 1820 4816 magmm

175 4831 243 4908 quia
266 4826 408 4892 Oratores
428 4842 494 4910 post
512 4828 599 4892 finem
622 4833 724 4894 tertiae
756 4832 963 4893 commissionis
1030 4834 1228 4896 differentiam.
1266 4835 1464 4915 interrogavit
1495 4835 1722 4914 interloquendo
1754 4836 1820 4897 liev.

173 4930 301 4992 nondum
320 4919 480 5005 venerant,
503 4931 538 4993 de
560 4931 694 4993 mandato
715 4931 769 4993 SS.
793 4932 828 4993 D.
853 4929 887 4992 li.
911 4951 961 4993 as·
1029 4934 1065 4995 D.
1089 4933 1248 5006 Ascanius,
1278 4936 1345 5012 quis
1364 4931 1477 5011 major,
1497 4952 1534 4995 aa
1566 4935 1631 4997 Doo
1652 4936 1821 5000 liridericus

172 5034 293 5094 serentis
313 5032 403 5113 ipsam
426 5034 543 5093 tertiam
575 5033 790 5094 commisiooem
822 5052 883 5094 esse
904 5034 962 5092 im·
1031 5036 1163 5098 val'Dux
1183 5034 1350 5096 Mediolani.
1373 5034 1519 5116 Respondi
1545 5036 1610 5097 Don
1634 5037 1820 5099 Fridericum

178 5131 351 5212 portantiae,
372 5142 400 5193 et
422 5129 485 5209 ejus
500 5133 689 5194 substantiam
709 5152 766 5194 non
785 5133 855 5195 bene
876 5134 963 5195 intel·
1029 5137 1115 5215 louge
1134 5132 1276 5211 majorem
1291 5153 1353 5196 esse
1366 5134 1445 5216 apud
1463 5138 1710 5210 comessandum
1727 5151 1821 5200 nostre

174 5231 284 5305 lesisse,
298 5233 334 5293 D.
351 5232 460 5293 Paulus
481 5235 584 5295 iterata
606 5236 669 5296 vice
690 5233 780 5314 ipsam
802 5234 960 5310 recitavit,
1029 5236 1262 5309 caerimonialia,
1290 5235 1373 5297 Duce
1402 5236 1575 5312 Mediolani,
1604 5241 1748 5318 quoniam
1768 5254 1819 5301 troo

175 5352 209 5394 ac
238 5332 274 5394 l).
296 5334 459 5396 Coronatus
479 5345 562 5413 pater
584 5355 656 5397 suras
669 5381 678 5412 ,
701 5336 786 5399 ctiam
808 5338 842 5399 de
875 5355 960 5398 man·
1029 5340 1122 5401 solum
1142 5337 1224 5400 Duce
1256 5336 1426 5411 Mediolani,
1459 5337 1508 5399 sed
1527 5337 1615 5400 etiam
1645 5340 1818 5422 electoribus
