3758 6030
81 204 194 289 (asos)

81 340 207 402 Secundi
229 338 348 402 Siciliae
366 351 421 402 etc.
436 340 526 420 Regis
540 341 597 402 hoc
613 342 725 404 ordine.
743 342 815 405 Der.
834 342 870 402 D.

81 443 234 505 cardinale
245 442 456 521 binatisrepalis
470 442 580 523 Legata
592 446 752 524 apostolico
766 463 873 525 supre-

82 542 160 603 dicto
173 553 202 603 et
213 542 293 622 Rege
304 545 482 606 serenissimo
498 545 526 605 ia
542 545 666 624 quadam
682 564 797 607 cornera
813 545 873 607 Cu·

81 645 136 703 stri
156 646 224 704 aori
248 643 364 723 Neapoli
381 645 409 704 ia
425 645 538 706 duabus
556 647 670 708 sedibus
688 646 872 721 sedentibus,

81 754 112 804 et
132 744 205 804 iuter
226 746 300 823 ipsos
322 748 378 806 ulia
393 756 422 805 et
442 746 479 806 ad
495 749 639 807 sinistrum
655 747 744 827 Regis
763 759 870 825 quarta

81 844 221 904 similibus
234 846 348 906 sedibus
364 848 466 918 canis,
483 849 561 908 venit
578 847 802 928 praelatusDoa
816 851 871 911 Jo-

81 943 182 1004 lredus
203 963 220 1003 a
247 945 346 1024 paucis
367 944 518 1007 Nobilibus
539 950 717 1021 associatus,
739 961 768 1009 et
797 951 871 1012 sedit

80 1044 118 1103 ad
137 1046 283 1106 sinistrum
306 1045 393 1125 Regis
404 1068 414 1119 3
436 1066 541 1127 parum
563 1060 630 1129 post
665 1051 743 1110 reait
764 1049 869 1111 Saucia

35 1150 37 1166 ¹
79 1145 227 1224 praedicta
242 1164 293 1226 per
310 1148 457 1208 illustriss.
477 1148 512 1208 D.
532 1150 718 1211 Fridericum
740 1151 775 1212 de
790 1153 869 1212 hru-

79 1234 164 1322 gonia
186 1245 306 1306 fratrem
327 1246 452 1328 Regisa
484 1250 610 1311 sinistris
630 1252 730 1312 eodem
758 1251 867 1326 ducta,

78 1356 107 1405 et
128 1363 189 1406 xis.
214 1349 258 1408 sel
281 1348 360 1408 circu
380 1324 551 1412 mulieribus
571 1357 632 1412 sire
654 1353 794 1414 matronis
816 1372 868 1412 as·

77 1448 197 1518 sociata,
209 1465 282 1525 quae
299 1451 392 1509 locata
410 1450 468 1510 luit
481 1453 555 1512 iater
569 1451 713 1532 [segetum
729 1473 744 1512 s
761 1453 868 1514 destris

77 1558 107 1609 et
127 1547 237 1625 Regem
260 1560 370 1627 patrem
394 1569 481 1610 suum
502 1539 680 1627 asiaistris3
704 1554 808 1632 quibus
825 1555 866 1613 sic

77 1645 263 1720 sedentibus,
286 1650 362 1710 venit
383 1649 419 1710 R.
444 1650 477 1712 P.
498 1651 535 1712 D.
556 1652 693 1714 Julianus
714 1656 878 1733 episcopus-

78 1747 244 1828 Tropieasis
272 1750 412 1829 praedicti
445 1751 568 1814 Sereais.
601 1754 688 1834 Regis
719 1756 866 1836 cappella·

77 1867 132 1910 aas
144 1847 252 1927 major,
263 1853 384 1924 amictu,
396 1853 471 1927 albu,
484 1855 615 1936 cingulo,
630 1858 714 1929 stola,
727 1867 757 1916 et
778 1856 865 1918 mitra

78 1953 218 2028 preciosis
244 1965 375 2031 paratus,
397 1958 527 2035 cappello
549 1975 611 2029 suo,
633 1958 864 2037 superpelliceo,

78 2062 107 2112 et
130 2054 249 2131 pluviali
272 2055 399 2126 indutus,
413 2067 479 2116 unte
494 2057 587 2136 ipsum
609 2057 746 2118 baculum
764 2069 863 2136 pasto·

76 2155 168 2214 sulem
190 2153 342 2227 deferens,
375 2158 425 2234 qai
456 2176 557 2217 coram
592 2156 704 2237 Legata
736 2170 765 2218 et
785 2157 864 2237 Rege

76 2256 271 2328 consumtus,
292 2255 418 2334 deposita
440 2258 529 2317 mitra
543 2277 598 2338 pro
613 2258 773 2319 reverentia
796 2259 864 2338 ipsis

77 2354 220 2428 iacienda,
251 2358 279 2415 ia
310 2368 418 2417 terram
441 2359 605 2437 genuflexit.
639 2360 715 2421 Tam
748 2372 864 2440 accepta

76 2457 162 2515 aritra
178 2457 247 2518 dixit
267 2477 387 2537 sponsae
400 2479 407 2518 :
420 2460 472 2522 ill.
484 2461 643 2522 Meduana
660 2462 791 2537 Soneio,
807 2481 864 2524 uo·

77 2558 139 2619 lete
161 2559 213 2621 uui
225 2561 368 2643 piplicre
387 2581 446 2642 per
467 2575 574 2625 vostro
596 2566 751 2647 lepittimo
772 2584 864 2645 sposo

74 2657 324 2720 l'lllssstrissimo
338 2661 406 2743 Sip.
419 2661 491 2724 Dua
502 2662 659 2746 lanfredo
669 2665 793 2748 Borpia
807 2669 864 2746 qui

70 2770 229 2837 presente3
251 2761 287 2819 ad
311 2779 384 2839 quae
408 2762 496 2823 rerba
518 2765 664 2844 respondit
684 2766 744 2826 sinc
762 2784 862 2827 mora:

73 2862 194 2943 uoplio.
208 2860 274 2930 Quo
290 2863 366 2923 iacto
381 2863 455 2924 idem
471 2866 631 2943 episcopus,
648 2864 684 2924 ad
698 2866 795 2925 virum
813 2885 863 2927 re·

75 2946 189 3034 versus,
211 2962 298 3023 dixit:
314 2965 537 3026 illustrissimo
550 2965 618 3047 Sip.
633 2964 789 3047 lanfredo
805 2987 864 3029 uo·

74 3062 136 3122 dcte
152 3064 206 3125 uos'
223 3065 364 3146 pipliure
383 3077 570 3144 pernostra
591 3067 749 3148 lepitts'mu
770 3084 864 3147 sposa

73 3175 104 3224 ct
124 3166 277 3246 mopliero
295 3165 319 3225 l'
330 3165 556 3228 illustrissimo
568 3167 725 3229 diodorum
741 3167 862 3230 Soncs'c

73 3268 113 3326 dc
124 3267 287 3349 Arupons'u
299 3268 356 3347 qui
365 3277 521 3345 presente3
539 3267 575 3326 acl
588 3285 662 3345 quae
674 3268 763 3329 verba
775 3270 862 3328 etiam

72 3369 133 3446 ipse
156 3367 302 3447 respondit
323 3369 382 3428 sine
401 3386 499 3429 saara:
511 3370 627 3450 uoplio.
642 3368 687 3428 Es
703 3380 772 3440 turso
787 3369 861 3432 idem

71 3468 140 3529 Dua
161 3468 297 3530 Jul'redus
319 3469 438 3528 accessit
458 3468 495 3526 ad
520 3487 674 3547 sponsam,
695 3481 724 3530 et
741 3469 862 3550 Episco-

72 3588 155 3650 pus,
187 3580 303 3649 aceepta
333 3588 419 3630 suarm
441 3569 556 3631 dextera
578 3569 700 3632 Sanciae
721 3589 863 3651 sponsae,

73 3671 225 3751 conjunxit
244 3689 307 3731 eum
329 3671 462 3732 dexterae
483 3690 570 3732 manu
592 3670 723 3746 dulcedi,
737 3724 740 3731 .
756 3683 785 3736 et
813 3675 860 3734 al-

75 3785 141 3834 tero
162 3774 283 3832 alterius
305 3791 421 3832 manum
442 3774 485 3834 sic
508 3773 684 3848 tenentibus,
711 3775 769 3855 ipse
790 3775 862 3856 Epi·

73 3892 182 3954 scopus
216 3873 287 3932 dixit
322 3884 381 3933 tres
414 3874 579 3948 orationes,
614 3876 746 3939 videlicet
776 3876 862 3940 Desss

69 3976 248 4050 chrouas,
259 3975 448 4061 Deusdsauc
458 3988 513 4037 etc.
528 3979 693 4039 benedicat
706 3997 761 4040 uos
776 3979 861 4041 Deus
889 4008 897 4030 ι

68 4086 126 4140 etc.
138 4077 270 4157 Respice
285 4097 471 4157 pascesuarus
486 4077 620 4139 Durriae
638 4089 694 4139 etc.
715 4081 744 4139 iu
760 4080 861 4140 ordine

68 4177 246 4256 sponsalium
269 4177 375 4262 positas
386 4199 396 4249 3
429 4164 533 4255 quibus
555 4178 696 4252 recitatis,
716 4180 859 4259 producto

67 4299 158 4358 super
176 4291 300 4356 atroque
314 4278 396 4355 signo
412 4280 521 4352 crucis,
535 4282 671 4353 recessit,
685 4281 763 4342 iactu
778 4282 859 4361 prius

68 4378 193 4458 Legata,
215 4390 245 4440 et
265 4378 348 4456 Regi,
372 4389 404 4438 ut
425 4380 517 4458 prius,
540 4383 709 4442 racematio.
730 4383 857 4443 Anulum

68 4501 189 4562 sponsae
212 4500 267 4542 noa
289 4483 435 4561 imposuit,
451 4483 519 4560 quia
539 4482 651 4544 dicebat
673 4484 858 4546 consuetudi-

68 4601 136 4645 nem
161 4582 379 4663 Neapolitanum
402 4584 522 4644 anulum
546 4585 575 4644 ia
597 4584 691 4645 calais
712 4584 859 4648 Ecclesiae

66 4697 136 4747 ante
160 4683 410 4746 iatroalcntionem
429 4690 534 4765 sponsi,
555 4695 584 4745 et
601 4703 719 4758 sponsae
738 4687 857 4765 imponi,

72 4802 134 4846 noa
159 4785 392 4846 modoflissic
414 4789 559 4865 peractis,
582 4787 699 4865 quidem
722 4787 857 4850 Notarius

67 4885 275 4967 Neapolitanus
297 4896 482 4948 contractum
501 4889 675 4949 matrimonii
690 4886 856 4965 hujusmodi

67 5001 200 5068 tempore
221 4991 317 5050 clarae
351 4990 507 5064 memoriae
532 4989 708 5050 Ferdlnaadi
742 4989 857 5052 Siciliae

67 5090 158 5170 Regis
179 5093 366 5170 stipulatum,
387 5090 502 5170 publice
525 5092 615 5170 legit3
638 5089 724 5168 eujus
745 5092 855 5171 copiam

66 5194 105 5254 D.
140 5193 304 5272 Stephanus
336 5192 370 5254 de
406 5190 514 5253 Narnia
547 5191 685 5254 Notarius
716 5193 855 5256 Gamerae

65 5295 248 5375 bpoaottcce
269 5294 298 5356 ia
320 5294 454 5356 matribus
472 5292 589 5375 habeas,
609 5294 763 5375 diligenter
785 5312 855 5356 cum

549 201 833 269 constatuimus
855 200 1080 264 aaaxtnunt
1098 201 1223 264 SEXTl.

1663 203 1724 266 eut

940 342 998 403 alio
1018 340 1177 420 originali,
1200 339 1279 419 quod
1301 339 1394 402 dietus
1409 338 1612 420 Neapolitanus
1632 339 1725 402 Ilota-

939 443 1001 502 rius
1020 442 1143 522 legebat,
1163 441 1346 501 auscultabat
1356 463 1367 514 3
1390 442 1419 502 in
1440 460 1499 519 quo
1520 442 1634 522 quidem
1655 460 1726 503 con·

939 553 1037 605 tractu
1067 545 1140 604 inter
1162 544 1217 603 alia
1236 542 1313 603 dieto
1333 542 1398 603 Don
1419 543 1536 604 dolrada
1566 536 1725 624 promietc·

937 642 1044 704 bantur
1060 643 1248 722 principatus·
1259 662 1329 715 ses,
1350 655 1380 704 et
1400 645 1563 717 comitatus,
1579 656 1725 722 quatuor-

936 746 1027 804 miliiu
1049 745 1225 805 ducatorum
1256 744 1378 823 singulis
1399 744 1481 804 aunis
1502 743 1672 818 iniereatia3
1694 756 1723 807 et

938 844 966 904 ia
992 864 1028 904 eo
1049 844 1272 917 continebatur,
1304 844 1383 922 quod
1415 847 1473 925 ipse
1494 845 1557 905 Dou
1588 845 1723 908 Jolredus

937 945 1010 1004 inira
1032 963 1140 1005 annum
1163 945 1325 1023 quindecim
1358 946 1451 1006 millia
1473 946 1672 1022 ducatorum,
1693 959 1723 1009 et

933 1043 1040 1122 jocalia
1058 1046 1165 1107 valoris
1179 1046 1276 1106 decem
1294 1047 1416 1106 millium
1430 1047 1619 1122 ducatorum,
1636 1066 1725 1129 spon·

896 1142 899 1145 ’
935 1167 982 1210 sac
998 1148 1112 1210 tradere
1126 1147 1243 1213 deberet
1249 1169 1260 1220 3
1275 1146 1326 1225 qui
1342 1159 1507 1209 contractus
1518 1148 1573 1209 luit
1594 1148 1628 1210 de
1644 1142 1721 1209 novo

936 1251 1009 1310 inter
1032 1261 1128 1330 partes
1162 1249 1324 1329 praedictas
1345 1250 1513 1328 stipulatus,
1545 1262 1574 1310 et
1593 1251 1718 1330 stipulu-

935 1352 1039 1415 [ionem
1057 1346 1223 1427 hujusmodi
1242 1350 1278 1409 D.
1296 1349 1459 1429 Stephanus
1474 1361 1502 1410 et
1517 1351 1592 1412 alius
1607 1349 1720 1411 Notarii

934 1452 1093 1532 supradicti
1116 1451 1221 1530 rogati.
1245 1448 1312 1520 Quo
1327 1462 1456 1530 peraeto,
1472 1463 1640 1530 apportatas
1653 1452 1723 1514 sue·

933 1563 1003 1613 runt
1024 1564 1152 1632 quatuor
1173 1552 1265 1632 petiae
1288 1552 1420 1613 brochati
1451 1552 1635 1614 diversorum
1668 1572 1724 1615 co·

933 1655 1030 1714 iorum
1053 1652 1275 1733 pulcherrimae,
1290 1664 1319 1713 et
1334 1654 1487 1714 nonnullae
1508 1654 1579 1714 aliae
1600 1654 1635 1716 dc
1657 1655 1722 1714 vci-

932 1754 995 1815 luto
1015 1765 1071 1814 ete.
1091 1763 1121 1814 et
1141 1763 1201 1814 tres
1222 1756 1350 1814 collanae
1372 1772 1476 1815 aureae
1499 1772 1565 1815 cum
1594 1753 1718 1815 dirersis

930 1859 1073 1934 gemmis,
1095 1867 1123 1916 et
1145 1856 1255 1934 perlis,
1277 1856 1417 1928 monilia,
1450 1857 1535 1916 multi
1566 1857 1665 1915 aansrll
1687 1869 1718 1917 et

929 1958 986 2016 alia
1007 1953 1178 2033 hujusmodi
1210 1969 1378 2016 ornamenta
1404 1941 1556 2017 muliebria
1589 1956 1721 2031 valoris,

931 2067 965 2117 ut
975 2075 993 2115 a
1004 2057 1258 2118 circumstantibus
1271 2058 1498 2131 estimabantur,
1513 2067 1580 2118 octo
1594 2057 1721 2119 millium

930 2156 1132 2232 ducatorum,
1153 2159 1199 2218 vel
1234 2157 1313 2218 circa
1324 2178 1335 2230 3
1364 2176 1454 2236 quae
1471 2159 1569 2219 omnia
1600 2157 1721 2219 luerunt

928 2279 1045 2340 sponsae
1057 2259 1160 2320 donata
1172 2278 1226 2339 pro
1242 2269 1324 2338 parte
1338 2253 1405 2320 Donv
1418 2258 1526 2319 Jolredi
1543 2258 1696 2338 praedicti.

970 2359 1100 2421 Recessit
1121 2359 1219 2420 deinde
1238 2379 1356 2440 sponsa,
1384 2380 1400 2418 a
1422 2359 1487 2418 Dua
1516 2359 1668 2421 Frideriuo
1685 2369 1719 2419 et

929 2463 989 2521 suis
1009 2461 1187 2521 Dominahus
1209 2479 1277 2521 cum
1299 2460 1405 2537 quibus
1422 2471 1552 2530 venerat,
1566 2459 1718 2534 associata,

929 2573 958 2622 et
992 2562 1076 2622 rediit
1109 2563 1145 2621 ad
1178 2562 1381 2623 habitationem
1416 2579 1498 2622 suurn
1524 2606 1534 2635 ,
1567 2578 1655 2639 quam
1688 2560 1717 2622 iu

930 2661 1008 2722 dicto
1029 2661 1134 2723 Castro
1163 2661 1296 2722 habebat.
1328 2659 1455 2740 negatus
1475 2660 1560 2723 etiam
1582 2658 1716 2720 adstatim

929 2774 994 2842 post
1015 2781 1078 2822 earn
1110 2764 1248 2836 recessit,
1271 2781 1288 2822 a
1323 2762 1403 2842 Rege
1425 2762 1574 2841 usquead
1598 2762 1715 2843 planum

929 2863 1024 2922 Castri
1043 2862 1080 2921 ad
1100 2865 1208 2923 mulam
1234 2881 1316 2922 suum
1336 2864 1517 2936 associatus3
1544 2873 1573 2923 et
1602 2861 1641 2922 ad
1662 2881 1718 2942 pa-

928 2964 1030 3023 latium
1063 2962 1223 3042 episcopale
1244 2963 1426 3023 habitationis
1458 2983 1527 3025 suae
1557 2964 1713 3042 equitavit.

928 3062 1126 3124 luterluernut
1148 3069 1244 3124 autem
1264 3063 1427 3142 praemissis
1448 3064 1569 3143 praelati
1597 3065 1715 3125 circiter

928 3164 1024 3226 decem
1044 3177 1073 3225 et
1096 3166 1224 3227 barones
1249 3167 1366 3226 circiter
1388 3183 1467 3227 xxv.
1493 3177 1522 3227 et
1553 3167 1602 3226 ulii
1633 3169 1718 3244 pauci

928 3264 1082 3338 Oratores,
1097 3266 1231 3345 praelatis
1246 3266 1379 3346 demptis,
1398 3267 1448 3345 qui
1469 3266 1499 3326 ia
1520 3284 1580 3327 urso
1600 3285 1717 3329 scamno

927 3366 1077 3439 sedebant,
1099 3378 1214 3428 stantes.

967 3465 1076 3528 Eadem
1114 3466 1160 3528 die,
1191 3467 1320 3528 intimata
1351 3466 1407 3527 luit
1439 3464 1559 3547 singulis
1592 3463 1717 3527 Archio-

926 3567 1068 3647 piscopis‚
1100 3578 1129 3629 et
1160 3567 1300 3648 episcopis
1321 3567 1350 3628 ia
1382 3566 1497 3628 civitate
1519 3564 1713 3645 Neapolitana

926 3668 1108 3730 existentibus
1123 3667 1183 3728 dies
1199 3669 1394 3729 coronationis
1413 3667 1518 3746 Regis,
1536 3675 1565 3726 et
1587 3664 1666 3745 quod
1686 3667 1715 3727 iu

927 3789 959 3832 ea
979 3769 1087 3831 iactari
1106 3780 1220 3841 esseut,
1239 3788 1291 3849 per
1310 3769 1441 3831 cedulam
1461 3766 1651 3828 continentiae
1673 3776 1716 3828 te-

926 3873 1004 3935 noris
1025 3872 1231 3952 subsequentis.

949 4000 954 4010 ·
968 3998 985 4030 ι
998 3974 1150 4037 intimetur
1163 3972 1295 4034 omnibus
1306 3982 1336 4032 et
1346 3967 1714 4050 singulam-ehreptscopts,
1818 4051 1821 4057 ἢ

924 4087 954 4137 et
972 4066 1112 4157 episcopis
1132 4076 1180 4135 hie
1201 4076 1229 4135 ia
1248 4075 1367 4135 civitate
1385 4072 1569 4153 Neapolitana
1592 4072 1714 4132 existen-

925 4176 1002 4236 tibus
1034 4176 1113 4255 quod
1132 4178 1258 4237 crastina
1279 4175 1347 4250 die,
1365 4187 1467 4236 octava
1499 4171 1591 4250 hujus
1608 4173 1713 4234 mensis

925 4278 1015 4350 maii,
1041 4297 1097 4356 qua
1119 4279 1176 4339 erit
1207 4278 1312 4338 lectum
1342 4276 1521 4337 ascensionis
1551 4273 1714 4335 stairnons

925 4381 1015 4441 austri
1034 4380 1105 4441 lesu
1123 4379 1245 4452 Christi,
1265 4377 1469 4440 Sereaissiaaus
1488 4375 1652 4456 tiphonsus
1674 4374 1711 4434 de

923 4483 1070 4562 Aragoaia
1090 4481 1233 4542 secundus
1253 4480 1367 4541 Siciliae
1381 4490 1435 4541 etc.
1455 4479 1528 4550 Rex,
1544 4478 1573 4539 in
1590 4476 1711 4537 ecclesia

923 4581 1110 4663 Neapolitana
1129 4601 1181 4662 per
1201 4580 1273 4642 Res.
1293 4580 1329 4640 D.
1347 4578 1490 4659 legatum
1509 4577 1710 4658 Apostolicum

923 4685 1133 4758 coronabitur,
1160 4694 1313 4763 propterea
1341 4682 1434 4744 ‘vellat
1451 4699 1510 4742 esse
1540 4679 1613 4739 horu
1633 4677 1710 4736 iuter

922 4805 970 4849 ιι.
983 4799 1012 4849 et
1027 4805 1088 4848 xrs.
1105 4788 1133 4846 ia
1152 4787 1259 4866 palatio
1274 4783 1512 4864 archiepiscopali
1528 4782 1711 4862 neapolitano

921 4887 1091 4950 residentiae
1109 4883 1238 4963 ejsrsdem
1265 4886 1338 4947 Ber.
1364 4885 1402 4944 D.
1419 4882 1532 4963 Legati.
1556 4881 1623 4945 lade
1642 4898 1711 4943 cum

920 4988 1019 5050 eodem
1041 4987 1077 5048 ad
1097 4989 1248 5050 ecclesiam
1271 4985 1449 5066 praedictam
1472 4986 1564 5058 ituri,
1593 4996 1622 5046 et
1657 4985 1712 5045 ibi-

921 5090 984 5153 dem
1006 5070 1172 5171 parameata
1204 5085 1408 5161 Pontificalia,
1431 5104 1504 5165 quae
1534 5085 1587 5145 sibi
1609 5086 1709 5167 dispo-

920 5201 1009 5265 nent,
1042 5202 1070 5254 et
1101 5191 1155 5252 sibi
1184 5186 1281 5250 afferri
1303 5187 1432 5260 saciant,
1461 5186 1493 5246 in
1525 5185 1598 5247 locis
1614 5228 1625 5260 ,
1647 5186 1710 5248 sire

918 5292 1042 5355 momnis
1061 5311 1116 5374 pro
1130 5292 1170 5355 eis
1190 5290 1301 5373 paratis
1313 5289 1472 5370 recepturi,
1484 5285 1616 5374 videlicet
1629 5285 1706 5348 ami-
