3780 6030
78 114 202 199 (erse)

80 250 227 328 gavensis,
248 266 318 309 eum
340 266 399 328 quo
415 248 571 329 prandium
593 249 661 311 lecit
674 295 683 323 ,
697 263 728 311 et
748 254 877 313 cumeis

80 348 182 408 Sancti
203 348 285 409 Petri
306 348 343 407 nd
359 349 480 422 Vincula
501 360 531 409 et
552 349 587 411 de
607 349 752 411 Columna
768 349 875 411 Cardi-

80 449 159 509 neles
169 469 181 520 ;
193 447 253 508 dun
264 448 419 526 portitores
441 450 614 509 vexillorum
624 467 677 528 per
692 460 784 511 totam
798 452 874 514 riam

79 548 195 626 portori
215 548 351 609 lecerunt
368 550 470 609 vexilla
490 550 549 628 ipse
575 569 627 628 per
648 551 763 627 ollquoe
797 551 875 612 cirea

81 647 147 706 illos
169 645 325 707 mediantes
346 646 451 723 quibus
469 649 522 727 ipsi
544 660 655 710 tontum
671 667 792 711 merrom
805 650 878 711 den·

82 755 177 805 teram
209 731 389 824 apponebant
398 768 409 817 3
436 757 464 807 et
504 766 594 827 supra
627 760 743 828 pontem
775 749 877 810 Sancti

79 845 186 923 Angeli
208 857 310 906 ventus
331 856 389 905 mm
414 845 566 907 rebemeus
586 860 651 908 erat
671 849 750 926 qood
778 861 876 912 erecte

83 944 188 1004 uexilla
217 946 264 1004 rix
285 956 404 1024 portere
435 958 603 1024 potuerunt.
625 948 816 1009 Intraverunt
841 969 877 1011 e·

81 1055 216 1120 questres
237 1061 305 1104 corn
328 1044 438 1105 vexillis
464 1043 583 1106 domurn
604 1046 672 1107 dieti
703 1046 874 1109 cardinalis.

82 1144 116 1202 t).
142 1143 292 1205 liebertus
311 1155 394 1204 extro
421 1157 535 1224 portem
561 1144 690 1222 ejusdem
712 1147 817 1208 domus
838 1149 876 1208 ad

83 1245 254 1304 comitantes
275 1262 305 1304 se
324 1246 479 1319 convertit,
495 1257 525 1306 et
543 1244 654 1313 birreto
675 1238 824 1327 praedicto
846 1250 876 1309 in

82 1344 176 1423 sepite
198 1356 322 1416 retento,
343 1346 478 1424 praelatis
501 1346 721 1417 recedentibus,
740 1358 769 1408 et
791 1349 877 1409 eubi-

83 1445 205 1504 cnlariis
236 1445 453 1523 gratiasegit3
472 1444 573 1507 deinde
604 1446 726 1519 intrarit
756 1446 875 1506 domum

83 1543 280 1622 praedictam,
301 1547 331 1604 in
352 1561 409 1621 qua
431 1561 554 1624 pransus
576 1557 627 1605 est.
650 1543 754 1608 Officio
774 1546 876 1607 lllissee

82 1643 252 1723 supradicto
282 1644 477 1706 interfuerunt
507 1661 607 1704 omnes
641 1644 811 1707 cardinales
846 1648 876 1706 iu

84 1742 166 1804 Urbe
181 1744 343 1815 existentes,
353 1743 469 1823 dempto
488 1747 552 1804 solo
571 1744 606 1803 li.
627 1744 752 1806 Domino
769 1745 877 1808 Cardi-

83 1844 146 1903 nale
169 1843 272 1903 Sancti
291 1842 410 1922 Georgii
432 1843 612 1916 Camerurio,
633 1847 761 1924 quinon
787 1848 875 1907 venit.

83 1941 119 2001 lli
134 1953 235 2004 auum
252 1942 456 2014 iuterfuerunt,
471 1933 748 2018 vicecancellarius,
761 1944 877 2025 Neapo-

85 2042 244 2115 litanus,S.
260 2042 366 2113 blarei,
378 2041 409 2101 S.
420 2041 501 2104 Petri
516 2042 553 2100 ad
566 2042 875 2124 Vincula,Epircopi,·

83 2141 323 2220 tndegeveme,
355 2141 388 2202 S.
419 2140 596 2213 Clementis,
623 2143 658 2202 de
692 2143 876 2218 comitibus,

84 2240 267 2314 Parmensis,
286 2241 470 2322 Presbyteri
475 2264 488 2313 ,·
508 2241 660 2313 Senensis,
681 2240 716 2302 de
737 2241 876 2317 Sabellis,

83 2339 227 2417 &lomna
241 2353 271 2401 et
284 2341 439 2413 decanicis,
462 2342 602 2402 Diaconi
623 2341 811 2415 Car·dinales;
831 2343 878 2402 le·

84 2457 181 2500 ceram
202 2439 277 2501 mibi
298 2443 466 2502 memoriale
485 2459 540 2520 pro
560 2439 721 2501 ordinando
742 2451 799 2501 etc.
822 2443 878 2501 sub

86 2537 126 2598 bis
147 2539 257 2598 verbis.

230 2637 437 2715 Praepuraude
455 2656 510 2716 pro
531 2611 743 2701 Conlolonerio.

123 2736 311 2798 Ordinentur
325 2738 427 2797 uexilla
439 2737 510 2808 duo,
525 2738 624 2798 deinde
639 2739 726 2799 etiam
740 2751 769 2800 et
783 2739 879 2801 bacu-
906 2752 908 2756 '

89 2837 126 2896 los
144 2837 233 2898 albus
247 2853 368 2914 grossus
387 2836 573 2914 longitudinis
592 2838 677 2898 unius
696 2838 808 2899 brachii
831 2842 877 2900 rel

89 2939 162 2997 eirca
184 2946 215 2996 et
237 2934 312 2995 duee
333 2944 526 3013 stangeepro
549 2937 669 2996 vexillis.

0 3072 1 3075 =
121 3037 226 3097 Vestes
248 3051 317 3094 curn
335 3034 495 3093 armaturis
516 3052 572 3112 pro
590 3033 715 3094 Domino
728 3033 859 3095 lieberto
865 3057 877 3109 ς

90 3135 164 3195 loeus
184 3135 216 3193 in
239 3151 299 3210 quo
319 3151 350 3193 se
367 3132 469 3193 restiat
488 3138 551 3210 post
571 3132 752 3194 devotionem
766 3132 877 3195 Secre-

91 3236 182 3296 uenti.

3 3366 7 3371 -
123 3333 192 3391 Duo
211 3328 322 3391 nobiles
342 3332 470 3403 ermeli,
490 3332 541 3408 qni
564 3332 667 3392 serilla
689 3342 814 3410 portent.
837 3367 876 3379 -

1 3461 3 3470 .
84 3425 257 3492 Pontifieale
279 3430 307 3488 in
325 3447 385 3507 quo
405 3440 473 3490 sunt
496 3433 641 3491 orationes
673 3449 729 3509 pro
756 3431 876 3493 benedi·

79 3531 176 3591 ctioue
198 3539 230 3589 et
250 3528 403 3589 traditione
426 3531 608 3591 vexillorum.

123 3626 215 3707 Aqua
235 3627 382 3689 benedicta
403 3646 471 3689 cum
493 3628 669 3707 dispersorio
690 3641 745 3690 etc.

122 3731 212 3791 Peria
243 3743 290 3787 rx.
322 3730 426 3789 mensis
458 3727 618 3790 decembris
645 3729 700 3788 luit
726 3728 877 3808 publicum

71 3828 288 3890 consistorium
322 3829 349 3887 in
383 3829 476 3906 prima
498 3829 566 3888 aula
593 3827 690 3906 peletii
719 3828 877 3906 Apostoliei

68 3930 160 4009 “pud
182 3929 327 3989 Sanctum
349 3927 472 3989 Petrum
483 3950 494 4000 3
509 3927 538 3987 in
561 3945 620 4004 quo
641 3925 676 3986 D.
701 3926 806 3989 Petras
823 3946 876 3988 ue·

69 4039 135 4100 pos
153 4030 200 4089 lll.
224 4027 424 4106 Portugaliine
445 4026 545 4105 Regis,
559 4027 697 4104 magister
710 4023 829 4086 Ordinis
844 4026 876 4092 S.

71 4124 185 4190 -laeobi
207 4128 242 4188 de
264 4127 370 4205 Spata,
389 4136 417 4186 et
438 4116 556 4203 quidam
578 4126 653 4186 alius
675 4126 787 4204 collega
807 4144 878 4185 suus

74 4223 228 4290 Oratores
254 4223 384 4302 ejusdem
410 4225 498 4304 Regis
525 4225 580 4286 SS.
602 4225 637 4285 D.
659 4224 693 4284 N.
723 4225 876 4304 praestite-

78 4338 155 4387 runt
175 4325 366 4388 obedientiam
393 4325 519 4385 debitam
540 4337 569 4387 et
590 4335 771 4397 consuetam,
789 4336 818 4386 et
847 4327 876 4385 iu

83 4426 186 4508 eodem
209 4425 332 4504 publico
353 4428 524 4487 consistorio
542 4427 661 4505 petitum
684 4438 713 4487 et
727 4426 876 4488 obtentum

89 4522 146 4584 init
164 4525 287 4604 pellium
310 4543 365 4603 pro
385 4527 478 4587 electo
499 4527 711 4604 ispalensietc.

131 4625 279 4687 Dominico
299 4626 385 4685 tertia
405 4625 565 4696 Adventus,
588 4627 730 4687 Gaudete
761 4645 878 4689 nuncu-

100 4735 166 4798 pate,
186 4742 234 4787 xt.
252 4726 321 4786 dicti
340 4727 442 4787 mensis
463 4726 635 4800 decembris,
648 4727 720 4787 ller.
737 4728 878 4790 Dominus

103 4821 248 4886 Dardnalis
270 4825 302 4886 S
325 4825 478 4887 Clementis
500 4827 659 4888 celebrarit
681 4827 796 4887 llissem
820 4848 878 4907 pu·

0 4989 3 5017 i
40 4990 42 5005 ἲ
109 4918 194 4984 blicam
216 4928 243 4985 in
265 4926 394 5004 cappello
415 4925 592 5006 supradicta,
614 4924 692 5006 Pepa
718 4939 877 5007 praesente,

15 5092 47 5118 ,‚
112 5018 231 5101 deuios
251 5026 387 5088 mandato
409 5025 473 5087 dedi
501 5028 598 5088 locum
628 5026 795 5106 supradicte
815 5026 878 5087 Do-

114 5122 172 5183 mino
191 5126 305 5198 Petro,
327 5121 449 5187 Oratorl
475 5138 503 5188 et
534 5129 627 5206 nepoti
657 5127 745 5203 llegis
767 5125 879 5185 Portu·

563 110 845 180 ronrnrcrrus
868 112 1092 181 runocnuru
1114 96 1267 187 oerrrl.
1580 191 1581 199 Ν
1693 127 1732 185 rs

944 255 1073 334 galliae,
1091 273 1148 316 non
1170 255 1299 316 obstante
1321 250 1399 333 qrrod
1420 254 1573 336 religiosus
1592 269 1686 329 esset,
1704 260 1733 317 in

943 355 1087 434 superiori
1107 355 1201 433 gradu
1223 355 1284 415 solii
1306 355 1401 433 Papae
1421 373 1510 435 supra
1531 357 1653 417 fratrem
1672 357 1734 415 Pe-

943 473 1009 532 pne,
1029 465 1056 514 et
1075 451 1145 528 dlio,
1163 472 1198 515 ae
1216 456 1315 532 generi
1336 452 1472 515 Oratoris
1491 451 1622 542 ejusdem
1643 475 1677 515 ex
1692 456 1735 514 si·

945 553 1006 613 mili
1033 553 1169 615 mandato
1199 553 1264 615 dedi
1293 555 1391 615 locum
1418 556 1446 614 in
1477 556 1605 617 inleriori
1637 557 1733 634 gradu

943 651 1006 711 solii
1026 649 1164 727 ejusdem.
1186 654 1306 714 interim
1323 653 1485 714 Cardiueiis
1503 655 1651 716 celebrans
1667 667 1734 717 aute

943 751 1067 830 primam
1090 748 1260 813 Orationem
1281 752 1350 813 dixit
1370 765 1427 814 etc.

974 851 1048 910 ‘Hoc
1067 869 1133 911 sero
1148 852 1226 912 eirea
1239 852 1342 911 boram
1353 869 1467 915 xxnn.
1481 851 1545 934 (il.
1561 853 1734 937 decembris)

917 1032 919 1037 ι
945 950 1023 1010 renit
1043 949 1079 1008 ad
1102 949 1212 1011 Urbem
1233 951 1391 1011 Fracassus
1411 950 1488 1013 lilius
1502 953 1538 1012 D.
1559 953 1679 1014 Roberli
1699 955 1734 1014 de

944 1046 1053 1109 Sancto
1072 1049 1421 1111 Sererino'Conlalonerii
1439 1064 1494 1113 etc.
1513 1071 1582 1114 eum
1600 1054 1735 1131 squadris

944 1165 1055 1211 xxxru.
1082 1151 1173 1229 gentis
1195 1165 1347 1212 orreorum
1369 1164 1414 1212 etc

986 1249 1136 1311 Dominica
1159 1266 1236 1310 xxv.
1265 1250 1435 1324 decembris,
1462 1253 1585 1312 intrante
1606 1269 1682 1310 anno
1717 1271 1735 1310 a

944 1346 1099 1411 Nativitnte
1115 1349 1228 1410 Domini
1243 1349 1346 1421 teeti,
1358 1350 1430 1411 leste
1444 1349 1607 1411 Nativitatis
1619 1348 1733 1410 Domini

944 1449 1036 1508 nostri
1056 1448 1126 1508 lesu
1147 1447 1254 1509 Christi
1271 1447 1325 1508 SS.
1342 1449 1482 1508 Dominus
1501 1460 1598 1511 noster
1613 1459 1733 1528 paratus

945 1563 1026 1606 more
1042 1548 1138 1620 solito,
1154 1545 1208 1606 sub
1227 1545 1411 1619 baldachino,
1430 1549 1565 1627 praelatis
1579 1559 1608 1608 et
1627 1542 1733 1608 Cardi-

945 1647 1057 1706 nnlibus
1075 1646 1184 1724 paretis
1205 1644 1458 1724 praecedentibus,
1481 1648 1560 1706 venit
1577 1647 1613 1705 ad
1634 1645 1736 1706 basili·

945 1763 1009 1805 cam
1029 1745 1128 1806 Sancti
1150 1744 1229 1805 Petri
1250 1744 1325 1806 inter
1346 1745 1450 1805 boram
1467 1764 1520 1807 xv.
1539 1759 1567 1807 et
1588 1763 1664 1820 svn,
1685 1746 1736 1807 ubi

945 1845 1104 1906 celebrarit
1124 1844 1241 1905 blissanr
1262 1847 1418 1906 solemnem
1441 1864 1523 1906 nrnre
1544 1847 1641 1907 solito:
1661 1864 1735 1923 qrree

944 1943 1022 2004 finita
1049 1944 1104 2005 iuit
1131 1945 1212 2004 circa
1244 1942 1348 2004 boram
1376 1961 1445 2005 xxr.
1472 1945 1601 2005 Primam
1628 1963 1735 2022 aquam

947 2044 1026 2103 dedit
1046 2040 1157 2103 Orator
1181 2042 1378 2103 Veneriorum.
1404 2040 1568 2102 Secundam
1590 2061 1677 2120 nepos
1706 2054 1736 2102 et
1779 2119 1782 2124 ι

939 2142 1057 2208 ‚Orator
1085 2141 1173 2220 Regis
1197 2139 1404 2218 Portugalliae.
1435 2140 1565 2201 Tertiam
1594 2141 1735 2201 Dominus

945 2243 1093 2304 liebertus
1131 2240 1351 2302 Conlalonerius
1383 2239 1549 2302 Ecclesiae.
1592 2239 1735 2310 Quartam

946 2342 1143 2420 lllarquurdus
1165 2338 1287 2401 brisacb
1309 2336 1420 2400 Orator
1442 2341 1619 2418 imperialis:
1644 2358 1732 2418 nepos

945 2454 975 2502 et
991 2437 1119 2500 'Orator
1147 2439 1236 2517 Regis
1262 2438 1459 2517 Portugalliae
1487 2439 1566 2500 stetit
1592 2441 1621 2498 iu
1650 2439 1737 2517 plano

946 2541 1012 2600 solii
1044 2557 1133 2618 sopre
1159 2538 1269 2599 dictum
1301 2536 1458 2598 Dominum
1486 2536 1670 2611 liobertum,
1702 2537 1738 2599 de

946 2658 1003 2717 quo
1023 2639 1065 2698 lui
1084 2657 1136 2717 per
1159 2638 1435 2699 vicecancellarium
1456 2648 1487 2698 et
1518 2636 1736 2716 Neapolitanum

945 2738 1115 2800 Cardinales
1136 2737 1339 2817 reprehensus,
1355 2737 1431 2813 qnod
1454 2736 1550 2815 Pepae
1565 2734 1737 2814 significavi,

947 2840 997 2916 qni
1016 2849 1110 2898 tamen
1133 2837 1227 2896 noluit
1247 2836 1330 2895 aliter
1349 2835 1500 2913 disponere
1521 2846 1576 2894 etc.

990 2935 1141 2997 Dominica
1154 2934 1322 2993 Palmorom
1338 2948 1424 2993 xvrrr.
1443 2931 1510 2993 dieti
1526 2931 1629 2992 mensis
1639 2928 1736 3011 (mar-

947 3039 978 3095 tii
991 3036 1014 3118 ),
1027 3035 1082 3096 SS.
1095 3036 1130 3094 D.
1145 3032 1179 3092 lt.
1196 3042 1316 3111 paratus
1331 3049 1413 3091 more
1427 3031 1512 3092 solito
1524 3033 1601 3091 venit
1615 3028 1651 3088 ed
1667 3047 1739 3108 cup-

946 3138 1050 3216 pelltm
1069 3132 1227 3210 majorem,
1242 3130 1291 3190 ubi
1303 3174 1312 3204 ,
1325 3149 1358 3192 ex
1378 3147 1480 3201 more,
1502 3145 1553 3208 per
1569 3127 1736 3188 Cardlnoles

946 3238 975 3297 in
997 3254 1100 3298 eornm
1116 3234 1213 3312 cuppis
1232 3228 1394 3291 reverentia
1414 3229 1502 3299 laeto,
1518 3237 1547 3288 et
1560 3225 1736 3306 paramentis

946 3356 997 3417 per
1018 3355 1067 3397 eos
1089 3332 1190 3393 deinde
1211 3330 1348 3410 receptis,
1366 3340 1445 3389 stans
1466 3330 1495 3390 iu
1516 3328 1582 3388 sede
1600 3344 1666 3399 sua,
1683 3326 1736 3387 be·

946 3436 1051 3497 nedixit
1079 3435 1189 3512 pelmes
1209 3433 1238 3490 iu
1260 3429 1368 3508 engulo
1388 3427 1424 3487 ad
1451 3429 1606 3489 sinistram·
1629 3444 1736 3500 suem,

946 3538 1010 3596 loco
1026 3532 1218 3592 assistentium
1240 3530 1437 3608 prnelatornm
1452 3538 1506 3589 etc.
1522 3525 1737 3589 vicecancella-

946 3635 1006 3694 rius
1028 3632 1106 3691 dedit
1125 3631 1238 3709 palmas
1247 3625 1390 3700 Pontifici,
1402 3626 1502 3688 deinde
1517 3626 1601 3686 Pont.
1616 3634 1736 3701 accepto

945 3732 1091 3812 gremiali,
1112 3729 1190 3790 dedit
1207 3727 1272 3786 sibi
1293 3735 1322 3786 et
1348 3726 1410 3784 aliis
1430 3742 1513 3784 more
1538 3725 1632 3783 solite.
1664 3722 1737 3782 Dedi

944 3844 1010 3892 ante
1031 3828 1256 3891 benedictionem
1260 3867 1389 3884 .....
1408 3823 1476 3905 (sie)
1479 3866 1612 3882 .....
1636 3822 1735 3881 locum

945 3934 990 3993 lll.
1016 3929 1055 3991 D.
1084 3929 1191 4005 blegne
1220 3924 1296 3985 Duci
1328 3922 1544 4001 dionopolensi,
1566 3923 1617 4000 qui
1643 3941 1736 4002 nuper

946 4030 1074 4109 quodam
1105 4028 1151 4087 die
1174 4027 1248 4085 inter
1277 4023 1442 4083 Dominicas
1466 4022 1622 4105 bostare,
1643 4032 1672 4082 et
1699 4024 1737 4083 de

946 4129 1122 4198 Porrione,
1146 4123 1184 4184 ud
1205 4123 1315 4185 Urbem
1337 4121 1496 4182 devotionis
1517 4141 1606 4183 caesa
1626 4140 1737 4183 conre-

946 4239 1039 4299 neret,
1062 4224 1256 4305 insuperiori
1278 4221 1610 4300 pronuntiarentur
1632 4222 1737 4302 Papae,

945 4341 974 4390 et
1002 4329 1037 4386 D.
1059 4325 1230 4386 Mauritium
1253 4322 1325 4382 Cibo
1347 4321 1469 4382 iratrem
1492 4322 1588 4403 Papae
1608 4322 1644 4382 ed
1665 4324 1738 4382 siui-

944 4439 1036 4486 strem
1068 4424 1164 4503 Papae
1185 4423 1213 4480 in
1234 4420 1335 4481 eodem
1355 4421 1449 4506 gradu
1482 4422 1577 4482 iocari
1589 4444 1600 4495 3
1630 4421 1736 4499 quibus

946 4525 1023 4606 Papo
1045 4523 1122 4585 dedit
1142 4522 1215 4581 duas
1235 4539 1301 4581 suas
1322 4524 1432 4599 palmas
1453 4540 1572 4600 magnas
1592 4521 1737 4591 tenendas,

946 4640 974 4688 et
1003 4629 1031 4686 iu
1063 4624 1246 4705 processione
1271 4621 1436 4701 portandas.
1469 4620 1543 4680 Post
1569 4619 1738 4681 Cardinales

945 4729 1057 4807 accepit
1086 4726 1212 4804 palmum
1244 4724 1407 4802 imperator
1444 4719 1738 4814 Constagtinopolita·

946 4846 1012 4901 nus,
1032 4837 1062 4887 et
1080 4835 1144 4905 post
1164 4842 1231 4884 eum
1251 4821 1318 4881 Dux
1339 4821 1503 4901 praedictus
1525 4837 1593 4880 cunr
1609 4819 1685 4878 dieto
1700 4817 1740 4878 D.

947 4927 1084 4987 lllouritio
1105 4944 1122 4983 a
1141 4923 1263 4983 sinistris
1284 4923 1342 4981 suis
1364 4920 1524 4981 accedente.
1550 4921 1664 4981 Missam
1687 4938 1738 4981 ee·

947 5026 1072 5086 lebrarit
1092 5024 1165 5083 Rev.
1196 5022 1336 5083 Dominus
1357 5019 1519 5081 cardinalis
1541 5020 1640 5081 Sancti
1666 5020 1736 5082 Cle·

948 5126 1073 5197 mentis,
1101 5122 1149 5185 cui
1179 5120 1233 5181 SS.
1267 5119 1303 5178 D.
1324 5117 1358 5178 tt.
1385 5117 1463 5179 dedit
1493 5138 1579 5180 unam
1611 5121 1737 5198 palmam
