3758 6030
178 272 239 357 ete

177 431 300 494 maxima
322 449 389 492 cum
409 431 437 491 id
458 432 529 492 alias
558 441 587 492 et
609 449 701 511 nuper
723 433 813 494 luerit
836 433 865 493 iu
887 432 969 497 Duce

175 533 363 595 Ferraricnse
384 532 584 605 obsecratum,
600 533 649 611 qui
671 534 754 612 prius
768 533 805 592 ad
820 532 967 594 Pontificio

174 633 366 712 praesentiam
384 632 474 705 veuit,
493 651 581 710 quam
600 633 725 711 bospitio
746 652 800 693 suo
820 634 968 712 recipere·

174 742 233 793 tur.
256 732 372 793 Placuit
393 731 546 792 Sanctitati
568 731 646 794 Suae
668 751 731 792 mea
757 734 869 794 circum
904 734 969 811 pri-

178 851 260 893 mum
277 833 427 906 sententia,
442 826 474 893 et
485 831 667 894 cardinalem
681 834 969 906 vicecancellarium,

174 946 202 995 et
213 931 318 994 biantis
329 934 445 1013 Regalis
459 932 674 1012 condeputorit‚
686 935 737 1013 qui
753 934 838 994 simul
856 934 967 995 dictum

176 1036 340 1118 Principem
363 1037 523 1097 venientem
554 1045 635 1098 extra
668 1046 783 1114 portam
803 1034 967 1094 Asinariam

178 1139 337 1217 reciperent
358 1147 386 1197 et
407 1154 489 1197 more
510 1136 595 1197 solito
616 1137 802 1197 associarent:
825 1136 903 1196 eirca
919 1155 967 1195 se·

175 1238 315 1309 cundum,
336 1237 405 1315 quia
426 1236 576 1298 Dominica
594 1236 641 1296 die
661 1254 733 1297 nona
756 1232 846 1310 hujus
863 1238 968 1298 mensis

177 1339 272 1399 dictus
299 1339 438 1419 Princeps
468 1351 541 1401 esset
562 1339 673 1402 Urbem
701 1341 866 1400 intraturus
879 1384 888 1413 ,
908 1358 965 1418 qua

179 1456 271 1518 nequa
292 1440 390 1513 blissa,
412 1458 623 1519 nequesermo
642 1442 844 1503 convenienter
872 1440 967 1503 omitti

177 1550 301 1616 possent,
315 1541 416 1619 sicque
438 1541 484 1600 sir
505 1551 571 1602 ante
592 1557 662 1602 xxi.
685 1540 788 1601 boram
806 1542 900 1620 ipsum
916 1559 967 1600 re·

177 1639 233 1717 cipi
244 1651 339 1719 posset
348 1641 378 1700 iu
389 1651 474 1720 porta
493 1641 628 1702 etdeinde
642 1652 756 1721 tempus
770 1641 807 1699 ad
824 1641 967 1701 Palatium

177 1739 318 1813 seniendi,
333 1751 361 1800 et
375 1760 409 1801 ex
430 1751 494 1819 post
513 1742 632 1805 eumad
649 1742 811 1822 Apostolos,
827 1743 877 1802 ubi
893 1754 967 1804 esset

177 1839 372 1921 hospitandus,
401 1843 558 1903 associandi
580 1861 704 1921 nequam
732 1844 883 1916 sufficere,
911 1844 965 1905 sibi

175 1941 270 2001 visum
292 1952 334 2002 est
355 1943 461 2022 potius,
483 1943 560 2022 quod
579 1961 612 2004 en
637 1943 702 2016 die,
724 1943 799 2005 idem
826 1944 967 2026 Princeps

175 2041 211 2102 ad
226 2042 414 2105 sanctitatem
432 2043 522 2104 Suam
544 2063 601 2105 nou
623 2047 745 2118 reniret,
757 2046 805 2106 scd
822 2057 903 2107 recta
920 2050 966 2108 via

177 2143 214 2202 ad
235 2144 390 2222 Apostolos
412 2144 617 2217 associaretur,
637 2144 775 2205 mandans
802 2146 870 2205 mibi
889 2148 966 2223 quod

174 2263 240 2306 sero
265 2243 344 2304 illius
366 2243 431 2316 diei,
450 2262 534 2323 quae·
548 2244 604 2305 luit
627 2264 668 2308 rt.
693 2243 796 2323 ltrrjus,
819 2248 905 2308 relim
931 2247 967 2307 ad

175 2343 363 2405 Sanctitatcm
380 2343 471 2404 Suam
488 2345 595 2418 redire,
607 2355 636 2406 et
654 2346 770 2420 ibidem,
788 2348 817 2406 in
831 2347 866 2407 i).
879 2346 967 2408 Jaco-

176 2446 203 2504 bi
216 2442 262 2528 (l)
273 2444 406 2523 Pontani,
418 2444 503 2524 Regii
516 2443 663 2519 Oratoris,
675 2448 848 2526 praesentia,
859 2449 908 2525 qui
931 2448 966 2507 ad

176 2546 232 2607 boc
253 2545 427 2617 vocabatur,
448 2546 575 2608 rationes
595 2546 731 2609 inducere
752 2566 805 2627 per
827 2566 900 2625 quos
920 2549 967 2627 ille

176 2645 319 2724 intelligat
338 2644 448 2705 dictum
468 2646 647 2727 Principem,
664 2665 721 2708 non
743 2649 808 2709 lore
829 2648 864 2707 ad
887 2649 968 2710 Pon·

174 2744 257 2809 tibcis
289 2748 480 2828 praesentiam
515 2747 703 2822 ducendum,
732 2749 811 2828 quod
833 2768 885 2829 per
920 2769 966 2813 me

175 2848 384 2923 lactum‘est3
423 2849 473 2910 sed
504 2850 553 2911 ille
580 2869 730 2924 assereus,
752 2851 788 2911 de
819 2849 966 2931 Pontifieis

175 2951 371 3012 commissione
406 2950 534 3031 Principi
560 2952 731 3032 scripsisse,
756 2952 892 3031 quoniam
924 2953 966 3014 sic

175 3051 366 3131 reciperetur,
385 3051 520 3132 Principe
539 3053 680 3131 placente,
702 3052 771 3114 dixit
786 3054 873 3115 modo
888 3057 966 3131 quod

175 3151 232 3213 boc
265 3171 334 3214 cum
355 3152 504 3215 Pontidcis
522 3166 552 3214 et
569 3155 713 3235 Principis
729 3155 839 3217 bonore
855 3157 966 3219 mutari

176 3271 232 3314 non
250 3263 355 3335 posset,
369 3273 402 3315 ex
419 3273 477 3333 quo
494 3257 599 3317 iterum
611 3255 779 3318 Pontificem
798 3259 825 3317 in
842 3252 965 3320 dubium

176 3357 354 3434 provocarit.
367 3355 503 3418 Decrevit
514 3369 667 3437 propterea
680 3357 778 3418 Sanct.
788 3357 818 3418 S.
832 3359 967 3422 Domini-

177 3475 211 3516 ca
232 3468 298 3518 ante
319 3457 434 3517 Missam
449 3477 536 3539 super
554 3459 610 3519 boc
624 3458 791 3521 cardinales
805 3462 965 3523 consulere.

218 3557 340 3618 Vocarit
361 3558 468 3619 iterum
483 3577 530 3619 me
550 3559 634 3622 adse
656 3559 727 3622 Rev.
750 3561 786 3621 b.
802 3563 965 3625 Cardinalis

178 3655 381 3738 Neapolitanus
400 3659 461 3737 qui,
479 3660 643 3738 praemissis
665 3679 681 3719 a
703 3672 751 3722 me‘
776 3663 965 3741 singulariter

175 3757 336 3831 intellectis,
350 3757 510 3819 admiratus
525 3768 568 3818 est
579 3759 615 3820 de
635 3760 784 3822 Pontidcis
795 3762 966 3849 inconstan-

174 3859 241 3933 tia,
268 3859 392 3920 maxime
422 3876 490 3919 cum
518 3859 628 3922 dicaret
657 3860 804 3922 Pontidcis
835 3866 963 3944 primam

173 3958 260 4020 luisse
280 3960 451 4021 sententiam
468 4005 477 4034 ,
496 3960 574 4040 quod
601 3961 738 4040 Princeps
757 3963 851 4040 prima
871 3964 918 4025 die
947 3983 964 4024 a

109 4062 111 4071 '
174 4079 203 4121 se
224 4060 405 4141 reciperetur
416 4082 427 4135 3
459 4061 557 4123 deinde
581 4061 777 4141 quaestionem
809 4065 901 4125 morit
929 4066 964 4128 de

173 4161 259 4233 modo
287 4171 315 4220 et
333 4150 450 4229 ‘ordine
480 4162 586 4240 quibos
615 4163 674 4242 ipse
695 4163 833 4244 Princeps
852 4165 890 4224 ob
911 4185 964 4241 eo,

172 4271 200 4320 et
217 4260 371 4324 Cardinale
393 4263 539 4348 Senense,
570 4265 622 4343 qui
644 4266 731 4326 simul
752 4267 888 4346 pertica,
919 4269 963 4329 rel

89 4424 92 4430 ,
172 4371 300 4438 quatuor
336 4358 463 4424 miliaria
496 4376 576 4425 extra
604 4363 713 4427 Urbem
753 4367 823 4426 ituri
849 4377 942 4428 esseut
954 4413 963 4442 ,

161 4461 324 4539 'commode
340 4464 428 4543 recipi
441 4475 535 4542 posset
547 4477 666 4545 propter
678 4466 765 4527 officii
781 4466 884 4529 blissoe
900 4479 965 4528 tar·

173 4562 318 4637 dilatem,
338 4574 368 4624 et
388 4563 443 4624 diei
464 4564 647 4626 brevitatem.
673 4566 811 4627 Venimus
830 4567 866 4627 ad
887 4568 963 4628 banc

173 4665 354 4739 santernum,
376 4663 456 4742 quod
476 4663 555 4725 linita
576 4655 663 4726 blissa
684 4686 736 4746 per
753 4668 962 4730 Transtiberim

172 4766 336 4843 equitarent
349 4783 450 4827 tersus
462 4763 627 4845 Principem
639 4767 692 4846 ipsi
706 4768 883 4841 Cardinales,
897 4789 964 4830 oto·

174 4866 211 4928 do
231 4880 382 4950 propterea
402 4868 543 4929 mittendi.
564 4867 632 4927 Post
655 4869 817 4947 prandium,
834 4882 863 4932 et
885 4872 963 4931 eirca

172 4967 237 5029 illos
254 4971 382 5031 aliorum
402 4969 600 5031 Cardinalium
616 4971 741 5031 familiae
760 4983 963 5049 sequerentur;

172 5085 259 5148 super
278 5088 337 5149 quo
356 5070 428 5131 mibi
444 5073 588 5132 commisit
606 5071 685 5150 quod
706 5070 778 5131 tter.
800 5071 835 5131 D.
856 5072 964 5134 Cordi·

669 295 954 361 ronrtrtctrtts
977 295 1201 360 struxerunt
1224 293 1352 361 sttxt't.

173 5171 266 5257 nalem
292 5171 445 5234 senensem
469 5173 672 5255 consulerem,
694 5169 781 5249 cujus
803 5173 873 5235 baec
899 5185 962 5236 erat
989 5231 993 5239 .

217 5387 252 5449 (1)
267 5385 414 5448 legendum
432 5387 536 5436 luciosi.

1729 303 1835 388 (taos)

1039 433 1185 506 sententia3
1205 431 1283 509 quod
1305 431 1447 492 dominica
1463 432 1538 494 bono
1560 452 1654 505 mnne,
1672 436 1726 516 ipsi
1734 439 1833 500 ambo.

1039 529 1171 592 Senensis
1180 541 1210 594 et
1220 530 1424 612 Neapolitanus
1436 534 1597 612 equitarent
1608 536 1646 615 ad
1659 536 1831 599 Pontificem

1038 650 1093 710 pro
1116 632 1228 692 licentia
1249 631 1418 708 obtinenda3
1440 652 1499 713 qua
1516 635 1643 709 obtenta,
1666 637 1779 716 absque
1800 657 1832 699 ea

1039 730 1116 807 quod
1147 729 1252 791 blissac
1284 728 1474 802 interessent,
1495 736 1666 813 equitarent
1691 737 1833 810 obviam,

1038 829 1320 891 iuterimdiceretur
1336 831 1432 906 Missa,
1444 842 1474 894 et
1493 835 1616 897 lamiliae
1632 835 1830 900 Cardinalium

1038 930 1192 1009 prandium
1215 930 1365 1002 iacerent,
1387 946 1415 994 ct
1442 935 1527 997 blissa
1549 937 1649 1009 finita,
1671 950 1700 998 et
1720 938 1826 1000 Cardi-

1038 1030 1152 1091 nalibns
1172 1030 1208 1090 ad
1241 1031 1341 1093 domos
1363 1034 1535 1109 associatis,
1558 1051 1673 1118 possent
1692 1042 1830 1119 ¹singulae

1037 1131 1175 1203 familiae,
1190 1149 1225 1192 oc
1237 1131 1295 1193 duo
1312 1132 1353 1193 illi
1369 1133 1534 1197 Cardinales
1550 1138 1694 1220 deputati,
1708 1140 1829 1220 prandio

1036 1231 1153 1303 omisso,
1168 1230 1259 1291 eidem
1282 1231 1397 1292 obviam
1414 1235 1522 1311 renire3
1541 1240 1650 1317 quibus
1664 1241 1830 1302 Cardiuali·

1037 1329 1092 1389 bus
1113 1332 1411 1410 appropinquantibus
1444 1337 1612 1400 recederent
1645 1341 1684 1400 ab
1713 1359 1750 1401 eo
1783 1360 1829 1421 per

1036 1432 1122 1492 aliam
1153 1431 1232 1489 riom
1267 1429 1471 1512 Neapolitanus
1508 1449 1536 1499 et
1570 1438 1705 1500 Senensis
1738 1450 1768 1501 et
1798 1443 1827 1501 ad

1038 1529 1182 1590 Palatium
1194 1532 1360 1608 equitarent
1379 1534 1481 1596 ibidem
1503 1555 1571 1597 cum
1587 1537 1733 1601 Pontibce
1745 1540 1828 1611 Prinf

1036 1630 1127 1709 cipem
1148 1640 1336 1710 expectantes.
1360 1633 1474 1697 Placuit
1501 1638 1572 1700 baec
1594 1643 1739 1701 sententia
1762 1641 1827 1704 Res.

1037 1730 1073 1790 tt.
1094 1730 1293 1811 Neapolitano,
1308 1735 1357 1795 sed
1373 1738 1527 1799 circaeam
1543 1742 1764 1820 aliquantulum
1777 1744 1828 1804 du·

1036 1832 1146 1892 bituria.
1177 1831 1250 1892 llam
1272 1833 1297 1892 si
1318 1853 1335 1893 a
1357 1835 1507 1912 Pantitae,
1528 1852 1593 1902 ante
1615 1844 1826 1906 concussionem

1037 1950 1104 1993 curn
1126 1931 1327 1994 Cardinalibus
1359 1936 1519 1998 taciendam
1551 1959 1588 2001 att
1622 1941 1769 2024 Princeps
1796 1948 1826 2006 ad

1036 2031 1187 2094 Potitilicis
1220 2038 1409 2113 praesentiam
1432 2039 1580 2102 ducendus
1613 2044 1661 2106 vel
1689 2062 1751 2104 uon
1775 2046 1827 2105 dis·

1035 2144 1154 2206 serent,
1187 2135 1331 2196 nescirent
1378 2139 1449 2216 quid
1490 2140 1620 2223 Principi
1655 2163 1748 2226 super
1780 2146 1826 2208 boc

1035 2233 1144 2307 dicere,
1167 2253 1201 2296 ac
1225 2236 1294 2315 ipsis
1314 2231 1407 2318 posset
1422 2238 1574 2322 imputari,
1590 2245 1613 2304 si
1636 2264 1697 2306 non
1719 2248 1826 2328 recipe·

1035 2348 1130 2409 retur,
1150 2335 1228 2414 quod
1250 2337 1301 2416 ipsi
1323 2338 1452 2422 Principi
1475 2363 1562 2424 super
1582 2345 1640 2406 boc
1656 2364 1718 2408 non
1744 2349 1825 2408 laris-

1033 2449 1106 2511 sent3
1122 2456 1156 2498 er
1173 2456 1233 2516 quo
1248 2440 1322 2501 inter
1342 2440 1418 2520 ipsos
1434 2442 1601 2508 Cardinalcs
1617 2466 1669 2527 per
1690 2467 1738 2510 me
1756 2450 1825 2511 lacta

1033 2549 1075 2598 est
1091 2540 1239 2600 conclusio
1251 2541 1340 2620 quod,
1352 2542 1499 2622 singulisa
1515 2545 1654 2608 Pontilice
1666 2551 1824 2624 intellectis,

1034 2639 1237 2717 praetermisso
1253 2642 1369 2721 publicu
1380 2641 1611 2728 blissa,Principi
1626 2664 1824 2731 occurrerent.

1078 2738 1231 2800 Dominica
1253 2742 1379 2803 secunda
1396 2745 1556 2821 Adventus,
1572 2765 1647 2809 nona
1668 2749 1823 2813 decembris

1035 2837 1071 2898 li.
1105 2839 1138 2899 P.
1165 2839 1201 2899 D.
1233 2841 1385 2922 episcopus
1418 2846 1661 2911 Barchinonensis
1694 2853 1823 2932 Magister

1034 2943 1179 3020 cappellae
1201 2941 1360 3004 celebrarit
1383 2945 1499 3035 lllissarn
1522 2951 1670 3030 publicam
1704 2956 1734 3015 in
1761 2974 1823 3037 acp-

1035 3044 1109 3120 pella
1149 3053 1312 3116 consueta,
1345 3046 1424 3126 Papo
1461 3063 1622 3129 praesente.
1659 3054 1822 3119 Sermottetn

1034 3142 1100 3202 lecit
1120 3142 1238 3221 quidam
1258 3145 1348 3207 irater
1371 3144 1491 3218 Ordinis
1514 3151 1684 3228 dlinorum,
1706 3159 1822 3238 scriptor

1035 3241 1157 3302 llinistri
1176 3247 1318 3323 generalis
1339 3244 1467 3324 ejusdem
1490 3249 1609 3315 Ordinis
1620 3277 1632 3328 3
1656 3258 1715 3318 alia
1736 3261 1820 3320 omnis

1035 3355 1102 3404 suut
1135 3365 1216 3407 more
1244 3349 1329 3409 solito
1356 3349 1521 3414 observata.
1555 3354 1720 3436 Antequam
1753 3359 1820 3440 Papa

1034 3447 1192 3525 cappellam
1214 3448 1392 3528 praedictam
1424 3453 1564 3528 intraret,
1594 3459 1675 3518 venit
1706 3462 1819 3521 nuncius

1033 3563 1050 3604 a
1081 3547 1184 3611 Dauno
1210 3548 1361 3612 Frlderico
1390 3553 1425 3613 de
1455 3553 1605 3635 dragous,
1623 3557 1691 3636 ejus
1718 3563 1820 3623 nomine

1033 3649 1198 3727 supplicans
1211 3648 1290 3726 quod
1312 3650 1367 3711 SS.
1384 3652 1419 3713 Ι).
1437 3652 1475 3716 tt.
1489 3653 1554 3732 ejus
1575 3658 1746 3736 introitum,
1759 3682 1819 3744 pro·

1032 3760 1097 3827 pter
1119 3749 1247 3829 plurium
1268 3751 1445 3828 «sistentem,
1465 3757 1637 3836 dignaretur
1664 3781 1758 3842 usque
1793 3763 1819 3823 ad

1033 3848 1107 3909 diem
1129 3848 1230 3910 blartis
1251 3853 1381 3930 proxime
1395 3855 1527 3918 laturam
1547 3879 1723 3942 prorogare3
1747 3863 1819 3943 eujus

1032 3951 1160 4031 petitioni
1182 3953 1333 4016 Sanctitas·
1349 3956 1412 4019 Sua
1431 3961 1532 4022 annuit
1551 3964 1704 4042 gratiose,
1725 3978 1754 4028 st
1774 3985 1819 4048 pra

1033 4053 1080 4114 die
1111 4057 1237 4143 crastina
1269 4071 1414 4120 secretum
1449 4060 1662 4126 consistorium
1701 4068 1818 4129 intiottri

1034 4155 1190 4217 mandarit.
1212 4156 1352 4219 Cantores
1373 4163 1519 4241 cappellae
1540 4176 1669 4240 nostrae,
1686 4187 1739 4246 per
1755 4169 1819 4231 Car·

1032 4255 1155 4319 dinalem
1187 4259 1464 4323 Vicemncellat·ium
1500 4265 1648 4344 instigati,
1672 4270 1819 4330 volomunt

1032 4359 1187 4437 quamdam
1205 4360 1320 4423 laudem
1336 4361 1365 4422 in
1386 4363 1534 4425 Pontificis
1555 4365 1698 4428 bonorem
1716 4373 1818 4430 noritar

1037 4462 1239 4538 compositam,
1261 4473 1326 4541 post
1345 4464 1529 4527 offertorium
1544 4466 1712 4543 decantate,
1732 4470 1817 4530 babitu

1034 4568 1129 4622 mmen
1150 4579 1237 4641 super
1266 4562 1322 4624 boc
1344 4583 1396 4644 per
1417 4567 1530 4628 socium
1552 4587 1650 4632 meum
1680 4570 1819 4634 Pautidcis

1033 4662 1201 4735 voluntate,
1223 4663 1273 4741 qui
1301 4663 1331 4724 id
1352 4664 1415 4728 lieri
1436 4668 1612 4750 noluitpro
1632 4689 1668 4733 ea
1689 4672 1758 4744 die,
1778 4672 1817 4733 sed

1031 4780 1086 4840 pro
1110 4763 1180 4838 alin,
1204 4775 1233 4825 et
1262 4764 1291 4824 in
1324 4783 1440 4828 camera
1461 4787 1514 4829 sua
1538 4773 1818 4852 acceptantibus,

1032 4879 1088 4923 non
1115 4875 1268 4941 cantores3
1290 4877 1355 4928 erat
1373 4880 1469 4930 autem
1495 4872 1559 4933 laus
1580 4872 1764 4953 hujusmodi:

1073 4964 1279 5046 Epigramma
1292 4967 1451 5031 lobannis
1466 4969 1629 5033 Tinctoris
1645 4976 1749 5056 leguas
1762 4975 1819 5037 tta-

1032 5066 1132 5126 ctaria
1148 5077 1242 5148 atque
1260 5067 1378 5130 Musici
1396 5070 1430 5130 t’n
1446 5071 1571 5132 laudem
1586 5083 1616 5134 et
1631 5075 1768 5156 gloriam
1790 5072 1817 5132 S.

1032 5164 1070 5226 D.
1086 5165 1124 5226 lli.
1141 5167 1322 5229 Alexandri
1341 5167 1450 5250 Papae
1470 5168 1575 5233 Sexti.

1032 5265 1131 5329 Gaude
1151 5267 1243 5329 Roma
1267 5281 1349 5330 retus
1368 5271 1479 5352 magnis
1498 5273 1644 5334 celebrata
1666 5274 1815 5355 triumphis

1073 5367 1129 5430 Cui
1150 5369 1228 5433 Deus
1249 5381 1400 5434 aeternum
1421 5374 1547 5437 contulit
1570 5377 1736 5456 imperium.
