3780 6030
61 282 173 372 trist)

65 424 146 486 circa
171 423 276 485 borum
305 423 438 484 acturum
460 421 554 483 lbbas
577 419 674 481 Sancti
703 419 861 480 Sallustiani
886 450 888 453 ·

63 524 187 585 sacrista
208 533 328 595 noster,
344 522 426 583 nabis
447 521 500 581 sibi
522 522 769 592 ministrantibus,
793 519 863 580 dixit

64 625 182 684 missam
198 622 358 703 pubiicum,
374 622 404 681 in
423 618 596 700 paramentis
614 620 862 686 turneusacerdo·

64 724 173 783 talibus
198 733 319 783 tantum.
351 720 549 782 interfuerunt
577 738 675 782 omnes
696 720 862 782 cardinales

65 823 158 882 induti
176 840 263 902 super
289 820 442 881 rochetum
472 822 568 900 porris
592 821 764 900 cappacciis,
780 821 863 880 colo·

65 925 118 994 ris,
133 922 201 1002 ipsis
216 921 416 1013 Cardinplibns
433 922 525 1000 tnagis
544 921 705 999 placentis,
725 932 754 982 et
772 920 862 981 desu-

64 1042 118 1104 per
145 1022 261 1095 crariis,
288 1022 396 1082 coloris
424 1022 542 1082 violacei
569 1023 708 1096 obscuri,
732 1021 861 1081 fimbrias

64 1123 192 1184 duorum
213 1124 387 1201 palmarum,
404 1125 449 1180 rel
465 1122 555 1193 circa,
568 1135 631 1202 past
651 1143 680 1183 sc
698 1122 862 1196 trabentes3

63 1233 172 1284 stantes
192 1220 229 1281 ud
249 1238 365 1280 scarnna
386 1238 440 1280 suo
459 1238 544 1282 more
564 1235 711 1295 consueta,
727 1222 862 1302 Episcopi

63 1334 93 1382 et
112 1321 280 1400 Presbyteri
302 1321 329 1379 in
349 1321 438 1380 latere
458 1323 612 1401 evangelii,
633 1334 662 1381 et
684 1320 804 1382 Diaconi
826 1324 862 1382 ab

64 1422 124 1481 alia
146 1422 253 1493 lutere,
275 1418 544 1500 scitteeseptstotae
550 1443 560 1494 3
587 1421 732 1501 digniores
761 1442 863 1483 versus

63 1521 167 1580 altare.
178 1519 263 1580 Dicta
279 1539 332 1599 per
345 1521 539 1597 celebrantem
557 1522 687 1582 oratione
699 1554 716 1570 -
728 1522 862 1583 Domine

65 1618 144 1681 Jern
168 1619 317 1690 Christe,
330 1621 386 1700 qai
409 1619 525 1682 elisisti
548 1633 617 1694 etc,
638 1621 730 1681 obtuli
751 1623 863 1683 instra·

65 1732 196 1781 mentum
209 1717 295 1780 Pacis
303 1719 511 1781 obscultandum
524 1719 575 1800 ipsi
583 1721 751 1795 celebranti3
764 1721 864 1783 deinde

64 1820 187 1899 singulis
202 1818 415 1893 cardinalibus,
430 1821 479 1897 qui
493 1819 634 1898 genuflexi
648 1833 732 1882 erant
748 1822 775 1880 iu
792 1823 863 1882 locis

65 1922 133 1979 suis.
150 1918 252 1980 Prima
266 1918 330 1980 dedi
345 1920 606 1993 vicecancettarta,
621 1934 718 2000 postea
733 1922 795 1982 aliis
810 1939 862 2002 per

65 2018 207 2078 ordinem.
229 2018 260 2079 la
280 2016 336 2078 line
357 2020 457 2079 missae
485 2020 633 2095 adebrans
660 2033 736 2080 stans
763 2028 863 2083 tersas

66 2117 101 2176 ad
120 2117 303 2192 cardinales,
327 2119 382 2179 illis
400 2120 596 2194 benedicebat,
618 2141 666 2182 eas
687 2123 811 2201 signans,
834 2137 881 2186 et-

67 2217 179 2291 dicens:
202 2219 375 2282 Benedicat
397 2233 451 2282 etc.
473 2221 609 2284 Nonnulli
631 2236 733 2284 tarrsen
749 2244 862 2285 assere·

67 2317 135 2378 bunt
156 2318 235 2396 qnod
253 2320 319 2400 ipse
340 2322 488 2383 celebrans
512 2343 613 2385 versus
629 2326 665 2385 ad
685 2325 862 2402 cardinales,

65 2418 234 2498 gentrtlexns
259 2418 315 2479 illis
345 2421 513 2484 benedicere
533 2424 668 2498 debebat3
690 2425 768 2503 qnod
791 2426 861 2484 mibi

66 2529 160 2581 tumen
174 2520 249 2581 -satis
271 2521 436 2582 absurdum·
459 2525 633 2600 videbatur3
650 2542 717 2585 cum
744 2524 862 2586 benedi-

67 2637 131 2679 cens
151 2639 265 2699 semper
291 2619 387 2699 major
407 2625 443 2684 sit
465 2626 656 2687 benedicendo
677 2628 705 2686 in
726 2646 761 2688 eo
781 2638 860 2686 aeta.

67 2719 151 2781 llissa
165 2718 254 2795 linita,
269 2721 436 2785 cardinales
448 2744 544 2791 omnes
567 2725 715 2786 redierunt
738 2727 773 2785 ad
798 2740 860 2789 ter-

68 2823 134 2881 tium
163 2824 261 2882 aulum
282 2825 438 2898 conclavis,
458 2827 517 2900 tibi,
537 2828 697 2907 apportatis
720 2829 787 2909 ipsis
808 2848 859 2908 per

67 2923 224 2984 servitores
240 2942 308 2984 suos
322 2926 462 3001 scabellis,
484 2929 675 2989 consederunt
694 2930 722 2988 in
742 2929 859 2990 modum

68 3024 190 3098 circuli,
220 3026 462 3088 vicecancellarta
490 3012 697 3110 campanellam
723 3047 809 3108 penes
830 3049 860 3089 se

69 3121 200 3203 habente,
222 3128 249 3186 in
272 3127 328 3199 alia
349 3126 491 3201 scabell03
511 3112 560 3188 abi
582 3131 688 3190 iterum
712 3128 861 3190 tractare·

70 3237 138 3286 runt
160 3244 248 3305 snper
271 3218 403 3305 capitalis
426 3226 534 3304 fiendis,
556 3243 590 3292 nt
611 3231 673 3292 lteri
694 3229 831 3291 lecerunt.

106 3327 203 3387 Finita
229 3328 448 3402 collocutione,
470 3329 637 3393 cardinales
656 3331 806 3392 redierunt
823 3330 858 3389 ud

69 3428 187 3489 cellulas
201 3445 278 3496 suas,
291 3440 321 3487 et
335 3428 465 3490 iecernnt
480 3432 645 3509 prandiam,
660 3432 777 3510 quidam
793 3431 858 3503 soli,

69 3527 207 3587 aliiaunus
223 3544 291 3586 cum
304 3527 373 3597 alio,
384 3539 413 3589 et
431 3529 459 3588 in
475 3529 621 3608 aliquibus
642 3533 740 3609 plures
761 3531 857 3590 siruul.

69 3625 191 3689 Peracto
202 3626 323 3705 prandia
333 3628 421 3704 aliqui
433 3628 599 3692 cardinales
615 3641 779 3691 tractarunt
790 3649 857 3692 cum

69 3727 128 3786 aliis
139 3726 175 3787 de
186 3728 255 3786 nari
264 3727 400 3789 electione
411 3727 558 3790 Pantilicis
572 3728 676 3802 lienda,
688 3742 858 3807 quaerentes

69 3838 94 3885 a
112 3827 214 3887 dantes
232 3827 324 3887 media
343 3839 398 3888 etc.
421 3828 491 3889 Post
508 3830 636 3908 aliquam
653 3848 765 3890 moratu
784 3848 857 3890 can-

71 3938 210 3987 renerunt
232 3928 339 3986 iterum
354 3927 520 3989 cardinales
536 3930 563 3989 io
580 3929 664 3992 tertia
681 3930 748 3989 attia
771 3949 858 4009 prae·

70 4026 155 4101 dictu,
166 4026 216 4088 ubi
236 4027 348 4088 tandem
362 4031 568 4094 concluserunt
586 4029 712 4111 capitula
729 4053 782 4112 per
796 4034 858 4092 sin·

70 4129 151 4205 gulas
167 4128 253 4207 ipsos,
268 4138 296 4188 et
312 4127 449 4188 laturam
466 4129 634 4191 Pantilicem
655 4130 857 4210 promittenda,

68 4223 203 4301 juranda,
218 4238 247 4288 et
265 4227 386 4290 lorettdu
400 4251 411 4300 3
428 4243 595 4291 inuaserant
613 4240 709 4293 uatem
728 4235 813 4293 simul
829 4233 857 4291 iu

70 4327 121 4389 bac
140 4328 368 4408 congregatione
389 4348 480 4408 usqae
501 4332 539 4390 ad
560 4343 682 4393 noctem.

108 4427 238 4488 Sabbata
256 4427 297 4488 28
317 4432 419 4488 mensis
438 4433 561 4508 augusti
574 4449 688 4491 strnrmo
707 4450 790 4492 inane
811 4433 858 4491 in·

69 4526 210 4608 cipienda,
230 4529 329 4607 plures
349 4512 384 4588 ex
404 4528 468 4591 llll.
484 4530 545 4590 DD.
561 4531 761 4592 cardinalibus
779 4535 858 4593 cele·

70 4629 192 4690 brurunt
214 4631 313 4688 missas
335 4632 363 4688 in
386 4632 515 4709 cappella
529 4650 619 4710 parra
642 4633 801 4712 praedicta,
824 4645 857 4694 nt

70 4728 148 4803 beri;
164 4728 352 4790 deindecirca
376 4729 478 4790 baram
497 4732 710 4806 duodecimam,
728 4733 856 4795 Sacrista

70 4844 164 4891 noster
196 4831 354 4892 celebrarit
387 4834 501 4891 missam
530 4833 698 4912 publicam:
725 4834 858 4895 amnibus

72 4931 271 4994 cardinalibus
290 4928 467 5012 praesentari
483 4934 614 4994 similiter
635 4934 856 5005 instrumentum

72 5032 164 5107 Pacis,
178 5046 211 5093 ut
223 5032 302 5101 beri;
319 5031 396 5092 linita
408 5034 503 5107 urissu,
516 5034 676 5095 locavimus
689 5054 774 5097 unam
787 5058 858 5118 pur-

71 5152 133 5194 ram
150 5151 277 5194 mensam
295 5134 478 5213 longitudinis
494 5147 560 5196 octa
579 5139 798 5216 palmarnm‚·et
814 5142 858 5200 la·

70 5235 193 5296 titudinis
209 5246 350 5313 qrratnor,
364 5237 406 5297 rel
420 5239 511 5310 circa,
525 5249 675 5299 consuetae
691 5230 857 5314 altitudinis,

71 5336 137 5397 inter
157 5354 286 5417 parrnnr
304 5334 441 5411 hostiurn,
458 5358 507 5416 per
525 5339 601 5416 quod
618 5341 675 5400 ιιιιι·
697 5341 732 5400 ati
753 5360 857 5402 metris-

441 287 445 296 ·
532 282 736 350 constan:
758 282 859 344 rosr
880 282 1027 346 suren
1050 275 1251 352 aularuu.
1682 280 1719 342 n
1782 314 1783 318 .
1847 259 1853 270 “

931 406 996 479 dam
1013 422 1110 481 aulum
1125 420 1223 500 palatii
1239 419 1392 500 praedicti,
1412 431 1442 480 et
1463 437 1582 480 murum
1604 419 1646 478 illi
1665 435 1720 497 op·

930 521 1055 600 positum
1066 523 1094 580 in
1107 519 1211 594 medio,
1220 538 1340 597 eumque
1356 519 1481 598 quadam
1494 537 1587 599 panna
1599 519 1721 594 rasaica,

931 621 1012 699 quasi
1023 620 1094 681 duas
1110 636 1214 679 ananus
1227 618 1358 690 babente,
1371 620 1719 699 cooperuimus3desaper

931 721 1078 799 posuimus
1092 737 1182 779 unum
1195 716 1391 798 horologium,
1406 720 1626 798 campanellam,
1639 720 1720 780 cula·

931 839 1010 881 mare
1033 838 1099 880 cum
1130 819 1308 892 inclausum,
1336 821 1433 898 pennis
1452 821 1512 880 sire
1529 820 1669 891 calamis,
1690 831 1720 880 et

930 939 1020 980 unum
1037 921 1223 997 quintanam
1238 930 1344 996 curtae.
1362 918 1489 979 Sacrista
1508 936 1588 991 raro,
1603 917 1720 997 deposi-

930 1022 966 1080 tis
980 1019 1117 1092 vestlbas,
1133 1018 1227 1099 posuit
1244 1022 1271 1079 in
1286 1018 1379 1079 media
1397 1019 1497 1079 altaris
1510 1019 1629 1080 calicem
1646 1037 1719 1078 con·

929 1133 1073 1181 serratum
1106 1139 1230 1180 rucaum
1256 1137 1323 1180 cum
1349 1130 1451 1198 patena
1474 1119 1596 1199 desuper
1618 1118 1717 1199 posita.

930 1220 1093 1283 Servitares
1120 1220 1315 1282 cardinalium
1331 1255 1335 1264 ·-
1343 1221 1485 1299 ponebant
1506 1219 1627 1299 quisque
1654 1230 1719 1279 ante

929 1339 1013 1382 suum
1027 1320 1174 1382 dominum
1186 1339 1275 1382 tritum
1292 1321 1450 1382 scabellum
1467 1331 1595 1382 erectam
1613 1321 1641 1379 in
1653 1337 1718 1379 ma-

929 1421 998 1481 dum
1010 1423 1122 1502 pulpiti,
1133 1434 1161 1482 et
1173 1421 1294 1502 desuper
1310 1422 1454 1482 rularnare
1470 1439 1538 1481 cam
1548 1421 1718 1493 inclaustra,

930 1540 1019 1600 psum
1035 1523 1095 1582 sire
1110 1523 1231 1594 calamo,
1253 1540 1339 1582 arnam
1361 1521 1508 1583 candelam
1530 1538 1669 1601 parram,
1689 1532 1719 1581 et

930 1639 1020 1682 unum
1046 1622 1147 1681 lolium
1162 1631 1273 1693 cartae,
1294 1622 1321 1680 in
1342 1640 1400 1699 qua
1419 1641 1471 1700 per
1496 1622 1589 1700 capitu
1609 1621 1717 1699 scripta

929 1733 1012 1781 erant
1031 1720 1144 1780 rtonrinu
1160 1722 1289 1782 omniurn
1311 1720 1508 1783 cardinalium
1531 1722 1560 1781 iu
1581 1722 1718 1781 conclave

929 1821 1119 1894 existentium,
1137 1821 1191 1880 boc
1208 1821 1293 1882 modo
1311 1821 1454 1882 etordine
1469 1832 1559 1900 prout
1576 1825 1718 1898 sequitur.

970 1920 1012 1981 lbi
1032 1920 1147 1982 dimissa
1161 1921 1279 1983 luerunt
1294 1923 1350 1982 tria
1366 1921 1433 1982 lolia
1454 1922 1481 1980 in
1502 1921 1585 1995 albis,
1599 1932 1629 1982 et
1646 1939 1720 1981 can·

929 2019 1217 2098 mcutiresequiturz
1668 2026 1670 2029 ’

961 2120 1006 2180 tt.
1029 2121 1063 2181 D.
1086 2121 1366 2198 Vicccartcellarins3
1382 2122 1418 2183 lt.
1441 2123 1476 2183 D.
1496 2122 1717 2203 Neapolitanus3

930 2222 964 2282 lt.
990 2222 1025 2282 D.
1050 2222 1149 2282 Sancti
1170 2223 1272 2297 Marci,
1287 2237 1316 2285 ct
1333 2227 1374 2285 sic
1392 2226 1425 2285 de
1440 2225 1512 2285 aliis.
1527 2255 1544 2271 ·
1567 2224 1720 2285 Posuimus

928 2318 1014 2384 etiam
1025 2314 1108 2400 juxta
1120 2341 1245 2391 mensam
1261 2324 1453 2403 praedictum,
1464 2325 1538 2385 inter
1552 2342 1615 2384 eam
1631 2335 1659 2384 at
1673 2325 1720 2382 ul·

930 2436 1002 2496 tare,
1017 2425 1072 2483 tria
1087 2425 1210 2485 scabella
1216 2447 1226 2497 3
1242 2442 1330 2484 utinm
1348 2426 1375 2484 in
1391 2408 1495 2496 media,
1507 2426 1563 2484 alia
1578 2426 1637 2485 dno
1653 2424 1718 2485 binc

929 2523 1060 2602 indeque,
1076 2525 1125 2595 ita,
1142 2525 1220 2602 qnod
1238 2525 1361 2605 desuper
1384 2524 1511 2586 sedentes
1530 2543 1612 2587 renes
1632 2526 1718 2584 ulturi

930 2642 1027 2685 rersas
1044 2621 1195 2695 habebant,
1210 2636 1240 2684 et
1255 2625 1328 2685 inter
1343 2625 1441 2686 eadem
1456 2624 1577 2686 scabella
1593 2644 1718 2706 pannum

928 2725 1064 2803 pulcrum
1081 2742 1149 2785 cunr
1170 2727 1261 2803 pomis
1281 2726 1380 2786 aureis
1394 2745 1429 2786 cx
1447 2724 1591 2787 brachata
1612 2727 1720 2786 cremi-

927 2825 999 2899 sino,
1014 2825 1205 2903 compositum
1222 2844 1276 2903 pra
1295 2824 1396 2887 lutura
1414 2824 1552 2886 Pontifice
1567 2827 1595 2884 in
1617 2844 1651 2886 eo
1672 2828 1720 2888 la·

927 2925 1028 2984 canda.
1047 2925 1098 2983 llis
1118 2925 1158 2984 sic
1171 2925 1331 2998 ordinatis,
1347 2926 1388 2987 illi
1405 2944 1439 2985 ex
1456 2927 1648 2995 conclusistis,
1669 2928 1721 3005 qui

926 3026 1053 3104 capitula
1083 3044 1136 3104 per
1166 3024 1332 3085 cardinales
1360 3025 1493 3085 ordinata
1522 3023 1720 3103 scripserant,

927 3125 1060 3187 videlicet
1073 3125 1108 3184 D.
1119 3124 1163 3185 Ja.
1177 3124 1328 3203 bopez,D.
1342 3122 1485 3184 Jolrunnes
1497 3124 1602 3185 Petrus
1613 3125 1647 3186 de
1659 3126 1721 3185 dr·

927 3227 1080 3297 rirabenis,
1098 3226 1144 3285 lo.
1159 3225 1334 3288 brancantino
1351 3224 1384 3286 de
1401 3225 1535 3299 venetiis,
1551 3238 1580 3286 et
1601 3225 1718 3304 quidam

926 3328 985 3400 alii,
1007 3330 1055 3390 illa
1075 3329 1103 3388 in
1119 3349 1166 3389 sex
1181 3330 1340 3406 quintarnis
1359 3328 1466 3408 scripta
1483 3325 1573 3407 (truta
1592 3328 1621 3386 in
1642 3326 1720 3387 duo·

926 3427 980 3486 bas
996 3428 1155 3506 quintarnis
1170 3430 1295 3508 capitula
1314 3431 1410 3490 amnia
1425 3427 1642 3508 comprehensa,
1662 3428 1719 3486 tri-

926 3529 1031 3606 plicata
1046 3529 1167 3590 luerunt
1186 3529 1221 3590 de
1236 3528 1326 3591 verbo
1340 3528 1378 3588 ad
1395 3529 1516 3590 verbum
1529 3526 1540 3610 )
1555 3527 1593 3588 ll.
1612 3527 1648 3586 D.
1664 3527 1718 3588 Vi-

926 3629 1135 3688 cecancellurio
1156 3629 1343 3703 obtulerant,
1371 3629 1421 3708 qni
1452 3648 1500 3701 ea,
1524 3628 1560 3688 ud
1590 3645 1716 3688 mensam

926 3729 1101 3808 praedictum
1116 3730 1265 3803 accedens,
1277 3730 1381 3791 ibidem
1397 3748 1484 3790 ιιιιιιιιι
1506 3733 1624 3808 propria
1644 3727 1717 3786 sub-

924 3829 1041 3908 scripsit
1055 3830 1083 3888 in
1095 3830 1215 3908 siugulis
1229 3849 1277 3890 sex
1291 3831 1451 3909 quintarnls
1463 3830 1624 3909 praedictis.
1639 3829 1716 3888 ldem

925 3925 1056 3988 lecerunt
1073 3939 1136 4007 post
1155 3947 1221 3989 enm
1238 3929 1286 3990 ulii
1300 3930 1466 3990 cardinales
1484 3948 1538 3989 sua
1556 3929 1664 3989 ordine.
1679 3928 1715 3988 li.

926 4029 960 4088 D.
986 4027 1148 4098 cardinalis
1168 4028 1203 4088 de
1225 4029 1369 4101 Foscaro,
1396 4027 1473 4087 linita
1495 4029 1591 4101 missa,
1607 4028 1659 4088 ivit
1679 4030 1717 4087 ad

926 4130 1060 4205 cellulam
1080 4148 1174 4199 suasu,
1189 4141 1217 4189 et
1235 4148 1315 4202 cuns,
1330 4131 1379 4189 tali
1399 4131 1495 4201 mado,
1510 4129 1716 4192 subscribenda

926 4232 1051 4310 capitula
1073 4229 1237 4307 hujusmodi
1259 4248 1314 4290 non
1336 4232 1498 4304 accederet,
1517 4233 1553 4291 li.
1569 4231 1604 4291 D.
1629 4233 1716 4292 Vice-

925 4330 1115 4393 cancellarius
1146 4333 1216 4391 milti
1238 4332 1329 4405 dixit,
1349 4345 1381 4392 ut
1408 4335 1537 4413 praelato
1564 4334 1599 4392 li.
1625 4333 1660 4392 D.
1682 4336 1717 4396 dc

925 4433 1052 4496 Foscura
1070 4428 1248 4493 notificarem
1265 4433 1353 4510 quod,
1368 4425 1406 4491 ud
1417 4433 1668 4504 subscribendum,
1680 4435 1717 4492 ud

926 4532 1085 4611 cappellam
1104 4532 1207 4592 renire
1229 4532 1411 4612 dignaretur,
1428 4536 1504 4612 (parad
1523 4547 1552 4594 et
1570 4535 1633 4595 ieci.
1656 4533 1717 4594 lie-

925 4629 1039 4710 spoudit
1054 4631 1135 4702 milti,
1147 4624 1236 4707 quod,
1248 4632 1363 4691 dimisso
1373 4652 1429 4711 pra
1443 4652 1494 4692 sua
1509 4632 1717 4711 subscriptione

925 4732 1032 4814 sppcio,
1043 4730 1091 4789 alii
1107 4749 1204 4792 ornares
1219 4732 1445 4807 subscriberent,
1459 4748 1487 4796 et
1500 4735 1632 4795 omnibus
1644 4735 1717 4793 sub-

925 4816 1055 4910 s'a'v'iptis,
1075 4830 1148 4891 idem
1175 4844 1204 4891 et
1230 4833 1288 4910 ipse
1311 4833 1442 4893 iacturas
1463 4847 1550 4896 emet:
1578 4835 1715 4896 sicaniae

925 4951 1023 4994 omnes
1050 4930 1304 5011 subscripserant,
1325 4934 1442 4996 dimissa
1470 4955 1525 5016 pro
1549 4954 1583 4997 ea
1614 4941 1715 5018 spatio.

926 5033 1080 5111 Postquam
1096 5032 1144 5093 alii
1155 5033 1323 5095 cardinales
1341 5055 1371 5094 se
1385 5034 1396 5106 l
1410 5049 1441 5097 ut
1453 5037 1631 5121 praefertur)
1644 5038 1717 5097 sub-

925 5139 1111 5216 scripserant,
1133 5135 1167 5196 de
1191 5137 1324 5197 rrsandata
1345 5140 1579 5201 vicecancellarii
1602 5143 1717 5219 parturi

925 5258 1022 5300 onmes
1044 5259 1091 5300 ses
1113 5237 1279 5316 quinternos
1298 5240 1460 5318 praedictos
1479 5243 1593 5303 domino
1607 5243 1642 5303 de
1656 5243 1716 5303 Fo-

896 5396 898 5398 ,
927 5361 1009 5403 seruo
1032 5341 1261 5414 subscribendas,
1278 5345 1327 5420 qni
1350 5345 1419 5405 ιιιιιιι
1439 5346 1517 5414 dixit.
1534 5364 1714 5424 nequaquam

1432 5472 1444 5513 {l
