3758 6030
170 221 233 281 asu
648 214 930 281 runatatcttus
952 215 1176 297 auaxlttuttt
1198 215 1324 277 saltat.

174 352 238 431 ejus
263 372 381 433 ascensa
404 369 495 431 nsque
517 353 553 411 ad
578 353 671 414 altare
696 370 751 431 pro
778 351 955 431 longitudine

170 455 271 515 altaris
303 465 366 515 erat
388 453 484 526 liber,
506 452 542 512 ab
565 452 633 516 inde
653 464 751 512 autem
774 453 810 510 ab
830 462 955 528 utraque

172 555 261 616 latere
283 555 400 614 luerunt
421 554 513 632 posita
535 571 652 614 scamna
674 550 882 631 quintuplicia,
902 569 956 629 pe·

171 652 241 714 dum
261 671 326 717 xri.
343 654 482 733 quolibet,
504 673 559 733 pro
582 655 718 733 praelatis
739 654 848 732 paratis
869 670 957 713 coro·

172 756 281 816 nationi
308 755 542 815 interessentibas
557 798 566 827 ,
584 764 613 814 et
639 765 721 815 retro
749 754 907 825 ultimum,
928 762 955 811 et

175 857 308 934 quintam
330 871 479 917 scamnum
502 874 518 913 a
540 873 634 916 cornu
652 856 806 935 epistolae,
833 855 888 914 boc
914 864 956 914 est

174 957 212 1016 ad
234 956 363 1017 dextram
386 955 582 1016 ascendentem
604 955 715 1013 dietum
734 956 870 1034 planum,
884 970 957 1020 nun-

173 1056 282 1117 tinebat
302 1059 394 1135 ipsum
425 1057 542 1135 planum
570 1055 699 1115 tribunus
729 1074 830 1116 uersus
857 1056 954 1121 locum

175 1170 328 1220 cantorum
342 1176 430 1237 supra
448 1157 566 1236 planum
582 1153 676 1233 majus
690 1159 825 1237 superius
847 1157 956 1217 dictum

175 1277 226 1337 per
249 1257 455 1337 longitudinem
483 1257 587 1337 pedum
618 1274 680 1319 xri.
714 1267 743 1319 et
777 1256 956 1316 latitudinem

174 1357 279 1436 pedum
302 1374 348 1430 ις
381 1369 410 1417 et
437 1357 540 1418 ibidem
570 1359 695 1436 positum
725 1359 780 1418 luit
807 1370 960 1418 scamnum¹

173 1457 291 1535 longum
317 1474 386 1516 cum
407 1458 549 1536 pectorali
570 1478 624 1538 pro
642 1457 818 1520 Oratoribus
840 1459 953 1538 Regum

173 1568 202 1617 et
234 1556 432 1635 Principum,
465 1558 515 1636 qui
548 1559 729 1619 coronationi
764 1560 954 1621 interessent:

170 1659 261 1737 posita
280 1662 365 1717 etiam
381 1658 500 1719 luerunt
521 1658 549 1719 in
570 1662 657 1739 plano
674 1662 770 1741 primo
796 1673 826 1722 et
850 1657 954 1737 majori

170 1761 207 1819 ad
227 1760 358 1821 dextram
382 1762 521 1833 intrante,
538 1763 598 1822 siae
617 1763 795 1834 ascendente,
810 1761 894 1839 juxta
911 1767 955 1824 lo·

171 1879 241 1921 cum
264 1873 430 1934 cantorum,
448 1865 681 1937 multascamna,
694 1883 748 1943 pro
759 1862 908 1924 Nobilibus
925 1877 954 1926 et

172 1962 294 2024 licronis
314 1961 508 2041 Neapolitanis
526 1975 554 2024 et
576 1965 679 2044 Regni.
696 1988 699 1991 ¹
772 1995 774 1998 ·

212 2061 299 2125 Circa
319 2064 411 2124 altare
431 2083 482 2144 per
499 2066 645 2125 tribunam
664 2066 700 2125 ab
723 2078 847 2145 utroque
864 2067 952 2127 latere

170 2164 259 2243 posita
281 2165 400 2224 luerunt
420 2166 506 2243 pallia
528 2165 660 2227 braccati
681 2168 773 2240 aurei3
793 2178 874 2227 extra
896 2166 954 2227 tri·

169 2263 276 2322 bunum
294 2283 346 2342 per
367 2264 439 2324 illud
461 2274 573 2325 tantum
597 2285 703 2346 corpus
725 2269 916 2329 transversale
937 2286 953 2326 a

170 2375 295 2442 quatuor
318 2365 473 2440 lateribus,
508 2378 537 2428 et
569 2368 606 2427 ab
639 2379 763 2448 utraque
788 2380 873 2449 parte
900 2387 953 2448 per

170 2476 259 2527 totam
286 2484 388 2527 narem
410 2467 532 2528 mediam
565 2470 702 2530 ecclesiae
723 2471 815 2549 posita
836 2470 954 2531 inerunt

171 2568 257 2646 pallia
279 2567 365 2628 etiam
384 2567 515 2630 braccati
536 2581 565 2629 et
585 2570 640 2629 alia
662 2573 808 2650 preciosa,
832 2589 954 2633 numero

168 2668 266 2729 lorsan
288 2684 335 2729 cc.
353 2669 398 2729 rel
418 2669 515 2744 circa,
537 2682 566 2732 et
588 2690 693 2751 eorpus
709 2671 785 2733 illud
801 2682 954 2734 transver-

169 2769 228 2829 sale
249 2769 346 2847 panais
368 2770 537 2831 coelestibus
560 2782 589 2832 et
611 2773 683 2832 albis
702 2771 832 2833 divisatis
853 2775 953 2834 totali·

170 2883 215 2934 ter
231 2885 386 2954 ermpertus
405 2885 433 2934 et
448 2874 476 2934 in
492 2894 524 2936 ea
544 2887 626 2954 parte
640 2895 740 2955 sperae
756 2877 884 2956 appensis
899 2896 954 2957 pro

171 2988 294 3046 ornatu,
315 2987 458 3054 utsupra
487 2977 579 3038 altare
604 2976 699 3056 majus
727 2977 853 3056 positum
881 2978 954 3038 illud

168 3078 288 3156 pallium
303 3078 436 3138 braccati
452 3079 548 3152 aurei,
565 3079 651 3140 etiam
667 3096 763 3140 omncs
779 3077 857 3138 illius
881 3086 953 3158 gra·

169 3170 222 3229 dus
244 3172 421 3249 cooperiens.

167 3331 170 3335 ,
209 3270 249 3330 Et
278 3271 345 3348 quia
372 3271 514 3332 ordinatio
540 3273 739 3333 coronationis
764 3269 954 3348 hujusmodi,

169 3373 271 3432 saltem
293 3373 387 3450 quoad
416 3370 649 3445 caerimonialia,
683 3373 754 3432 mibi
787 3373 952 3436 incumbere

170 3471 348 3543 ridebatur,
380 3483 413 3532 ut
444 3472 570 3533 debitum
602 3474 688 3534 cilicii
716 3473 786 3534 mibi
809 3475 951 3535 commissi

168 3572 286 3632 lucilius
306 3575 512 3651 persolverem,
527 3574 581 3634 leci
604 3574 734 3635 rotulum
756 3575 819 3635 sire
839 3593 953 3637 memo·

169 3674 241 3733 riale
256 3672 386 3733 omnium
408 3690 462 3750 pro
483 3690 529 3744 ea,
549 3691 612 3732 meo
630 3670 756 3748 judicio,
775 3675 952 3735 necessario·

168 3791 258 3845 rum,
280 3769 445 3849 hujusmodi
466 3775 598 3833 tenoris:

209 3874 396 3935 Necessario
404 3893 465 3954 pro
475 3839 682 3936 coronatiorie
692 3875 952 3937 screnissimille-

169 3976 218 4058 pis
237 3974 400 4054 Alpbonsi,
412 3976 451 4035 de
473 3975 636 4057 drogoniu
660 3975 798 4037 Secundi
814 3975 952 4040 Siciliae

168 4076 274 4158 Regis.

210 4178 393 4239 Triduanum
425 4173 567 4256 jejunium
599 4176 717 4240 destinet
747 4178 830 4249 Rex,
857 4189 885 4240 et
915 4178 951 4237 ad

169 4280 399 4340 communionem
421 4289 551 4357 separet
577 4277 720 4358 (intellexi
749 4298 835 4359 super
858 4278 950 4340 buca

171 4376 320 4455 blajestate
342 4379 403 4439 Sua
430 4378 487 4439 SS.
512 4379 612 4453 D.,ll.
642 4400 750 4447 secum,
768 4383 951 4462 dispensasse,

168 4479 247 4558 quod
270 4480 353 4539 unica
377 4490 487 4539 tuntum
508 4480 553 4540 die
568 4478 741 4564 jejunaret).

209 4579 339 4642 Ecclesia
360 4590 492 4659 paretur,
508 4592 537 4643 et
551 4595 671 4644 ornetur
687 4584 802 4663 pannis,
816 4595 845 4646 et
858 4587 950 4664 palliis

168 4681 342 4744 solemnibus
358 4698 417 4759 quo
431 4681 516 4742 modo
531 4679 595 4743 lieri
614 4695 717 4762 potest,
729 4695 757 4747 et
773 4686 802 4745 in
816 4706 860 4759 ea,
878 4706 951 4765 sug·

168 4794 265 4864 gesta,
285 4784 453 4854 thalamus,
473 4794 503 4844 et
523 4783 653 4862 gradus,
674 4803 709 4845 ac
730 4785 786 4845 alin
809 4797 843 4845 ut
867 4805 952 4848 com-

168 4883 280 4945 modius
295 4883 357 4946 beri
379 4892 480 4962 potest

210 4985 362 5046 Credentia
378 5004 432 5065 pru
449 5004 542 5058 more,
564 4985 661 5061 tabula
677 4987 781 5048 tobalia
796 5006 899 5067 magua
914 4988 950 5048 ad

170 5095 279 5147 terram
296 5099 449 5164 cooperta,
464 5097 492 5148 et
511 5106 578 5148 rasa
600 5088 723 5168 desuper
745 5088 782 5147 ad
797 5101 952 5163 ornatum,

169 5196 197 5247 et
218 5188 286 5258 alia,
305 5187 452 5249 uidelicet:

209 5286 277 5347 Duo
299 5286 435 5351 flascones
451 5290 548 5368 magni
559 5292 673 5371 argenti
685 5292 819 5354 inaurati.
832 5324 868 5339 -
883 5292 949 5355 Duo

1704 211 1812 297 (arus)

1037 369 1140 430 magau
1155 350 1268 411 bucolia
1283 361 1421 430 argentea
1435 349 1495 410 sire
1510 347 1612 409 cauni.
1624 379 1663 395 -
1676 346 1744 410 Duo
1761 349 1815 410 alia

1032 451 1144 512 bucalia
1171 453 1306 524 minora,
1323 451 1407 512 etism
1426 461 1561 530 argentea
1583 448 1645 509 sire
1672 450 1812 510 centri.-

1032 551 1099 613 lluo
1113 551 1284 614 candelabra
1299 570 1367 613 cum
1382 551 1581 611 luminaribus.
1595 580 1633 594 -
1652 549 1734 611 Calix
1751 569 1813 610 cum

1032 664 1133 730 patena
1163 664 1191 713 et
1217 653 1293 732 palla
1314 671 1348 712 ac
1372 652 1466 711 tribus
1494 651 1592 712 bostiis
1619 651 1733 730 magnis
1763 669 1815 730 pro

1032 753 1163 832 probris,
1178 773 1212 814 ae
1227 773 1283 832 pro
1302 753 1466 825 cardinale,
1481 771 1515 812 ac
1533 751 1627 812 tribus
1649 769 1705 831 pro
1725 750 1812 829 Rege,

1031 871 1105 931 quae
1132 854 1190 914 sint
1219 855 1302 932 longe
1330 854 1456 918 minores
1482 871 1536 931 pro
1563 854 1769 913 communione
1787 862 1815 912 et

1031 953 1155 1031 probris.
1169 986 1209 998 -
1224 953 1376 1033 ampullae
1391 973 1446 1032 pro
1463 954 1530 1014 vino
1548 962 1577 1013 et
1596 970 1673 1031 aqua
1695 972 1752 1032 pro
1769 971 1816 1012 sa·

1031 1053 1145 1116 critieio
1157 1086 1195 1098 -
1208 1056 1301 1115 Bursa
1318 1064 1385 1115 cum
1404 1055 1609 1135 corporalibus
1620 1087 1659 1100 -
1673 1053 1815 1114 Hostiaria

1032 1173 1098 1216 cum
1115 1155 1215 1216 hostiis
1228 1175 1263 1217 ea
1280 1173 1336 1233 qna
1351 1173 1404 1216 sno
1415 1166 1543 1234 tempore
1556 1154 1747 1217 extrahantur
1761 1163 1816 1214 tres

1033 1254 1140 1316 bustiae
1161 1258 1296 1335 superius
1319 1255 1505 1336 designatae,
1519 1265 1562 1316 ‘et
1588 1273 1676 1336 super
1699 1256 1816 1316 calicem

1031 1367 1196 1434 ponamus,
1221 1357 1281 1417 sire
1302 1373 1390 1435 super
1412 1366 1548 1435 patenam
1562 1389 1603 1401 —
1624 1356 1815 1418 Turribulum

1031 1475 1098 1517 cum
1113 1457 1253 1518 navicella
1268 1500 1277 1530 ‚
1292 1457 1424 1529 cocliari,
1441 1467 1470 1518 et
1484 1457 1648 1518 incenso-
1677 1456 1747 1518 Duo
1764 1460 1815 1518 ba·

1032 1558 1095 1617 cilia
1118 1569 1183 1638 apta
1214 1578 1268 1639 pro
1297 1560 1403 1620 lotione
1435 1578 1595 1633 manuum,
1626 1577 1719 1619 unum
1752 1576 1816 1618 caua

1030 1675 1121 1735 aqua,
1132 1659 1212 1719 aliud
1223 1679 1277 1739 pro
1290 1660 1441 1722 ablutione
1458 1660 1619 1741 recipienda
1631 1694 1671 1706 -
1686 1659 1817 1731 Quatnor

1034 1760 1186 1840 mappulae
1201 1762 1262 1822 sire
1276 1762 1409 1821 mantelia
1425 1781 1478 1841 pro
1494 1774 1633 1840 manuum
1646 1763 1815 1824 abstersione

1030 1891 1067 1905 -·
1082 1860 1177 1921 Taxes
1192 1879 1248 1920 rina
1268 1872 1407 1941 argentea
1427 1881 1485 1943 pro
1500 1864 1609 1942 probra
1626 1863 1767 1923 iacienda.
1778 1898 1816 1910 -

1029 1961 1155 2022 Medulla
1174 1963 1254 2041 panis
1276 1982 1331 2042 pro
1343 1964 1447 2025 lotione
1465 1983 1606 2024 manuum
1620 1976 1688 2043 post
1703 1966 1814 2024 unctio·

1030 2080 1093 2124 nem
1109 2062 1196 2141 llegis
1216 2095 1254 2115 -ν
1277 2062 1343 2124 Duo
1355 2082 1421 2123 vasu
1436 2064 1496 2125 sire
1512 2064 1626 2137 basilis,
1643 2083 1739 2125 unum
1753 2084 1812 2126 cuna

1032 2163 1115 2236 rino,
1126 2163 1205 2224 aliud
1220 2181 1286 2223 cum
1303 2182 1379 2242 aqua
1395 2183 1450 2244 pro
1469 2163 1616 2226 sacrificio
1630 2177 1660 2226 et
1675 2167 1813 2228 ablutione

1029 2297 1066 2309 -
1090 2264 1146 2324 Vas
1167 2282 1234 2324 cum
1257 2264 1321 2325 oleo
1344 2265 1673 2327 cathecumiuorum—
1699 2267 1815 2328 Bombix

1028 2364 1227 2443 adligandum
1243 2376 1270 2425 ct
1286 2365 1492 2444 extergendam
1508 2366 1663 2427 brachium
1685 2366 1774 2446 Regis
1791 2379 1814 2428 et

1030 2466 1103 2527 inter
1125 2467 1250 2546 spatulas
1272 2478 1335 2547 pust
1357 2468 1520 2529 unctionem
1542 2468 1632 2548 Regis
1654 2501 1692 2514 -
1719 2471 1813 2530 Fascia

1031 2567 1235 2647 adligandum
1256 2566 1414 2629 bombieem
1432 2567 1461 2627 in
1476 2567 1601 2629 brachio
1615 2601 1655 2613 -
1674 2569 1732 2630 l'cs
1754 2588 1814 2630 cum

1030 2668 1201 2729 carbonibus
1214 2667 1381 2729 ardentibus
1399 2669 1452 2727 sub
1469 2667 1620 2729 credentia
1642 2689 1698 2749 pro
1721 2669 1814 2730 tbari·

1030 2767 1098 2829 bulo
1123 2803 1154 2813 -
1174 2767 1310 2829 Sandalia
1331 2787 1400 2828 cum
1423 2771 1523 2850 caligis
1541 2802 1582 2815 -

1072 2870 1172 2929 litare
1186 2879 1306 2948 paretur
1322 2870 1448 2932 solemne
1464 2891 1531 2932 cum
1547 2871 1727 2933 candelabris
1737 2883 1765 2932 et
1777 2880 1814 2932 tot

1033 2968 1239 3043 luminaribus,
1253 2981 1282 3032 et
1297 2988 1387 3031 cruce
1402 2972 1430 3030 in
1446 2972 1542 3032 medio
1557 2984 1586 3033 et
1604 2972 1752 3050 aliquibus
1770 2991 1814 3032 re·

1031 3070 1128 3149 liquiis
1146 3089 1201 3151 pro
1216 3082 1318 3131 ornatu
1327 3093 1337 3144 3
1351 3079 1381 3132 et
1397 3072 1519 3152 desuper
1541 3075 1569 3133 iu
1590 3075 1686 3135 medio
1705 3091 1812 3153 ponsa·

1032 3183 1082 3233 tur
1102 3174 1197 3233 omnia
1219 3184 1384 3250 paramenta
1398 3173 1578 3235 Pontificalia
1601 3173 1685 3235 rubei
1700 3175 1813 3245 coloris,

1033 3272 1180 3333 videlicet:
1193 3272 1323 3332 dmictus
1336 3305 1376 3318 -
1387 3273 1503 3333 Alba-
1517 3273 1676 3353 Cingulum
1689 3306 1727 3318 -
1741 3275 1813 3336 Crux

1031 3373 1241 3451 pastoralis-
1265 3373 1347 3434 Stola
1373 3392 1440 3435 cum
1463 3374 1614 3438 Tanicella
1635 3408 1674 3422 -
1696 3376 1813 3436 Dalma-

1030 3476 1140 3535 tica-
1156 3474 1347 3537 Chirotbecae
1363 3509 1398 3520 -
1412 3476 1550 3538 Planctus
1560 3509 1596 3524 --
1614 3476 1747 3537 liitra-
1757 3479 1814 3538 ln·

1031 3578 1119 3637 nulus
1144 3575 1318 3637 Pontificalis
1343 3607 1379 3620 -
1401 3577 1487 3637 blitra
1506 3578 1702 3661 preciosal-
1724 3580 1813 3640 blani-

1029 3679 1115 3757 pulus
1136 3709 1174 3722 -
1191 3677 1275 3737 Ensis
1294 3679 1322 3736 in
1347 3680 1452 3757 vagina
1473 3679 1547 3758 llegi
1569 3680 1681 3741 dandus
1703 3714 1741 3726 -
1759 3682 1814 3742 Co·

1030 3796 1101 3837 roua
1123 3779 1203 3855 regia
1226 3794 1293 3836 cum
1316 3797 1368 3839 suo
1384 3778 1476 3840 bireto
1494 3815 1531 3830 -
1550 3781 1677 3842 Pomum
1691 3816 1728 3826 -
1744 3783 1812 3843 Sce-

1030 3887 1129 3956 ptruan
1145 3877 1340 3937 -Vexillum
1362 3879 1434 3958 Regi
1456 3880 1581 3940 dandum
1599 3885 1626 3961 in
1647 3884 1812 3944 investitura

1030 4012 1068 4024 -
1080 3976 1161 4039 Duae
1177 3977 1266 4038 Paces
1277 4010 1315 4022 -
1328 3980 1360 4038 ln
1372 3999 1465 4041 cornu
1477 3980 1627 4062 Evangelii
1647 3994 1811 4062 paramenta

1030 4096 1083 4156 pro
1104 4078 1232 4140 Diacouo
1250 4123 1258 4151 ‚
1279 4079 1435 4145 videlicet:
1469 4083 1601 4144 Amictus
1622 4117 1662 4129 -
1684 4085 1759 4147 atta
1777 4119 1811 4132 -

1029 4180 1185 4259 Cingulum
1195 4214 1230 4225 -
1241 4181 1321 4242 Stola
1329 4214 1365 4225 -
1377 4183 1540 4263 Manipulus
1549 4220 1587 4232 —
1601 4184 1764 4247 Dalnsatica
1777 4221 1810 4231 -

1029 4282 1060 4341 ln
1083 4300 1173 4343 coruu
1194 4282 1337 4361 Epistulae
1350 4295 1517 4362 paramenta
1538 4304 1593 4364 pro
1616 4281 1810 4359 subdiacano,

1030 4382 1181 4443 videlicet:
1214 4383 1345 4442 amictus
1372 4419 1411 4430 ·-
1436 4385 1507 4444 Alba
1535 4387 1757 4467 -Cingulum
1774 4422 1810 4435 -

1028 4483 1192 4563 lilanipulus
1208 4515 1247 4526 -
1264 4484 1414 4546 'Punicella
1425 4521 1459 4532 --
1475 4487 1608 4549 Pluviale
1623 4508 1680 4568 pro
1697 4492 1811 4571 cappel-

1029 4588 1093 4645 lano
1111 4584 1222 4663 liegato
1240 4587 1386 4648 assistente
1405 4621 1445 4632 -
1464 4589 1585 4649 'l'obalia
1599 4591 1661 4652 sire
1676 4594 1808 4672 mappula

1027 4707 1082 4767 pro
1097 4687 1184 4747 lilitra
1197 4723 1235 4735 -
1247 4688 1377 4750 Pluviale
1392 4709 1445 4770 pro
1460 4691 1518 4751 alio
1529 4693 1810 4773 cappellaualegato

1028 4789 1164 4850 baculum
1186 4790 1356 4868 pastoralem
1380 4801 1491 4854 tenente
1511 4824 1551 4836 -
1570 4795 1700 4855 Baculus
1718 4806 1811 4875 pasto·

1028 4890 1106 4951 ralis.
1118 4919 1157 4934 -

1070 4991 1174 5072 Prope
1190 4992 1294 5053 ultore
1307 4992 1374 5054 siae
1387 4994 1581 5056 credentium
1600 4996 1665 5057 sint
1683 4996 1802 5077 parati:

1069 5090 1157 5155 Liber
1179 5111 1246 5154 cum
1266 5093 1387 5156 Psalmis
1410 5095 1508 5166 Quum
1541 5099 1692 5161 dilectum
1709 5110 1762 5162 etc.
1782 5106 1808 5156 et

1027 5194 1213 5254 orationibus.

1075 5295 1140 5361 Pro
1156 5296 1276 5377 [sepulc
1296 5296 1422 5376 quondo
1441 5317 1475 5360 ae
1489 5299 1621 5378 parabit
1635 5323 1645 5362 .·
