3758 6030
180 250 243 311 lib
674 244 960 310 rontutct‘ttts
981 241 1205 306 mutinum
1227 240 1355 305 suxit.

224 384 278 443 Die
299 382 387 445 tertia
404 382 577 463 septembris
609 382 700 444 lilii.
728 383 865 445 Salvator
898 381 974 442 fliius

186 484 306 562 quidum
319 484 397 544 Tatii
412 483 488 544 delio
506 482 598 555 llosso
609 487 638 543 in
653 484 750 545 medio
765 485 858 563 campi
869 481 974 544 Florae

185 579 974 664 insultavitDominicumiiencaccadutam(Delmini-

182 685 304 756 micum,
321 702 389 744 cum
401 703 459 762 quo
482 695 578 745 tamen
587 684 641 744 sub
653 682 844 762 fideijussicne
855 683 974 743 >vivebat

184 785 409 864 quingentorum
448 784 644 857 ducatorum,
672 785 824 864 ipsumque
857 782 972 842 duabus

184 884 418 965 percussionibus
438 887 579 965 percussit
597 897 624 947 et
645 885 813 946 vulneravit
834 884 972 957 letaliter3

181 1005 215 1047 ex
239 987 344 1066 quibus
366 997 501 1047 mortuus
526 985 589 1047 luit.
614 985 656 1046 Et
684 998 788 1066 quarta
812 986 856 1047 die
892 984 972 1063 Papa

184 1087 261 1147 misit
296 1087 582 1149 Viae-Camerarium
604 1105 671 1147 cum
694 1087 973 1159 conservatoribus,

180 1199 210 1250 ct
238 1197 302 1250 toto
332 1189 441 1268 populo
458 1188 494 1247 ad
517 1188 720 1249 destruendam
748 1187 812 1265 ejus
833 1189 973 1261 domum,

186 1305 306 1366 eamque
326 1287 474 1348 destruxit.
490 1286 527 1348 Et
545 1289 642 1351 eadem
660 1301 765 1368 quarta
780 1288 824 1350 die
844 1300 978 1369 septem·-

184 1388 245 1449 bris
258 1388 339 1450 libii
351 1388 546 1471 Hieronymus
565 1390 656 1452 lrater
669 1386 738 1451 dicti
761 1390 924 1451 Salvatoris
936 1389 974 1448 ad

183 1489 346 1550 instantiam
358 1489 427 1550 dicti
439 1490 582 1550 Dominiei
592 1491 817 1569 luit-suspensus
830 1501 973 1571 utsupra.

221 1590 294 1650 ltem
310 1600 414 1667 quarta
431 1589 537 1660 die,·de
552 1609 586 1652 ec
602 1590 657 1650 luit
669 1600 816 1670 amunrpta
833 1589 973 1663 vindicta,
994 1641 997 1651 .

181 1690 260 1769 quod
276 1692 335 1751 'non
356 1699 400 1750 est
418 1688 617 1761 credendum,
637 1690 696 1751 sine
712 1689 766 1750 Dei
794 1689 974 1769 dispositione

182 1790 364 1871 processisse.
376 1789 454 1869 Papa
461 1788 705 1868 abstulitpoeoam
718 1807 735 1848 a
746 1786 972 1865 fidejussoribus.

224 1889 334 1951 Eodem
347 1906 444 1951 mense
461 1888 621 1950 Alexander
641 1889 785 1949 ordinarit
806 1879 969 1950 visitatores

180 2008 351 2062 carcerum,
378 2001 408 2051 et
434 1990 501 2050 lecit
523 2000 652 2067 quatuor
673 1989 893 2049 Commissarios
921 1991 971 2067 qui

180 2089 315 2152 audirent
346 2090 477 2168 querelas
500 2093 528 2150 in
552 2088 642 2153 Urbe.
665 2088 704 2150 Et
729 2089 874 2150 ordinavit
899 2082 971 2170 syu-

179 2191 308 2251 dicatum
346 2191 486 2270 Vignolae
515 2203 544 2252 et
565 2208 688 2251 suorum
711 2188 908 2262 officialium,
942 2203 972 2252 et

179 2292 280 2354 statuit
291 2291 465 2352 audientiam
481 2292 509 2351 io
521 2292 567 2352 die
583 2291 685 2355 martis
698 2291 832 2354 omnibus
848 2292 973 2367 civibus,

181 2400 241 2451 tam
261 2391 391 2451 maribus
413 2409 501 2470 quam
523 2392 663 2465 foeminis,
681 2402 710 2453 et
728 2393 838 2453 audivit
854 2389 972 2472 ipsemet

172 2491 326 2571 ‘querelas
338 2502 367 2553 et
375 2489 517 2569 justitiam
531 2492 655 2553 mirabili
669 2491 754 2554 modo
763 2493 859 2555 lacere
871 2493 970 2573 coepit.

222 2591 331 2653 Eodem
354 2611 439 2663 anuo,
458 2612 554 2654 meuse
579 2593 752 2665 decembris,
777 2613 884 2675 parum
901 2604 967 2655 ante

181 2692 297 2752 Domini
319 2692 502 2754 Nativitatem
518 2694 582 2754 Don
594 2694 765 2755 Friderieus
786 2693 864 2755 lilius
883 2695 971 2774 Regis

183 2791 371 2864 Ferdinaodi,
394 2804 530 2871 tanquam
560 2793 753 2856 ambasciator
775 2794 882 2868 Patris,
896 2795 974 2858 venit

182 2892 219 2952 ad
239 2891 348 2956 Urbem
370 2893 407 2953 ad
429 2892 629 2974 praestandam
646 2895 838 2957 obedientiam
851 2907 881 2958 et
897 2898 973 2959 veuit

181 2994 308 3053 muitum
321 2998 461 3073 suptucse
479 3006 508 3056 et
523 2995 594 3055 bene
614 3007 754 3079 ornatus,
762 2995 800 3056 Et
817 3015 884 3057 eum
906 3015 972 3056 ma·

178 3111 237 3172 guo
268 3093 379 3156 bonore
411 3096 466 3156 init
499 3105 633 3175 receptus
653 3115 670 3154 a
691 3097 837 3158 Cardioali
871 3096 970 3159 Sancti

179 3193 258 3270 Petri
277 3193 312 3253 ad
336 3196 478 3269 Vincula,
498 3195 547 3276 qui
569 3198 640 3258 adeo
663 3195 821 3260 honorilice
839 3210 867 3260 et
886 3217 971 3258 sum-

181 3304 284 3374 ptuose
302 3314 369 3357 eum
386 3299 496 3377 recepit
508 3310 536 3359 et
555 3317 607 3378 per
627 3299 738 3378 aliquot
761 3300 821 3360 dies
838 3301 971 3375 retinuit,

178 3407 213 3457 ut
235 3399 282 3456 vix
301 3397 359 3459 dici
381 3399 485 3476 possit.
510 3400 631 3472 Fertur,
653 3399 765 3467 dictum
786 3392 969 3461 Fridericum

177 3495 254 3557 inter
269 3498 326 3557 alia
343 3499 447 3559 dixisse
468 3499 562 3579 Papae
585 3500 750 3562 Alexandro
771 3502 797 3560 in
820 3501 970 3562 Consistc·

180 3599 249 3670 rio,
270 3610 304 3659 ut
324 3600 477 3663 abstineret
497 3619 513 3659 a
535 3599 741 3679 dispensatione
770 3603 968 3677 matrimonii,

183 3718 271 3777 quarn
293 3702 412 3780 petierat
438 3699 501 3762 Rex
529 3700 686 3778 ngariae,
707 3703 760 3781 qui
783 3703 897 3765 volebat
918 3723 969 3765 re-

820 3844 966 3859 —u--n-n
975 3838 978 3844 ¹

176 3892 296 3955 eiusdem
314 3893 388 3953 voti,
412 3888 613 3957 promissionis,
631 3900 656 3945 at
678 3897 821 3958 iuramenti
838 3897 968 3948 observa·

180 3968 278 4023 tionem
297 3973 347 4023 sub
364 3974 434 4024 dicta
452 3975 619 4034 conditione,
636 3979 662 4024 et
680 3980 731 4025 bon
749 3978 813 4026 alias
839 3977 967 4038 obligasse

177 4064 209 4101 ac
226 4054 311 4101 teneri
330 4053 463 4111 votuisse,
481 4055 612 4116 licereque
630 4055 706 4103 nobis
729 4054 762 4106 ad
779 4056 815 4104 tui
834 4056 858 4104 in
875 4055 969 4105 Cardi-

176 4132 262 4181 aalem
280 4134 489 4194 assumptionem
504 4133 667 4195 procedere,
684 4136 760 4191 voto,
777 4135 967 4196 promissione,

175 4212 202 4258 et
220 4210 368 4265 juramento
397 4211 543 4272 praedictis
572 4214 677 4261 minima
704 4212 917 4274 refragantibus,
941 4218 967 4262 et

131 4286 133 4290 ’
176 4299 226 4347 pro
242 4289 339 4348 potiori
357 4291 458 4339 cautela
471 4290 505 4339 ad
522 4290 710 4341 obstruendum
729 4304 775 4341 ora
787 4294 825 4342 sic
843 4303 968 4341 assaren-

174 4367 257 4422 tium,
275 4367 319 4427 qui
336 4366 369 4415 de
387 4368 536 4424 huiusmodi
553 4370 737 4420 declarationis
759 4374 865 4420 nostrae
882 4373 908 4419 in
926 4371 966 4421 bis

179 4445 282 4493 viribus
300 4447 322 4494 ei
341 4446 491 4496 sufficientia
517 4449 601 4498 adbuc
625 4450 803 4508 haesitarent,
819 4463 867 4500 nos
893 4452 965 4512 ipsos

174 4523 207 4573 de
225 4525 303 4572 simili
316 4527 424 4574 consitio
436 4529 462 4575 et
480 4540 600 4587 assensu,
613 4533 639 4578 et
652 4518 812 4592 apostoticae
824 4530 966 4592 potcstatis

176 4604 359 4667 plenitudine,
386 4605 474 4666 quoad
503 4607 538 4654 tui
569 4611 774 4671 assumptionem
802 4610 964 4672 praedictam

175 4685 327 4743 dumtaxat,
345 4698 358 4734 a
385 4689 465 4745 voto,
482 4686 659 4748 promissione
675 4692 701 4737 et
720 4689 871 4751 juramento
888 4701 966 4752 prae·

174 4764 271 4824 dictis,
287 4766 309 4814 si
327 4767 353 4814 ai
370 4769 499 4828 quatenus
512 4764 653 4826 expediat,
670 4766 853 4825 absolvimuS,
870 4779 900 4816 ac
917 4767 966 4815 de-

176 4839 310 4894 cernimus
327 4843 361 4892 ad
386 4843 550 4905 probandum
574 4845 652 4905 plene
671 4845 819 4907 hujusmodi
846 4849 963 4896 nostram

176 4926 203 4971 et
215 4921 361 4972 eorundem
375 4920 486 4972 iratrum
499 4931 650 4973 nostrorum
669 4925 694 4973 in
706 4927 743 4974 sic
760 4924 893 4981 vovendo,
904 4938 966 4987 pro·
1010 4972 1013 4980 ,

174 4995 320 5053 mittendo,
344 5006 374 5044 ac
399 4995 511 5051 iurando
535 4996 723 5046 necessitatem
742 5001 769 5046 et
792 4998 963 5046 intentionem

172 5076 331 5135 praesentes
358 5074 448 5123 literas
467 5075 603 5135 sufficere,
620 5079 646 5125 et
663 5075 773 5125 atterius
798 5076 963 5138 probationis

1728 240 1835 325 (arm)

1043 381 1186 441 nmteiare
1203 362 1367 440 beatiorem
1381 375 1445 454 ejus
1468 395 1599 451 uxorem,
1612 389 1643 439 et
1657 376 1750 438 liliam
1768 378 1834 440 dicti

1042 480 1151 560 Regis,
1172 498 1206 540 eo
1225 479 1304 558 quod
1321 498 1356 540 ex
1374 497 1407 539 ea
1426 497 1484 539 non
1505 477 1678 557 suscipiebat
1697 480 1831 555 prolem,

1042 580 1195 643 ctvolebat
1217 599 1320 660 capere
1343 577 1430 639 liliam
1453 580 1543 640 Ducis
1564 579 1785 640 illedioianeusis
1799 600 1832 641 ac

1041 701 1173 744 acrorem
1200 681 1315 743 Ascanii
1341 680 1503 742 cardinatis
1536 680 1777 752 lllediolaneosis,
1805 693 1832 744 et

1043 782 1126 860 quod
1145 800 1198 862 pro
1210 781 1285 842 dicta
1297 780 1505 861 dispensatione
1527 781 1728 858 consequenda
1743 784 1831 843 multa

1043 883 1133 943 miliia
1155 884 1329 944 ducatorum
1357 881 1560 942 offerebantur.
1583 879 1621 942 Et
1649 899 1719 942 cum
1755 881 1828 962 Papa

1042 981 1202 1045 intenderet
1220 982 1316 1043 lucere
1336 982 1420 1042 talem
1440 983 1696 1062 dispensationem,
1717 985 1831 1046 luerunt

1042 1084 1151 1145 multae
1173 1084 1247 1144 inter
1266 1101 1315 1144 eos
1340 1085 1553 1156 altercationes,
1567 1084 1650 1157 adeo,
1677 1085 1782 1162 quod,
1804 1097 1832 1147 ut

1042 1183 1149 1256 lemur,
1172 1183 1266 1243 iratus
1284 1185 1426 1256 recessit,
1445 1192 1474 1244 et
1494 1203 1546 1263 per
1562 1202 1641 1243 mare
1662 1183 1702 1243 ad
1720 1182 1830 1246 Ostiam

1042 1284 1104 1345 ivit.
1131 1283 1171 1346 Et
1201 1282 1360 1346 Cardinaiis
1383 1283 1414 1344 S.
1436 1284 1516 1344 Petri
1549 1283 1584 1344 ad
1619 1285 1748 1346 Vincula
1771 1305 1831 1347 eun

1042 1405 1076 1446 eo
1098 1387 1170 1459 ivit,
1191 1386 1240 1462 qui
1255 1428 1265 1458 ,
1278 1396 1322 1460 pt.
1334 1386 1454 1459 dicitur,
1473 1405 1506 1447 ex
1522 1405 1557 1446 eo
1571 1386 1650 1464 quod
1668 1387 1747 1466 iavit
1760 1387 1831 1448 dieto

1042 1486 1137 1566 Regi,
1152 1488 1247 1549 iactus
1261 1488 1318 1546 luit
1338 1488 1471 1547 inimicus
1482 1486 1587 1568 Papae,
1601 1488 1675 1549 adeo
1691 1489 1773 1566 quod
1784 1507 1830 1550 nc·

1044 1587 1132 1647 luerit
1144 1590 1267 1667 amplius
1279 1587 1375 1647 redire
1397 1576 1432 1646 ad
1455 1585 1576 1659 Urbem,
1596 1580 1646 1648 sed
1665 1591 1831 1649 remanserit

1041 1687 1070 1746 in
1082 1685 1248 1748 arcedlctae
1259 1680 1390 1748 Civitatis
1398 1684 1497 1749 Ostiae
1505 1686 1575 1749 beue
1586 1699 1723 1748 armatus
1729 1698 1759 1749 et
1771 1707 1830 1748 mu·

1043 1791 1129 1866 nitus,
1141 1807 1175 1849 ac
1186 1791 1210 1848 si
1222 1807 1358 1867 campum
1371 1801 1473 1850 contra
1483 1808 1513 1850 se
1523 1799 1737 1876 expectat-equ
1747 1789 1830 1850 absti-

1042 1892 1138 1951 nuerit
1153 1883 1252 1950 venire
1262 1889 1299 1948 ad
1312 1889 1431 1952 Urbem.
1447 1889 1485 1950 Et
1497 1907 1588 1968 quum
1600 1892 1689 1952 semei
1703 1889 1784 1970 Papa
1794 1893 1830 1950 l·

1042 1991 1176 2053 lexander
1194 1992 1358 2054 destinasset
1379 1992 1421 2052 ire
1447 2001 1475 2050 et
1496 1991 1637 2071 prandere
1668 1993 1696 2052 in
1732 1994 1829 2072 palatio

1044 2093 1143 2154 Sancti
1164 2092 1301 2154 lobannis
1323 2093 1409 2153 della
1429 2078 1604 2176 dluqlirroo,
1622 2090 1687 2169 jam
1712 2113 1766 2173 per
1786 2094 1828 2152 ln·

1043 2193 1209 2256 nocentium
1227 2203 1394 2254 constructo
1413 2204 1441 2254 et
1459 2204 1563 2253 ornato
1579 2209 1764 2272 ,quumque
1782 2212 1827 2272 ap·

1044 2297 1266 2374 propinquasset
1280 2292 1317 2351 ad
1332 2295 1440 2365 locum,
1458 2294 1499 2352 iili
1515 2295 1565 2371 qui
1579 2293 1617 2352 ibi
1632 2305 1720 2354 erant
1736 2313 1827 2354 cansa

1044 2394 1165 2475 parandi
1182 2393 1358 2475 prandium,
1379 2412 1469 2473 quum
1486 2394 1621 2455 vidissent
1638 2413 1709 2456 eum
1725 2415 1826 2476 appro-

1045 2498 1247 2577 pinquantem,
1269 2505 1388 2576 propter
1409 2495 1549 2555 laetitiam
1571 2506 1728 2556 traxerunt
1749 2514 1826 2555 unam

1041 2595 1230 2659 bombardam
1252 2614 1384 2674 grossam
1396 2616 1407 2668 3
1429 2612 1487 2673 qus
1509 2596 1607 2655 audita
1635 2596 1735 2656 subito
1757 2597 1826 2675 Papa

1040 2697 1226 2776 perterritus,
1246 2697 1332 2763 ctiam
1344 2694 1464 2776 jejunus
1486 2696 1663 2771 retrocessit,
1679 2717 1827 2759 reversus·

1043 2814 1100 2873 qne
1122 2806 1163 2857 est
1189 2797 1217 2855 in
1245 2782 1383 2876 palatium
1414 2796 1514 2858 Sancti
1547 2797 1651 2871 Petri,
1673 2816 1709 2860 eo
1734 2796 1826 2877 quod,

1043 2909 1076 2959 ut
1107 2896 1226 2977 ipsemet
1255 2896 1346 2969 disit,
1379 2899 1496 2972 timuit,
1522 2917 1566 2967 ne
1589 2900 1639 2959 iila
1673 2898 1825 2960 bombarda

1040 2997 1140 3060 luisset
1156 2999 1273 3076 signum
1289 2997 1389 3059 datum
1406 2999 1553 3060 Cardiuaii
1568 3001 1671 3060 Sancti
1694 3000 1775 3061 Petri
1791 2999 1822 3059 ad

1041 3098 1186 3170 Vincula,
1210 3107 1244 3159 ut
1264 3091 1358 3179 ipsum
1391 3110 1508 3180 caperet
1529 3102 1557 3162 in
1579 3100 1658 3162 dieto
1692 3102 1766 3162 icco.
1792 3098 1824 3159 n

1040 3201 1132 3260 noluit
1145 3199 1183 3260 ibi
1201 3202 1331 3272 intrare,
1352 3200 1399 3260 sed
1419 3202 1603 3285 incontinenti
1619 3204 1740 3264 recessit
1759 3221 1820 3262 curn

1040 3292 1103 3345 toto
1127 3281 1190 3360 ejus
1212 3284 1352 3344 corrritatu
1363 3305 1375 3357 3
1397 3289 1447 3363 qui
1480 3305 1536 3346 non
1557 3289 1617 3348 sine
1650 3306 1821 3368 magnaeo·

1039 3404 1107 3446 rum
1130 3385 1314 3446 incommodo
1349 3387 1459 3446 reversi
1484 3398 1551 3448 sum
1583 3388 1620 3447 ad
1643 3389 1776 3469 Urbem,
1793 3406 1821 3450 cc

1040 3487 1108 3564 quia
1130 3485 1226 3545 adbuc
1246 3482 1340 3563 jejuni
1362 3495 1454 3546 erant.

1079 3586 1228 3654 Dominica
1251 3584 1400 3668 (Dpnma
1414 3587 1571 3660 Adventus,
1594 3587 1624 3648 i.
1651 3587 1819 3661 decembris,

1038 3687 1074 3748 li.
1092 3681 1127 3748 P.
1147 3687 1418 3749 D.'Bartboiomeus
1429 3685 1525 3767 Episc.
1539 3688 1766 3767 Segrobicensis,
1777 3707 1818 3768 pa·

1039 3788 1100 3847 latii
1119 3786 1175 3847 SS.
1194 3788 1308 3849 Domini
1330 3787 1364 3848 tt.
1380 3791 1517 3867 magister
1533 3789 1648 3861 domus,
1660 3791 1691 3849 iu
1702 3791 1819 3870 cappella

1038 3886 1150 3964 majore
1170 3889 1272 3950 Palatii
1291 3889 1367 3968 apud
1389 3890 1529 3950 Sanctum
1547 3890 1670 3950 Petrum
1705 3889 1820 3951 cantavit

1038 3988 1164 4064 lilissam,
1182 3978 1258 4073 Papa
1272 4004 1299 4053 et
1312 3992 1511 4053 Car'dinalibus
1522 3992 1820 4073 pt·aesentibus.Finita

1040 4091 1127 4152 iilissu
1143 4091 1198 4153 SS.
1217 4092 1253 4152 D.
1276 4091 1310 4153 lV.
1333 4094 1361 4152 iu
1380 4093 1452 4154 salio
1468 4093 1567 4155 sedens
1582 4076 1724 4154 benedixit
1740 4110 1818 4153 uuum

1037 4211 1145 4267 ensem,
1162 4210 1207 4254 mc
1222 4194 1317 4273 ipsunt
1334 4204 1457 4267 tenente,
1478 4205 1507 4255 et
1528 4195 1638 4255 creavit
1658 4195 1687 4254 in
1710 4196 1817 4255 militen

1038 4293 1136 4354 Sancti
1149 4294 1227 4354 Petri
1240 4292 1275 4351 D.
1286 4293 1429 4354 Thomam
1442 4294 1476 4354 de
1491 4293 1680 4367 Minerbettis‚
1693 4296 1787 4356 civem
1798 4304 1818 4354 et

1038 4381 1195 4455 Oratorem
1217 4395 1429 4469 Floretttiuum3
1442 4407 1471 4458 et
1485 4397 1629 4458 consuetis
1650 4394 1818 4458 caerimoniis

1037 4495 1154 4556 donarit
1173 4497 1200 4556 ei
1222 4512 1314 4555 ursum
1335 4496 1457 4576 signum
1472 4515 1540 4558 eam
1574 4498 1669 4557 tribus
1690 4498 1784 4578 perlis

1080 4593 1299 4679 Eodemlb)dle,
1313 4616 1365 4677 per
1377 4609 1492 4678 portam
1501 4598 1679 4659 Viridariam
1697 4600 1816 4658 intrare·

1036 4706 1106 4756 runt
1117 4697 1227 4759 Urbem
1239 4708 1365 4776 quatuor
1380 4695 1520 4760 Oratores
1526 4698 1692 4774 lunuenses,
1704 4700 1722 4760 i.
1739 4722 1763 4760 e.
1775 4697 1815 4759 la·

1036 4799 1126 4861 cobus
1142 4799 1268 4878 Spiuoia·
1280 4801 1433 4878 utriusque
1444 4799 1522 4879 juris
1544 4801 1666 4875 Doetor,
1684 4801 1815 4862 lohannes

1035 4900 1165 4980 Baptista
1185 4900 1335 4972 Adaeum,
1349 4901 1458 4961 Pacius
1469 4902 1503 4963 de
1518 4903 1625 4973 Fiisco,
1641 4913 1670 4963 et
1686 4901 1813 4962 Silvestre

1034 5001 1137 5063 lnurea
1157 5003 1233 5064 cives
1247 5000 1406 5085 laudenses
1417 5003 1467 5081 qni
1483 5021 1498 5061 a
1515 5002 1630 5063 familiis
1645 5002 1699 5064 SS.
1712 4999 1812 5063 Domini

172 5151 359 5202 adminiculum
387 5167 438 5203 noo
467 5156 582 5218 requiri,
606 5160 656 5205 etc.
684 5154 741 5204 Dat.
768 5155 865 5206 Romae
892 5156 961 5218 apud
1039 5147 1050 5155 ”

174 5230 198 5280 S.
214 5231 318 5280 Petrum
336 5245 405 5282 auno
429 5240 589 5284 mccccxctt.
605 5235 657 5284 ital.
671 5233 840 5296 septembris.

216 5310 251 5374 (t)
268 5309 294 5359 io
312 5315 386 5364 textu
402 5312 555 5375 tiaratorii,
571 5312 785 5366 Bcoccccdutuos.

1073 5235 1108 5296 (bi
1124 5232 1217 5295 incipit
1235 5233 1276 5282 bic
1292 5231 1378 5282 codex
1389 5232 1491 5282 iiibtiot.
1508 5230 1725 5296 ilagiiabeabiao.

1076 5315 1116 5376 tsi
1132 5312 1235 5364 Textus
1250 5311 1362 5364 Eccsrdi
1379 5313 1422 5362 bic
1439 5313 1541 5363 initium
1559 5312 1650 5364 babet.
