3764 6036
182 248 240 312 -ΙΙθ
660 248 946 314 ronrmtcsrtts
966 245 1198 312 innuebatur
1213 244 1368 310 ueriti.

176 386 357 467 alphonsum
373 431 507 448 .....
530 389 783 454 serenissimorum
804 388 968 470 principum

179 487 354 549 Perdinsudi
376 488 464 568 regis,
482 500 511 551 et
533 488 706 551 Elisabettae
728 490 843 570 reginae
862 489 969 570 Hispa·

178 586 242 649 niae
267 589 344 669 apud
378 589 569 651 Sanctitatem
592 590 682 652 Suam
715 588 894 663 Oratorem,
922 592 970 652 cui

179 690 359 769 consignavit
378 690 483 750 llosam
506 691 682 770 praedictam
698 692 899 771 Serenissimae
914 691 969 752 do-

179 791 274 853 minae
293 790 466 871 praedictae,
487 793 599 852 nomine
611 792 776 854 sanctitatis
791 792 868 854 Suae
882 812 969 872 prae·

180 891 358 953 sentsndam.
378 891 450 951 lliilri
466 891 620 953 ridebatur
642 910 704 953 rem
725 893 829 953 debere
852 890 914 952 deri
941 893 969 952 in

181 1010 297 1051 camera
318 992 487 1072 Papagalli3
503 991 551 1052 sed
568 1004 720 1072 postquam
740 992 885 1054 Sanctitas
908 992 969 1053 Sua

181 1089 218 1149 ad
240 1091 319 1151 illam
343 1089 483 1164 rediisset,
496 1101 526 1152 et
543 1111 612 1152 eum
627 1091 663 1152 Β.
676 1093 711 1154 Ι).
728 1093 970 1156 Vicecancellario

180 1191 353 1265 Catbalano,
374 1191 448 1272 liegi
469 1193 620 1274 Hispaniae
645 1195 779 1268 iurante,
801 1197 970 1275 suspiciente

185 1310 248 1354 rem
275 1290 457 1383 hujusmodi,
477 1312 544 1355 cum
566 1292 670 1372 majori
692 1298 798 1376 gloria,
821 1298 849 1357 in
870 1297 969 1375 populi

179 1405 333 1474 conspectu
355 1394 384 1453 in
405 1393 480 1455 dicta
496 1398 624 1476 cappella
642 1396 704 1458 fleri
723 1397 913 1459 deliberatum
938 1409 968 1459 et

179 1491 289 1553 iactum
309 1503 361 1554 est.
384 1491 435 1554 His
456 1494 550 1570 iactis,
568 1495 647 1576 Papa
662 1498 750 1559 rediit
766 1499 804 1558 ad
825 1516 970 1563 cameram

180 1594 282 1655 ordine
318 1607 466 1657 consueto.
501 1597 537 1656 D.
565 1598 730 1677 Alpbonsus
752 1596 862 1660 Orator
884 1618 970 1679 praa·

178 1692 275 1756 dictus
295 1713 364 1756 eum
386 1696 462 1757 llosa
481 1699 596 1759 incessit
627 1711 691 1760 ante
715 1718 839 1781 erucem
857 1702 885 1760 in
905 1703 970 1763 loeo

178 1810 232 1855 suo
252 1794 328 1856 inter
347 1796 419 1857 alios
444 1795 595 1858 Oratores.
617 1799 775 1878 Postquam
797 1801 899 1880 Papa,
922 1801 970 1862 di-

178 1894 272 1956 missis
291 1892 321 1956 in
343 1915 459 1959 camera
481 1898 631 1979 Papagalli
651 1905 841 1980 paramentis,
855 1903 892 1962 ad
914 1923 967 1965 ca·

178 2014 276 2058 merus
307 2016 374 2057 suas
402 1998 552 2073 rediisset,
583 2013 764 2063 recesserunt
797 2004 968 2066 Cardiuales

83 2183 87 2190 ,
179 2115 288 2170 omues,
309 2108 338 2158 et
357 2099 521 2179 praedictus
540 2099 576 2161 Ι).
596 2103 758 2183 alphonsus
789 2123 805 2179 a
840 2104 968 2181 ianailia,

179 2198 381 2274 cubiculariis,
402 2212 430 2262 et
450 2204 588 2282 praelatis
605 2204 720 2278 Palatii,
741 2225 775 2268 aa
795 2207 968 2285 quibusdam

176 2303 345 2381 aliquorum
377 2303 576 2367 cardinalium
598 2307 788 2369 familiaribus
812 2307 970 2370 associatus

176 2413 221 2463 cst
240 2421 332 2482 usque
352 2404 389 2464 ad
410 2405 528 2466 domum
551 2426 619 2470 suae
638 2409 807 2470 residentiae
826 2453 835 2483 ,
852 2409 965 2471 medius

176 2503 252 2567 inter
285 2504 516 2568 Gubernatorem
549 2507 639 2570 Urbis
659 2530 676 2569 a
698 2509 847 2582 dexteris,
865 2519 894 2570 et
914 2528 967 2569 ar-

180 2603 395 2686 chiepiscopum
432 2607 630 2670 metanensem
670 2629 686 2670 u
723 2610 844 2672 sinistris
884 2610 969 2690 equi·

179 2716 244 2766 tons
258 2703 315 2790 (i).

220 2805 276 2868 SS.
306 2808 342 2869 O.
371 2808 406 2869 ll.
431 2810 579 2872 intendens
605 2812 691 2879 etiam
712 2812 862 2893 Principes
890 2814 969 2873 scri·

181 2908 279 2988 psisse,
311 2911 431 2998 classem
462 2931 568 2992 parare
593 2913 750 2990 Turcum,
777 2911 840 2991 jam
870 2915 970 2975 multis

155 3175 156 3183 ’
182 3192 249 3230 sono
270 3183 343 3243 spesi
359 3183 392 3242 ¹in
415 3182 488 3233 detta
513 3184 580 3234 testa
603 3183 646 3247 piir
664 3185 690 3235 di
715 3185 855 3242 cantomiie
877 3184 972 3250 sandi,

178 3261 284 3312 sanzaii
294 3262 393 3311 vestire
403 3262 452 3312 cha
465 3262 553 3313 iecaro
570 3264 603 3326 gli
612 3266 732 3327 artigiani
745 3265 971 3326 honoratamenta‚

183 3338 232 3388 cha
248 3339 274 3389 iu
291 3353 343 3389 una
359 3352 438 3403 spese
454 3343 634 3403 grandissima.
934 3398 937 3405 Δ

220 3418 361 3472 Domestica
378 3407 522 3483 passsta'st
539 3423 644 3475 dovera
661 3423 717 3475 iare
734 3425 758 3474 la
781 3424 849 3474 fasta
871 3423 897 3473 di
920 3421 972 3471 Te·

180 3502 295 3559 siaccio,
314 3514 356 3550 ma
372 3514 421 3563 per
442 3503 466 3552 la
477 3504 627 3565 perversus
643 3504 686 3554 dei
704 3509 792 3567 tempo
810 3503 837 3554 iu
858 3501 971 3554 differite

184 3580 208 3627 ai
226 3580 317 3641 giorno
335 3584 467 3642 seguente.
480 3581 499 3630 lt
511 3583 599 3632 lunedi
611 3583 732 3646 adunque
745 3584 813 3634 aodd
825 3586 893 3632 tutto
904 3583 921 3632 i·
931 3596 972 3632 or·

181 3657 243 3708 dine
258 3659 328 3709 delta
347 3659 415 3710 festa
431 3662 457 3711 in
468 3661 606 3714 Testaccio
623 3665 665 3714 nei
681 3663 910 3714 medesimomodo
922 3663 972 3713 che

182 3751 268 3790 arere
283 3739 348 3790 fatto
364 3741 469 3803 gioradi
487 3743 513 3792 in
530 3743 625 3806 agoni,
641 3747 744 3793 ceretto
762 3744 768 3792 i
786 3744 854 3798 carri
857 3775 941 3793 .....
952 3741 970 3793 ll

181 3819 249 3868 coila
276 3819 421 3872 medcsimo
438 3821 464 3873 di
480 3822 635 3883 Tastaccio,
653 3824 670 3872 i'
681 3823 829 3881 Aventino,
853 3823 876 3871 la
898 3835 973 3872 mura

1719 239 1825 324 (asoa)

1037 384 1182 448 mmsibus
1214 383 1347 463 elapsis,
1379 399 1431 464 per
1463 379 1561 444 literas
1586 380 1759 442 cohortatus
1784 393 1823 444 sa

1036 487 1183 566 Principes
1200 485 1374 547 Germaniae
1394 493 1428 544 ut
1449 490 1505 564 pro
1522 483 1596 544 iasto
1615 481 1823 543 annunciatio·

1036 589 1078 648 nis
1098 587 1132 648 tt.
1154 587 1263 648 Mariae
1282 584 1408 664 Virginis
1432 584 1561 665 proxime
1588 583 1715 655 futuro,
1747 579 1822 643 Ora·

1036 698 1112 750 tores
1139 706 1207 749 suos
1236 688 1381 747 mitterent
1403 684 1449 770 ad
1462 685 1647 746 tractandum
1667 683 1823 764 expeditio·

1036 799 1221 858 nemcontra
1244 787 1388 869 Turemn,
1410 804 1465 864 pro
1486 784 1573 864 cujus
1594 785 1635 846 rei
1661 785 1822 847 executione

1034 890 1157 952 faciliter
1173 888 1320 971 prouideri
1334 905 1414 966 posse
1431 898 1617 966 speraretur,
1633 885 1731 946 media
1747 885 1822 946 'Pur—

1036 993 1062 1053 ci
1081 976 1158 1073 apud
1180 989 1366 1052 Sanctitatem
1381 989 1473 1048 Suam
1494 988 1657 1060 existentis,
1674 988 1737 1048 reri
1760 985 1822 1047 hae·

1038 1092 1111 1153 redis
1130 1092 1267 1173 genitoris
1286 1090 1330 1151 sui
1343 1088 1479 1152 'defuncti
1498 1087 1566 1173 (P),
1587 1108 1604 1149 a
1623 1087 1749 1174 subditis
1774 1087 1823 1149 suis

1037 1195 1164 1256 multum
1179 1193 1289 1268 dilecti,
1303 1203 1331 1255 et
1350 1191 1482 1271 germani
1498 1192 1554 1264 sui,
1568 1191 1730 1270 Imperium
1750 1188 1821 1250 Tur·

1037 1314 1141 1357 corum
1160 1296 1289 1374 regentis
1309 1292 1507 1366 inimicissimi,
1528 1310 1584 1372 pro
1607 1292 1698 1372 hujus
1720 1291 1764 1351 rei
1782 1292 1822 1350 ia·

1037 1396 1133 1457 ciliani
1153 1395 1246 1456 initio.
1341 1414 1343 1416 ·

1078 1497 1163 1558 Feria
1183 1500 1294 1575 quinta,
1315 1494 1364 1557 25.
1389 1493 1493 1558 mensis
1515 1493 1623 1569 martii,
1644 1495 1756 1556 festum
1771 1492 1823 1553 Aa·

1038 1598 1230 1660 nuntiationis
1253 1599 1288 1660 Β.
1310 1598 1419 1661 Mariae
1438 1597 1590 1676 Virginis,
1611 1595 1649 1656 Β.
1672 1595 1711 1655 Ι).
1727 1594 1824 1657 Cardi-

1037 1702 1108 1760 nolis
1122 1700 1339 1761 Beneventanus
1357 1698 1517 1760 celebravit
1531 1698 1648 1758 iiissam
1671 1698 1820 1758 solemma

1038 1801 1071 1863 de
1094 1800 1205 1881 Spiritu
1228 1798 1338 1860 Sancto
1358 1799 1386 1859 in
1409 1799 1537 1880 cappella
1559 1797 1734 1878 praedicta,
1753 1791 1831 1878 Papa'

1037 1912 1065 1964 et
1086 1899 1288 1964 cardinalibus
1308 1899 1515 1979 praesentibus,
1535 1911 1563 1960 et
1587 1917 1645 1961 non
1660 1899 1733 1961 lecit
1749 1915 1823 1959 com·

1036 1982 1272 2074 memorationem
1292 2000 1327 2061 de
1344 2001 1377 2062 Β.
1400 2001 1519 2080 Virgine
1540 2000 1655 2075 Maria,
1675 2017 1772 2078 nequa
1794 1998 1824 2060 de

1035 2104 1119 2179 lesia,
1140 2102 1195 2164 SS.
1217 2103 1252 2162 Ι).
1273 2101 1306 2162 Ν.
1329 2101 1366 2161 ad
1399 2102 1565 2164 sententiam
1585 2113 1614 2164 et
1648 2102 1823 2163 voluntatem

1036 2203 1073 2264 li.
1087 2204 1122 2265 Ι).
1137 2203 1296 2266 cardinatis
1311 2202 1488 2284 Neapolitani
1510 2205 1551 2285 ita
1570 2202 1734 2277 sentientis,
1750 2219 1826 2260 man·

1037 2305 1143 2379 darete,
1165 2324 1219 2385 pro
1240 2323 1275 2366 eo
1297 2303 1400 2382 qtrod,
1429 2315 1463 2364 ut
1485 2304 1749 2366 Sacristaretulit
1776 2303 1826 2362 boe

1036 2426 1119 2469 mane
1138 2407 1166 2466 in
1184 2422 1275 2486 parra
1297 2407 1450 2486 cappella,
1483 2406 1570 2466 blissa
1597 2405 1633 2466 de
1662 2405 1740 2466 iesno
1761 2421 1823 2463 cum

1036 2509 1124 2569 seriae
1144 2507 1419 2569 commemoratione
1434 2506 1510 2567 dicta
1525 2515 1607 2568 esset.
1624 2505 1724 2567 Finita
1736 2503 1827 2578 insa,

1036 2619 1190 2688 antequam
1222 2607 1352 2670 Pontifex
1374 2608 1483 2688 populo
1504 2607 1671 2669 solemniter
1706 2604 1823 2667 benedi·

1037 2718 1137 2784 ceret,
1159 2709 1195 2769 Β.
1218 2709 1307 2770 Pater
1329 2708 1367 2768 Ι).
1389 2707 1496 2769 Petrus
1516 2707 1552 2770 da
1579 2706 1732 2771 Vincentia
1768 2705 1827 2784 epi·

1036 2829 1141 2891 scopas
1160 2809 1376 2882 mamanensi,
1393 2810 1503 2871 Curiae
1513 2824 1670 2870 causarum
1681 2807 1828 2870 &merae

1037 2914 1211 2994 apostolieae
1245 2911 1388 2991 generalis
1412 2911 1537 2971 Auditor
1555 2955 1563 2984 ,
1584 2909 1709 2991 pluviali
1740 2908 1827 2968 rubeo

1037 3026 1158 3094 paratus
1175 3032 1264 3093 supra
1287 3008 1473 3075 rocchettum
1494 3012 1667 3090 simplicem,
1685 3054 1694 3068 .
1712 3055 1720 3069 .
1738 3054 1745 3068 .
1768 3026 1829 3068 ma·

1038 3115 1122 3174 nibus
1144 3116 1297 3186 deterens,
1328 3113 1449 3175 accessit
1480 3112 1516 3172 ad
1544 3110 1717 3172 Pontiileem
1748 3105 1830 3185 cujus

1038 3216 1139 3296 pedem
1162 3217 1310 3276 osculatus
1332 3224 1387 3288 est,
1405 3225 1433 3275 et
1452 3212 1620 3293 genuflexus
1642 3213 1726 3292 petiit
1743 3211 1830 3271 bene·

1039 3316 1213 3398 dictionem3
1248 3334 1306 3395 quta
1337 3314 1457 3389 habita,
1490 3313 1684 3394 indulgentias
1722 3312 1830 3392 accepit

1036 3429 1149 3500 septem
1172 3437 1316 3479 annorum
1337 3412 1534 3497 publicandas.
1555 3416 1650 3477 illinus
1672 3415 1745 3476 mibi
1761 3432 1830 3479 aas»

1040 3521 1139 3581 venire
1155 3518 1307 3580 ridebatur
1327 3517 1531 3579 ‘benedictionis
1553 3517 1666 3596 petitio,
1687 3534 1757 3577 cum
1777 3532 1829 3574 non

1040 3617 1075 3680 de
1094 3618 1314 3698 evangelicam
1335 3617 1424 3679 rerbo
1443 3619 1496 3679 liei
1517 3622 1680 3678 sermonem
1700 3625 1774 3676 esset
1787 3614 1830 3673 ia·

1040 3731 1154 3791 cturus,
1174 3719 1223 3780 sed
1245 3717 1379 3778 dicturus
1398 3739 1443 3791 ea,
1465 3729 1584 3799 propter
1607 3733 1682 3795 quae
1701 3715 1829 3777 Pontifex

1040 3820 1187 3899 Principes
1207 3830 1416 3898 convocassets
1436 3832 1549 3894 tamen,
1569 3820 1639 3898 quia
1663 3817 1705 3878 ita
1739 3817 1829 3877 risum

180 3897 250 3948 della
266 3900 345 3961 citta,
361 3905 431 3951 tutto
449 3914 495 3951 ers
511 3904 590 3966 piano
599 3904 626 3952 di
638 3905 725 3966 genti,
742 3917 757 3953 a
774 3902 926 3952 circundata
937 3901 973 3990 da
1003 3915 1008 3997 Ι
1039 3933 1083 3984 m
1102 3921 1138 3981 R·
1160 3921 1197 3981 D·
1219 3922 1473 3995 vicecancenmpo,
1495 3920 1723 3981 benedpctpongm
1743 3919 1828 3999 pepp,

180 3975 291 4028 iactaris
317 3990 332 4028 a
356 3980 508 4030 cavallaria.
534 3982 728 4033 S’inoomiacid
745 3983 770 4031 la
786 3994 851 4044 gran
874 3992 973 4041 cacata,

180 4056 250 4107 neila
265 4058 342 4119 quale
358 4049 454 4108 turono
471 4060 550 4110 morti
575 4061 755 4120 mediatori,
772 4066 798 4112 ct
821 4061 915 4110 turono
932 4074 973 4110 ro·

181 4135 270 4186 vinata
297 4134 338 4200 giis
362 4135 396 4186 da
420 4135 556 4189 Testaccio
574 4141 612 4190 sai
629 4153 769 4201 carnosae,
787 4153 801 4190 a
819 4154 896 4203 sopra
917 4141 975 4190 oia·

181 4226 264 4275 sonna
288 4214 316 4263 di
339 4227 399 4266 esse
423 4219 497 4267 aravi
521 4231 555 4267 nn
581 4231 664 4281 porco
689 4221 751 4270 viro
774 4234 824 4271 con
841 4235 875 4271 aa
894 4221 973 4283 pallio

179 4305 271 4353 rosso,
288 4306 337 4355 per
352 4295 487 4359 guadagao
503 4297 565 4347 delli
582 4299 652 4360 quali
670 4300 691 4349 si
709 4300 798 4351 iecere
809 4312 861 4349 non
879 4313 973 4351 manco

179 4383 262 4436 prora
277 4372 327 4424 ,aba
343 4374 370 4422 in
386 4386 550 4427 ammazzara
568 4378 577 4425 i
598 4380 655 4427 tori.
679 4378 727 4428 Fra
745 4380 767 4430 te
785 4380 865 4429 molta
891 4382 973 4438 lieres

182 4462 233 4500 una
250 4463 284 4511 ve
302 4464 335 4501 oa
351 4451 379 4502 iu
396 4455 588 4517 sorpraadante
607 4456 656 4506 obe
673 4458 763 4508 iecere
783 4459 821 4509 sei
847 4459 974 4509 enuntiari

183 4529 232 4581 cha
249 4530 345 4582 turono
356 4532 374 4581 ii
393 4530 523 4595 Parnase,
540 4535 557 4584 il
573 4535 653 4585 Sauta
670 4536 753 4595 Piera,
771 4537 787 4587 il
805 4537 875 4590 Daca
887 4537 913 4587 di
925 4541 974 4587 ca·

180 4611 296 4670 marino,
313 4611 332 4661 il
348 4610 419 4662 buca
440 4613 467 4663 di
487 4614 578 4673 Marsi,
597 4616 614 4665 ii
636 4615 719 4666 Conta
735 4617 761 4666 di
778 4617 857 4667 Sento
874 4617 974 4678 Fiora,

180 4689 214 4739 ed
229 4691 246 4739 il
262 4690 383 4755 Principe
400 4692 427 4742 di
442 4694 599 4746 Macedonia.
615 4697 640 4747 Si
656 4709 774 4749 corsano.
784 4702 824 4747 tre
842 4698 931 4760 patiti,
947 4702 973 4748 at

180 4769 198 4818 ii
215 4782 292 4821 corso
319 4771 511 4845 incominciara
532 4775 601 4826 dore
627 4777 651 4826 ie
672 4789 747 4827 mura
772 4777 840 4827 detta
864 4776 927 4826 citti
949 4776 972 4827 si

180 4851 360 4914 congiungono
377 4852 418 4902 col
435 4851 554 4914 Tenere,
571 4868 684 4917 passere
701 4869 749 4917 per
762 4868 853 4905 mezzo
870 4857 894 4905 ta
911 4868 973 4918 pra-

182 4931 251 4981 taria
276 4929 302 4981 di
327 4930 509 4993 Tastaccio,a
533 4936 681 4985 terminare
708 4937 749 4986 sul
776 4939 864 4985 monte
887 4936 974 4986 Arcu·

183 5009 237 5067 tino
242 5043 370 5060 ......
385 5011 433 5063 Nal
450 5011 476 5062 di
493 5013 520 5062 di
536 5015 677 5064 carcerale
695 5027 804 5066 corsero
815 5016 832 5064 il
844 5015 923 5078 pallio
939 5018 973 5078 gli

182 5087 256 5137 Asini
272 5101 286 5138 a
304 5090 329 5141 ia
344 5089 434 5141 Bniale
451 5091 568 5142 secondo
585 5094 600 5142 l’
613 5106 726 5143 asanaa:
744 5108 758 5144 e
776 5094 885 5158 bagordi
901 5108 916 5145 a
934 5100 974 5147 tu·

182 5167 256 5215 multi
274 5181 289 5217 a
304 5168 380 5220 iuria.
398 5169 432 5220 aa
448 5175 522 5222 natta
533 5173 555 5222 si
568 5172 650 5222 recito
667 5186 719 5223 una
735 5172 859 5224 Comedtu
872 5174 900 5225 in
910 5187 972 5225 casa

187 5244 214 5294 di
226 5245 354 5298 Gaiiarelli
374 5270 398 5298 ι.

225 5328 260 5387 tt)
275 5323 336 5377 Vide
353 5327 469 5380 ultimam
487 5329 682 5384 adnotationem
698 5344 758 5396 pep-
778 5335 840 5393 itti,
859 5337 909 5386 137.

1004 4002 1008 4080 Ι
1040 4022 1196 4086 Praeterea
1219 4022 1372 4085 videbatur
1394 4021 1431 4083 Β.
1452 4023 1487 4084 Ι).
1507 4022 1650 4084 Cardiuali
1674 4019 1707 4081 S.
1742 4019 1828 4082 lilarei

1042 4125 1119 4204 quod
1142 4144 1249 4198 sermo,
1270 4144 1320 4186 seu
1342 4126 1436 4186 oratio
1458 4122 1638 4203 hujusmodi,
1656 4123 1828 4184 convenien-

1041 4229 1098 4287 tius
1120 4227 1219 4287 habita
1240 4238 1313 4288 esset
1329 4238 1394 4305 post
1412 4227 1607 4304 evangelium,
1629 4243 1719 4303 quam
1748 4223 1827 4291 inira,

1040 4347 1074 4390 cx
1095 4346 1129 4390 eo
1150 4327 1230 4408 quod
1251 4329 1309 4406 ipse
1329 4327 1441 4387 dicebat
1457 4328 1571 4388 nullum
1587 4342 1753 4388 sermonem
1769 4334 1826 4404 post

1040 4424 1156 4491 Missam
1190 4429 1274 4505 fleri,
1297 4431 1349 4491 nisi
1383 4449 1436 4509 pro
1469 4428 1634 4503 defunctis3
1657 4427 1687 4488 in
1710 4447 1773 4508 quo
1795 4424 1825 4484 Β

1040 4531 1204 4593 Dominatio
1225 4531 1309 4605 Sua,
1327 4531 1407 4594 restio
1426 4532 1532 4610 petita,
1553 4530 1690 4602 errabat,
1713 4548 1782 4590 cum
1803 4528 1825 4586 in
1872 4572 1874 4581 .

1040 4631 1173 4692 omnibus
1184 4631 1305 4710 synodis
1321 4643 1350 4693 ct
1370 4631 1552 4712 generalibus
1571 4633 1701 4693 conciliis
1722 4648 1825 4703 sermo,

1040 4733 1219 4806 sircurana,
1235 4732 1299 4817 fieri
1321 4734 1410 4794 soleat
1432 4744 1496 4813 post
1514 4732 1630 4794 Missam
1646 4754 1655 4805 3
1678 4744 1824 4814 propterea

1040 4846 1067 4895 et
1090 4834 1117 4893 in
1138 4832 1192 4894 boc
1216 4834 1315 4906 offitio,
1338 4836 1367 4893 iu
1390 4853 1448 4913 qun
1469 4853 1566 4896 sermo
1582 4851 1639 4894 nou
1661 4833 1696 4895 de
1711 4830 1823 4914 epistola

1042 4937 1087 4996 rel
1108 4935 1256 5014 eratsgelio
1279 4935 1438 5008 hodierno,
1457 4935 1506 4996 sed
1525 4935 1559 4998 de
1581 4935 1669 4996 rebus
1695 4936 1726 4995 in
1757 4935 1823 4995 dieta

1040 5036 1197 5097 tractandis
1217 5036 1335 5098 initurus
1352 5046 1416 5097 erat
1433 5080 1442 5110 ,
1460 5035 1547 5097 etiam
1569 5033 1738 5113 hujusmodi
1753 5051 1824 5096 ser·

1081 5259 1107 5307 <2
1134 5254 1163 5303 id
1180 5268 1231 5302 non
1249 5258 1322 5303 recte
1348 5254 1461 5311 dietum,
1478 5255 1518 5308 nti
1532 5222 1566 5304 ex
1584 5254 1770 5318 superioribus
1784 5248 1822 5300 ad·

1040 5332 1220 5384 notationibus
1237 5333 1269 5383 da
1286 5332 1382 5382 Zizima
1399 5336 1480 5394 petet.
1575 5390 1581 5400 ,
