3764 6036
182 273 243 337 tua
669 273 954 340 ruurtulcarus
975 271 1198 336 iNNOCENTii
1220 270 1372 336 uersu.

228 409 282 470 Die
301 410 456 481 mercurii,
478 420 581 470 octava
603 412 706 473 mensis
725 414 873 486 octobris,
898 411 970 474 Rev.

183 509 212 568 in
234 509 351 571 cbristo
370 510 455 570 Pater
477 522 506 576 et
523 511 664 571 Dominus
684 513 720 572 D.
740 513 880 574 Ascanius
894 511 971 572 San·

182 609 223 670 cti
244 607 300 668 viu
323 609 351 668 in
371 609 495 671 Nareilo
514 611 660 672 Diaconus
679 611 840 674 cardinalis
861 611 970 672 Siortia

181 707 347 768 vicecomes
367 707 452 769 rediit
472 710 508 769 ad
527 711 636 772 Urbem
658 732 692 772 ex
722 713 853 792 partibus
877 712 971 773 Lam·

183 806 311 878 bardiae,
322 818 351 867 ct
365 808 505 887 legatione
525 829 576 870 sua
597 811 766 871 Bononiensi
781 831 849 873 curn
865 831 969 890 magua

182 908 341 981 comitivae
359 919 493 987 receptus
513 910 568 986 ipit
581 930 598 969 a
613 910 676 971 RN.
692 910 753 971 DD.
770 912 970 975 cardinalibus

183 1014 251 1064 tanc
277 1006 306 1064 iu
328 1006 407 1067 Urbe
424 1009 606 1070 existentibus
627 1023 708 1071 extra
728 1024 842 1091 portam
869 1015 897 1095 in
924 1014 970 1074 di·

181 1105 274 1164 rersis
291 1105 370 1177 locis,
386 1108 604 1185 particulariter
620 1121 725 1183 tamen,
738 1130 795 1172 non
809 1114 970 1191 collegiali·

182 1214 235 1264 ter.
256 1203 420 1265 Nonarifice
436 1217 479 1266 est
499 1207 537 1265 ud
554 1208 672 1269 domum
694 1229 777 1270 suam
794 1216 970 1273 associatus:

185 1305 243 1382 ipse
258 1303 303 1364 die
321 1321 354 1365 x.
369 1307 473 1365 mensis
494 1308 656 1368 novembris
673 1329 704 1370 x.
721 1327 807 1371 cccc.
824 1328 969 1372 nxxxvu.

181 1403 259 1464 circa
283 1404 384 1464 boram
397 1421 438 1465 xa.
454 1419 610 1469 recesserat
624 1404 659 1469 ex
670 1409 766 1483 Urbe,
778 1411 971 1472 Mediolanum

179 1503 283 1564 iturus.

219 1603 306 1662 Faria
328 1615 451 1682 quarta,
469 1622 522 1666 xv.
536 1609 638 1667 rnensis
660 1609 798 1684 octobris,
812 1611 851 1670 R.
874 1613 901 1671 in
916 1612 969 1674 cb.

183 1700 268 1762 Pater
284 1714 313 1764 et
327 1704 468 1764 Dominus
486 1705 521 1764 D.
539 1706 713 1769 Sanctorum
729 1710 851 1772 cosmae
865 1723 894 1772 et
908 1711 972 1772 Da·

183 1803 272 1861 miani
292 1803 436 1864 Diaconos
462 1804 622 1867 cardinatis
648 1807 682 1868 de
708 1810 788 1871 Faxo
808 1811 970 1889 vulgariter

182 1914 420 1982 nuncupatus,ex
433 1923 524 1982 reguo
542 1905 727 1987 Neapolitano
739 1910 775 1969 ad
795 1909 905 1972 Urbem
920 1930 971 1973 re·

182 2018 283 2061 versus
300 2013 350 2062 est.
373 2002 398 2063 Δ
416 2003 479 2063 RN.
498 2004 560 2065 DD.
571 2006 770 2068 cardinalibus
786 2010 835 2087 qui
852 2015 879 2070 in
891 2011 972 2073 Urbe

183 2111 268 2161 erant
285 2101 442 2178 aliquibus,
462 2104 539 2163 ultra
559 2106 630 2166 alios
656 2126 727 2169 vero
742 2121 822 2169 extra
843 2123 971 2190 portam,

180 2200 395 2277 particulariter
418 2214 512 2264 tamen
534 2223 592 2268 non
613 2207 801 2287 collegiaiiter
821 2223 970 2290 receptus,

181 2309 211 2358 et
225 2317 317 2377 usque
338 2301 376 2360 ad
388 2303 508 2364 domum
526 2325 609 2366 suam
625 2307 785 2371 honorilice
806 2313 971 2372 associatus.

222 2397 309 2458 Faria
331 2403 443 2478 quinta,
465 2421 521 2465 xx.
537 2410 641 2467 mensis
663 2411 802 2482 octobris,
820 2414 900 2472 circa·
913 2413 970 2474 ho·

180 2514 244 2556 ram
265 2515 337 2562 xxi.
357 2521 392 2561 ex
411 2502 571 2582 Argentina
594 2507 665 2568 redii
685 2511 723 2569 ad
744 2510 883 2586 Urbem3
905 2515 970 2576 ielis

178 2597 215 2655 sit
235 2599 344 2660 reditus
364 2620 443 2662 triens
462 2617 492 2665 et
512 2604 594 2666 bora.

221 2698 382 2772 Dominica,
408 2720 500 2766 xxvi.
531 2712 635 2768 mensis
662 2710 798 2785 octobris,
820 2712 855 2772 N.
876 2714 912 2774 D.
940 2715 974 2775 in

178 2795 297 2858 christo
319 2799 404 2861 Pater
425 2813 453 2863 et
473 2803 507 2863 D.
530 2803 566 2864 D.
587 2806 716 2887 Raphael
737 2809 767 2870 S.
793 2810 911 2891 Georgii
933 2813 969 2872 ad

180 2898 276 2958 velum
302 2918 425 2962 ostreum
457 2904 602 2967 Diaconus
623 2907 797 2984 cardinalis,
817 2912 852 2972 D.
876 2913 969 2993 Papae

178 2997 375 3075 Camerarius,
390 3021 426 3063 ex
445 3003 534 3065 imola
553 3008 740 3070 etcoroiirio
755 3010 890 3072 rediitad
906 3014 970 3074 Uc-

178 3097 265 3172 bem,
284 3102 332 3161 cui
347 3103 446 3163 nullus
467 3103 629 3168 cardinalis
649 3108 766 3169 obviarn
787 3112 864 3173 venit
890 3111 946 3194 (i).

220 3200 305 3260 Faria
328 3213 442 3277 quarta,
453 3222 482 3265 v.
499 3207 674 3281 novembris,
689 3208 745 3269 iuit
760 3212 965 3273 consistorium

178 3311 323 3367 secretum
342 3302 370 3360 in
393 3320 451 3380 quo
470 3305 506 3364 lt.
526 3304 559 3383 P.
582 3306 616 3366 D.
632 3309 682 3369 Fr.
700 3310 797 3372 Sancti
817 3313 968 3375 Eustachii

178 3399 324 3461 Diaconns
345 3400 504 3463 cardinalis
523 3403 655 3467 Senensis
672 3411 832 3488 vtrlgariter
852 3430 967 3473 nrrncu·

179 3512 272 3578 patus,
289 3500 383 3562 dictus
401 3503 456 3563 iuit
474 3505 584 3583 legatus
605 3508 640 3566 ad
652 3507 799 3570 Per-auiam
816 3513 851 3572 de
867 3515 964 3576 latere.

179 3599 275 3660 Finito
295 3603 477 3676 consistoria,
495 3604 530 3662 ab
548 3607 677 3666 omuibus
689 3610 750 3670 ttli.
768 3613 967 3676 cardinalibus

178 3701 229 3777 qui
244 3703 413 3763 consistorio
427 3704 628 3791 interfuerant,
640 3709 772 3770 aidehcet
782 3711 967 3776 vicecancel-

178 3800 262 3874 lario,
275 3801 468 3882 Neapolitano,
480 3806 579 3867 Sancti
591 3807 668 3869 Petri
677 3810 714 3868 ad
725 3811 856 3885 Vincula,
869 3815 966 3875 Aride-

177 3903 293 3979 garensi
306 3904 487 3986 Uoleronis,
500 3906 531 3967 S.
540 3909 652 3988 Angeli,
665 3909 847 3971 Ulixbonensi
860 3914 894 3975 de
906 3913 966 3976 co·

175 4037 294 4055 —L

80 4184 87 4194 .
176 4133 341 4195 piscopatum
366 4133 535 4196 Lugdunen,
556 4138 666 4200 Legatos
694 4141 855 4191 Arienionem
878 4149 904 4194 et
931 4147 964 4194 ad

179 4208 336 4259 comitatum
365 4212 519 4263 Venosinum
547 4216 699 4279 designatus
724 4233 738 4268 a
770 4221 891 4271 Pontiilce
917 4222 964 4273 iuit

178 4291 266 4336 statim
285 4294 344 4349 post
361 4291 576 4350 cardinalatum,
594 4300 620 4344 et
638 4302 729 4358 postea
754 4299 872 4349 Lutetiae
897 4301 964 4350 Pari-

178 4366 277 4421 siorum
294 4368 460 4421 Gubernator
477 4376 635 4424 constitutas
653 4389 666 4425 a
683 4376 815 4427 Ludorioo
827 4379 871 4430 xi.
887 4381 963 4443 itoge.

178 4446 319 4495 -Auctor
337 4453 427 4498 noster
444 4457 534 4500 narrat
552 4457 665 4508 tantum.
677 4457 729 4505 rita
747 4457 863 4507 iunctum
880 4459 964 4509 luisse

176 4523 205 4572 in
220 4524 347 4575 Francia:
364 4532 447 4578 restat
464 4531 542 4591 igitur
559 4534 643 4583 adhuc
661 4535 686 4584 in
704 4535 828 4598 ambiguo
845 4551 878 4587 an
889 4538 964 4588 ciac·

178 4604 270 4653 conius
288 4605 327 4654 rei
343 4604 481 4656 i-'rizonius
499 4622 561 4657 vora
580 4611 714 4673 ruerant,
731 4614 792 4663 dum
810 4617 911 4677 primus
929 4618 964 4665 ait

175 4681 282 4731 Parisiis
299 4683 452 4734 defunctum
470 4690 495 4734 et
514 4688 582 4748 apud
599 4688 762 4742 Caelestinos
775 4696 909 4756 sepultum
928 4699 964 4746 13.

177 4760 338 4821 septembris
356 4765 446 4822 illic,
464 4766 596 4816 secundus
613 4768 715 4819 'asserit
729 4770 845 4833 Lugduni
864 4786 896 4822 ex
915 4773 963 4821 bac

175 4838 231 4887 vita
248 4841 417 4902 migrasseet
434 4842 459 4891 in
475 4843 541 4894 aeda
557 4843 622 4895 Divo
640 4846 749 4898 iohanni
762 4863 838 4899 sacra
856 4850 964 4912 deposi-

176 4920 230 4966 tum
247 4918 331 4967 inisse
349 4921 470 4981 sepulcro
483 4934 640 4981 marmoreo,
653 4924 679 4973 in
691 4928 809 4988 cappella
823 4927 856 4974 ab
870 4927 962 4975 eadem

177 4995 313 5046 aedificata
332 5011 382 5047 una
400 5011 461 5048 cum
476 5001 572 5062 palatio
590 5003 817 5065 archiepiscopati.
830 5005 879 5053 Sed
898 5005 962 5054 baec

175 5086 228 5122 non
245 5078 286 5123 est
303 5077 388 5137 magni
406 5079 530 5127 momenti
548 5080 700 5141 disputatio.

217 5151 415 5210 incardinetis
437 5155 541 5214 iliario,
564 5156 721 5206 Forativium
746 5160 896 5207 accesserat
913 5171 963 5220 pro

176 5226 259 5351 gebus
268 5229 508 5296 Comiiieronymi,
526 5234 560 5283 ibi
572 5248 656 5297 nuper
669 5235 793 5286 lecaciter
803 5236 961 5298 interempti.

195 5305 228 5354 id.
245 5307 355 5369 Λρρσηά.

1722 267 1833 352 (aus)

1037 411 1166 485 mitibus,
1176 411 1338 483 Parmensi,
1351 406 1561 489 Presbyteris,
1575 407 1612 468 de
1625 408 1724 481 Fuso,
1736 407 1832 468 Sancti

1038 510 1168 588 Georgii,
1179 510 1214 570 de
1225 508 1516 580 Sabellis,Columua,
1530 507 1564 568 dc
1573 508 1686 570 Ursinis
1698 520 1727 569 et
1740 509 1830 570 assa·

1038 611 1096 680 nio,
1109 608 1264 669 Diaconis
1278 607 1489 680 cardinalibus,
1499 608 1665 667 associatus.
1682 606 1833 685 Equitarit

1037 709 1148 769 medius
1162 710 1237 770 inter
1258 708 1293 768 de
1314 709 1397 769 Puro
1418 719 1447 768 et
1466 707 1566 768 Sancti
1586 706 1707 785 Georgii
1728 705 1831 768 Cardi-

1038 810 1115 868 nales
1134 809 1161 868 io
1178 809 1279 868 ultimo
1295 809 1360 869 ioco
1374 807 1533 886 equitantes
1549 826 1640 886 usque
1656 807 1694 867 ad
1710 807 1829 868 domum

1038 927 1108 968 suae
1133 909 1234 969 solitae
1259 908 1441 968 habitationis
1473 907 1722 992 consistorialiter.
1764 907 1834 969 Ante

1039 1007 1176 1081 dantum,
1197 1018 1298 1068 contra
1320 1009 1450 1079 ostium,
1472 1024 1573 1067 amaus
1598 1018 1694 1068 tannen
1717 1006 1833 1066 domun

1039 1151 1223 1167 .......
1244 1105 1281 1167 de
1300 1105 1458 1167 callareliis
1474 1104 1631 1166 iirrrraruut
1645 1126 1676 1166 se
1693 1105 1834 1186 Episcopi

1038 1218 1066 1266 et
1088 1206 1276 1285 Presbyteri,
1296 1205 1417 1266 Diaconi
1440 1224 1511 1266 aero
1530 1206 1570 1265 ab
1584 1207 1742 1286 alioparte
1757 1207 1829 1266 inter

1039 1307 1144 1367 ostium
1166 1316 1196 1365 et
1224 1306 1316 1365 aciem
1349 1304 1472 1375 domus,
1494 1315 1523 1365 et
1549 1316 1612 1384 post
1636 1323 1687 1366 eos
1709 1307 1760 1365 alii
1783 1325 1831 1366 suo

1038 1405 1151 1466 ordine.
1172 1405 1209 1464 R.
1230 1405 1266 1464 D.
1289 1404 1450 1466 cardinalis
1471 1406 1603 1466 Senensis
1624 1407 1686 1484 egit
1705 1407 1773 1485 sing
1782 1407 1832 1466 ulis

1038 1504 1146 1584 gratias
1165 1548 1173 1575 ,
1191 1513 1226 1562 ut
1254 1504 1343 1564 moris
1369 1515 1435 1577 est;
1467 1516 1648 1566 recesserunt
1686 1518 1831 1567 omnesat

1040 1604 1099 1684 ipse
1120 1604 1241 1663 intravit
1259 1604 1387 1663 domurn.

1083 1702 1192 1763 Eadem
1213 1702 1269 1774 die,
1291 1704 1370 1763 circa
1386 1703 1490 1765 boram
1508 1704 1677 1784 vigesinum
1696 1705 1832 1784 primam,

1040 1801 1160 1862 intravit
1175 1802 1285 1863 Urbem
1302 1802 1471 1881 magnificus
1489 1805 1569 1865 miles
1585 1804 1830 1864 Dominicus'l'ri·

1042 1901 1156 1961 visands
1179 1899 1289 1962 Orator
1312 1903 1495 1963 Uenetiarum
1514 1922 1566 1983 per
1581 1915 1697 1983 portam
1717 1904 1830 1964 Virido-

1039 2003 1075 2061 rii
1094 2014 1122 2063 et
1138 2014 1277 2065 venerunt
1292 2004 1318 2064 ei
1332 2004 1447 2063 obviarn
1463 2004 1589 2066 familiae
1607 2005 1663 2065 88.
1680 2005 1716 2064 D.
1729 2004 1765 2064 N.
1779 2005 1830 2064 Pa·

1042 2119 1093 2181 pae
1115 2115 1142 2164 et
1164 2103 1288 2164 aliorum
1303 2102 1499 2164 cardinalium
1516 2106 1743 2184 particularium
1761 2107 1829 2165 ami·

1040 2222 1166 2276 aarum,
1186 2214 1216 2263 et
1236 2205 1321 2264 inulti
1355 2205 1476 2285 praelati
1503 2204 1609 2266 curiae
1630 2216 1661 2266 et
1693 2202 1829 2265 Oratores

1039 2305 1226 2384 principum,
1247 2304 1382 2382 aquibus
1399 2304 1509 2364 ineditas
1530 2305 1604 2364 inter
1629 2305 1828 2384 archiepisco·

1038 2421 1107 2482 pum
1122 2403 1310 2464 cnsentinum
1321 2414 1349 2464 et
1362 2403 1531 2484 episcopum
1550 2404 1769 2466 cortanensem
1784 2406 1831 2466 iuit

1038 2502 1194 2563 associatus
1216 2520 1307 2580 nsque
1333 2504 1370 2562 ad
1399 2503 1517 2565 domum
1544 2522 1613 2564 suae
1647 2505 1831 2565 habitationis

1039 2604 1100 2663 sive
1116 2602 1232 2683 hospitii
1244 2604 1299 2675 sui,
1313 2622 1393 2665 more
1408 2605 1501 2664 solito.
1517 2603 1581 2664 Non
1598 2606 1655 2665 iuit
1672 2606 1831 2665 intimatum

1039 2700 1240 2763 cardinalibus
1262 2701 1342 2780 quod
1360 2703 1505 2763 mitterent
1527 2704 1652 2764 familias
1674 2722 1754 2775 suas,
1770 2705 1830 2782 quia

1037 2803 1121 2862 etiam
1144 2818 1201 2860 non
1216 2800 1312 2860 debuit
1334 2803 1458 2861 intimari
1469 2824 1480 2875 ;
1499 2814 1541 2864 est
1565 2803 1640 2863 enim
1658 2801 1833 2865 Oratoribus

1038 2921 1093 2981 pro
1111 2901 1269 2962 obedientia
1296 2901 1465 2980 praestanda
1489 2902 1674 2965 venientibus
1699 2915 1830 2975 tantum,

1041 3012 1070 3060 et
1085 3018 1141 3060 non
1157 3001 1219 3061 aliis
1234 3000 1347 3080 publice
1361 3001 1546 3062 obviandum.

1080 3103 1165 3161 Faria
1180 3103 1277 3174 tertia,
1292 3119 1335 3161 xi.
1351 3102 1454 3162 mensis
1470 3104 1649 3175 novembris,
1664 3102 1701 3163 R.
1717 3103 1830 3166 uca-

1036 3201 1136 3262 dinalis
1144 3202 1276 3263 Senensis
1289 3202 1328 3261 ad
1337 3201 1524 3280 Legationem
1538 3204 1710 3264 Perusinum
1728 3207 1831 3276 iturus,

1036 3303 1152 3360 recessit
1172 3321 1208 3361 ex
1227 3301 1307 3363 Urbe
1328 3300 1406 3363 circa
1427 3303 1530 3364 horam
1555 3321 1632 3365 xrrrr.
1656 3324 1673 3364 a
1693 3307 1754 3365 suis
1768 3316 1830 3364 tan·

1035 3409 1096 3460 turn
1109 3401 1281 3475 domesticis,
1293 3403 1374 3462 nulio
1388 3401 1551 3476 Cardinale,
1571 3406 1740 3466 associatus.
1757 3405 1831 3466 Deus

1035 3501 1142 3578 dirigat
1163 3520 1279 3580 gressus
1300 3521 1368 3563 suos
1387 3503 1415 3562 in
1433 3506 1510 3564 riam
1525 3507 1613 3584 pacis.

1075 3598 1224 3661 Dominica
1243 3619 1309 3662 xvi.
1329 3604 1432 3663 usensis
1449 3605 1628 3676 rnorembris,
1643 3613 1711 3663 anm
1730 3601 1830 3663 horam

1034 3699 1157 3777 prandii,
1172 3699 1282 3762 Noniae
1301 3702 1329 3760 in
1349 3703 1454 3781 palatio
1468 3704 1639 3782 Apostolico
1656 3702 1734 3781 apud
1755 3701 1829 3762 Sao-

1034 3811 1113 3859 ctum
1129 3799 1252 3860 Petrum
1267 3820 1353 3880 super
1369 3803 1436 3862 auia
1457 3813 1521 3881 post
1536 3805 1634 3862 aulam
1657 3799 1827 3863 Pontificum

1034 3913 1241 3962 contraxerunt
1255 3903 1541 3982 matr·imouium,per
1555 3902 1647 3962 verba
1659 3902 1786 3980 legitime
1797 3901 1828 3961 de

1035 4003 1186 4081 praesenti,
1197 4001 1256 4061 iilia
1275 4001 1403 4063 Domuae
1417 4002 1615 4064 Theodorinae
1630 4000 1744 4062 filiaeS.
1753 4002 1789 4060 D.
1796 4001 1827 4062 N.

1033 4102 1191 4161 Innocentii
1204 4099 1321 4174 Oetaei,
1338 4103 1435 4163 uxoris
1449 4102 1485 4161 D.
1498 4101 1620 4163 Gerardi
1635 4102 1827 4173 Usus-Naris,

1033 4201 1203 4261 attercatoris
1216 4201 1376 4272 Jauuensis,
1390 4201 1553 4280 depositarii
1566 4202 1621 4262 88.
1634 4201 1670 4261 D.
1685 4201 1720 4263 N.
1737 4202 1826 4284 Papae

1033 4301 1171 4380 praedicti
1187 4347 1209 4360 ..
1225 4347 1231 4360 .
1246 4312 1275 4362 et
1291 4302 1439 4380 impositus
1450 4302 1505 4362 iuit
1516 4303 1607 4363 eidem
1627 4305 1826 4384 anulusspon·

1032 4403 1142 4463 salitius
1158 4412 1305 4481 praesente
1322 4401 1377 4461 88.
1395 4401 1433 4460 D.
1445 4400 1479 4460 N.
1495 4402 1574 4482 Papa
1591 4404 1756 4483 praedicto,
1768 4405 1825 4464 titt.

1032 4500 1161 4563 Dominis
1174 4500 1272 4561 Sancti
1285 4500 1364 4560 Petri
1376 4501 1414 4560 ad
1426 4501 1545 4562 Vincula
1556 4514 1585 4563 et
1597 4503 1698 4564 Sancti
1707 4504 1823 4582 Georgii
1879 4492 1880 4497 ¹

1032 4599 1233 4661 cardinalibus
1247 4644 1255 4671 ,
1271 4599 1428 4662 Cusentino
1441 4613 1470 4663 et
1484 4603 1693 4663 beneventano
1714 4604 1823 4664 archie-

1033 4701 1176 4779 piscopis,
1210 4699 1348 4761 ataleni
1363 4744 1373 4773 ,
1395 4702 1571 4763 vaunnam
1585 4746 1593 4774 ,
1622 4702 1823 4773 Tarnacensi,

1032 4798 1177 4870 duriensi,
1200 4802 1379 4881 cortonensi,
1409 4801 1608 4874 Nelbtanensi,
1628 4813 1657 4862 et
1677 4804 1743 4864 aliis
1767 4804 1821 4882 epi·

1031 4899 1134 4977 scopis,
1159 4899 1284 4961 Falcone
1305 4901 1340 4961 de
1365 4901 1687 4980 Sinibaldis,1ligotto
1713 4904 1818 4972 Druna,

1031 5009 1060 5059 et
1079 4998 1142 5058 aliis
1163 5000 1298 5078 praelatis
1321 5001 1533 5078 praesentibus3
1560 5020 1618 5078 quo
1641 5003 1719 5064 iacto
1740 5002 1819 5064 exirit
1873 5031 1876 5053 s

1031 5099 1129 5157 auiam
1151 5098 1341 5178 praedictam,
1364 5111 1392 5159 et
1420 5102 1495 5159 reuit
1518 5100 1554 5159 ad
1575 5102 1675 5161 aulam
1703 5099 1818 5163 Pontii·
1878 5107 1880 5199 j

1035 5216 1102 5257 cunt
1125 5196 1179 5258 88.
1203 5197 1237 5256 D.
1260 5195 1294 5256 N.
1318 5216 1385 5257 cum
1417 5199 1550 5259 omnibus
1578 5201 1752 5279 praedictis,
1773 5200 1814 5261 irbi
1879 5200 1880 5204 ’

1032 5315 1145 5358 rnetuae
1166 5308 1224 5358 tres
1240 5310 1356 5375 paratae
1373 5311 1454 5359 eraut
1471 5320 1526 5379 pro
1541 5300 1662 5379 prandio
1684 5302 1816 5365 iaciente.
1878 5357 1880 5390 i
