3758 6030
65 300 178 387 (illis)
259 378 261 381 .

69 442 164 502 tribus
197 440 249 519 qui
279 440 363 520 prins
394 450 545 519 uenerunt.
577 440 687 504 Eadem
722 440 768 503 dte
799 453 863 523 post

68 662 150 709 istum
166 671 216 721 pro
233 656 380 721 Episcopo:
397 662 424 709 et
440 664 583 722 propterea
603 661 664 721 boc,
679 667 756 712 suum
778 664 864 713 conti·

69 739 176 789 nuando
193 737 305 792 dictum,
321 737 388 788 dixit
401 743 427 788 el
438 741 569 793 consuluit
580 741 651 804 quod
661 741 726 792 baec
742 741 864 794 &muni-

70 822 112 868 ias
135 830 267 880 nunquam
285 816 380 867 debeat
397 817 527 872 desistere
545 834 559 869 a
577 822 623 871 tali
642 823 747 884 incepto
770 822 827 872 sive
847 836 862 872 a

71 897 118 946 tali
136 897 251 958 impresa
269 897 348 945 etiam
367 897 389 946 si
406 909 472 960 opus
489 899 558 949 toret
575 890 709 962 exponere
726 906 753 952 et
772 902 865 952 remit-

72 980 133 1027 tere
147 976 236 1025 omnia
255 987 301 1026 sua
319 975 388 1026 bona
405 980 432 1027 et
450 1013 478 1026 ..
520 1014 526 1027 .
544 983 590 1029 ‚et
606 992 705 1042 ponere
726 991 810 1045 usque
830 981 864 1031 ad

70 1059 195 1119 proprias
213 1067 362 1118 personas,
378 1060 412 1110 et¹
422 1052 528 1109 mittere
544 1059 670 1110 Oratores
687 1060 721 1110 ati
731 1061 762 1110 .s.
778 1060 807 1110 n.
831 1060 863 1113 tl.

72 1139 170 1187 totiens
186 1130 309 1199 quotiens
325 1147 392 1199 opus
417 1136 499 1187 luerit
524 1137 607 1189 donec
624 1144 651 1190 et
667 1152 804 1203 quousque
821 1139 864 1190 di·

68 1220 130 1264 ctus
147 1215 297 1279 Episcopus
313 1228 362 1278 per
379 1215 421 1264 sS.
439 1215 467 1264 l).
485 1216 518 1269 N.
533 1231 547 1267 a
564 1217 635 1270 dicto
652 1218 814 1282 Episcopatu
836 1224 863 1270 et

69 1297 169 1346 ceteris
194 1295 249 1345 suis
266 1295 401 1345 beneflciis
418 1297 468 1345 erit
485 1297 623 1360 depositus
641 1302 668 1348 at
685 1300 817 1361 privatus,
835 1302 862 1347 et

67 1386 161 1424 omnes
178 1375 251 1426 cives
268 1375 302 1424 de
319 1375 420 1425 cernitu
435 1376 526 1437 pirent
552 1411 558 1423 .
576 1410 604 1426 ..
628 1411 634 1426 .
653 1377 686 1429 ed
702 1378 796 1427 Sancta
813 1376 862 1427 liei

67 1454 209 1517 Evangelia
225 1467 277 1505 non
288 1454 438 1516 relinquere
447 1455 545 1506 dictum
558 1455 692 1520 inceptum
704 1455 863 1519 impresam-

68 1547 121 1598 que
144 1538 237 1585 contra
262 1533 430 1598 Episcopum,
447 1538 474 1584 et
498 1548 590 1586 omnes
617 1537 751 1603 constanti
776 1537 862 1587 animo

69 1615 277 1676 omnitempore
295 1613 473 1666 interveniant
490 1619 582 1664 contra
600 1616 686 1677 ipsum
704 1615 862 1679 Episcopum

68 1691 155 1743 donec
171 1692 222 1743 erit
238 1693 358 1755 privatus
375 1704 424 1755 pro
441 1693 591 1756 reparando
608 1694 709 1745 b'onore
726 1697 805 1757 butus
822 1693 864 1745 Ci-

67 1771 171 1822 vitatis.

111 1850 185 1907 item,
203 1847 236 1898 ad
254 1848 396 1900 tollendam
413 1865 518 1902 omnem
540 1852 741 1913 dubitationem,
752 1851 819 1902 dixit
835 1855 863 1903 et

68 1929 203 1978 consuluit
227 1927 299 1992 quod
322 1927 385 1978 dicti
412 1930 537 1981 Oratores
560 1932 632 1982 nulio
657 1935 734 1994 pacto
757 1932 862 1994 possint

68 2021 120 2058 nec
148 2007 264 2057 debeant
292 2008 389 2071 alloqui
415 2020 473 2060 cum
502 2010 623 2074 praelato
650 2010 781 2074 Episcopo
809 2008 859 2060 snb

68 2100 156 2151 poena
180 2090 286 2137 centum
311 2086 466 2139 ducatorum
492 2102 541 2152 pro
565 2090 683 2153 quolibet
700 2094 727 2140 et
744 2089 863 2152 qualibet

70 2169 140 2227 rice,
155 2166 265 2217 Comnni
277 2167 392 2217 civitatis
404 2166 483 2219 Eirmi
502 2169 666 2231 applicanda,
682 2168 732 2220 nisi
750 2181 799 2232 pro
813 2170 863 2218 aii·

68 2261 121 2313 quo
139 2247 292 2298 necessario
309 2249 435 2300 scrutinio
452 2253 478 2298 et
496 2248 609 2311 alioquin
626 2261 715 2298 coram
732 2248 758 2298 S.
780 2248 809 2297 lt.
830 2247 861 2302 tl.

68 2331 95 2378 et
108 2328 171 2378 iter.
179 2327 231 2376 lin.
239 2325 423 2377 cardinalibus
438 2331 483 2376 ant
499 2326 759 2393 contumacesque
772 2326 864 2378 liiaro·

67 2419 152 2471 nyma
169 2411 196 2456 et
212 2418 265 2456 non
278 2406 354 2454 aliter
371 2418 419 2455 nec
436 2407 523 2469 aliquo
540 2405 627 2456 motio.

112 2483 145 2534 Et
173 2485 211 2533 lta
237 2495 328 2534 omnes
355 2483 428 2534 cives
445 2486 472 2534 tn
492 2485 562 2535 dicta
587 2488 690 2536 cernita
713 2484 861 2538 existentes

66 2565 225 2628 juraverunt
248 2562 280 2613 ad
308 2564 400 2614 Sancta
413 2559 468 2617 'Dei
485 2563 635 2629 Evangelia,
651 2567 774 2617 manibus
790 2570 863 2618 tacto

67 2642 212 2693 crucifisso
229 2646 255 2692 et
272 2642 384 2703 missali,
400 2643 537 2707 praedicta
549 2646 670 2696 omniaet
688 2646 789 2709 singula
802 2659 863 2698 exe·

68 2725 114 2786 qni
131 2722 278 2772 observare
294 2725 322 2772 et
337 2722 498 2786 adimplere:
522 2723 590 2786 qnod
608 2725 645 2774 stc
661 2724 710 2775 tuit
726 2721 863 2776 obtentum

69 2807 96 2853 et
113 2801 297 2853 relormatum.

111 2880 197 2943 Super
224 2879 319 2943 quibus
347 2879 469 2930 omnibus
487 2885 513 2931 et
531 2881 638 2945 singuiis
659 2884 763 2945 placeat
791 2884 862 2935 dicto

70 2957 188 3008 Consilio
206 2963 232 3008 et
249 2957 412 3008 Consiliariis
429 2960 564 3022 praedicta
588 2961 698 3012 decreta
720 2968 746 3013 et
763 2963 863 3015 delibe-

69 3045 129 3088 rata
147 3036 311 3100 approbare,
328 3038 475 3088 retormare
492 3043 519 3089 et
532 3053 616 3101 super
631 3041 673 3091 bis
691 3042 838 3092 consuisse.

111 3116 272 3180 Spectabilis
285 3119 333 3175 vir,
343 3130 454 3181 maguae
466 3119 634 3170 auctoritatis
648 3120 733 3170 &nex
749 3121 787 3172 io.
798 3120 861 3170 Leo·

69 3197 172 3247 nardus
187 3197 235 3246 Ser
250 3198 370 3257 Antonii,
382 3198 494 3267 udus-ex
506 3197 668 3249 consiliariis
679 3202 705 3250 ln
716 3199 787 3250 dioto
797 3199 863 3250 con·

71 3276 134 3325 silio
150 3275 338 3334 existentibus,
348 3288 459 3343 surgens
471 3277 584 3340 pedibus
597 3280 683 3328 animo
698 3277 862 3340 consulendi,

70 3356 202 3418 praestito
215 3357 366 3417 iuramento
382 3355 416 3406 de
432 3356 501 3407 bene
518 3361 545 3407 ei
557 3357 670 3408 ildeiiter
691 3359 863 3420 consulendo,

69 3433 161 3484 debita
179 3434 344 3492 invocatione
359 3437 516 3498 praemissa,
533 3435 601 3487 dixit
618 3442 644 3488 et
662 3439 792 3488 consuluit
815 3451 862 3489 sn·

70 3524 122 3576 per
148 3512 219 3563 dicta
245 3516 383 3576 proposita
406 3518 433 3565 et
457 3517 590 3566 contentis
607 3518 632 3567 in
650 3529 682 3567 ea
698 3517 770 3581 quod
791 3518 862 3569 dicta

71 3591 182 3641 decreta
199 3595 225 3641 et
242 3590 457 3654 deliberationes,
468 3595 627 3646 anctoritate
645 3598 779 3660 presentis
795 3596 863 3647 Con·

72 3671 124 3721 sitii
136 3671 189 3720 sint
201 3671 364 3733 approbatae
376 3675 402 3722 et
414 3672 592 3734 confirmatae,
600 3678 648 3727 boc
661 3676 781 3727 addendo
792 3678 862 3740 quod

71 3762 166 3800 omues
184 3753 257 3799 cives
272 3762 331 3800 cnm
349 3751 419 3800 omni
438 3765 503 3804 cura
518 3760 545 3803 et
562 3754 698 3819 diligentia
718 3760 812 3805 curent
835 3761 862 3807 et

73 3827 139 3879 dent
156 3839 265 3890 operam
282 3830 351 3878 tueri
368 3833 395 3879 et
411 3829 553 3882 deiendere
570 3835 697 3884 bonorem
717 3838 744 3884 et
764 3838 861 3886 statum

72 3905 151 3970 bujue
167 3907 298 3965 civitatis,
313 3911 341 3958 et
356 3920 406 3970 pro
423 3912 626 3962 conservatione
641 3913 750 3964 honoris
767 3917 794 3965 ei
810 3919 864 3965 sta-

71 3988 116 4036 tus
132 3984 262 4049 praedicit
280 3987 341 4037 totle
357 3986 460 4039 viribus
475 3988 554 4039 detur
565 4003 648 4054 opera
659 3991 863 4056 quodiiominus

71 4065 110 4116 lo.
129 4065 247 4127 baptista
269 4065 302 4134 da
328 4065 472 4128 Capranlca
500 4068 613 4132 amplius
638 4081 691 4120 non
718 4077 862 4123 revocetur

73 4156 161 4207 neque
178 4143 213 4194 sit
229 4143 375 4206 Episcopus
391 4145 527 4196 l'irmanus
544 4151 570 4197 et
588 4147 621 4197 ad
638 4149 766 4211 maiorem
782 4149 864 4200 rabo·

73 4224 111 4274 ris
140 4224 218 4282 buius
244 4221 345 4274 decretl
372 4222 522 4278 firmitatem
539 4238 632 4276 omnes
649 4228 722 4277 eires
739 4229 765 4277 ln
791 4227 864 4280 dicto

73 4301 188 4352 Concilio
202 4305 352 4365 ‘presentes
374 4306 462 4363 jurent
488 4306 624 4368 praedicta
650 4306 811 4365 obsecrare,
830 4308 865 4359 ad

71 4381 145 4443 quod
162 4382 368 4443 impetrandum,
383 4385 404 4433 ai
421 4395 489 4446 opus
506 4384 594 4444 inerit,
610 4398 703 4436 omnes
725 4387 798 4437 eires
820 4400 865 4437 va-

74 4462 142 4510 dant
159 4462 266 4512 Romam
294 4463 327 4511 ad
351 4463 551 4514 exclamandum
569 4469 661 4515 contra
686 4465 845 4529 Episcopum
854 4485 865 4527 ·,

73 4540 215 4603 adeoquod
231 4542 296 4591 baec
312 4542 406 4592 civitas
423 4548 560 4594 remaneat
577 4557 636 4594 cunr
654 4546 754 4595 honore
771 4548 797 4595 et
814 4558 862 4596 an·

73 4621 216 4670 ctoritate=
245 4624 272 4671 et
295 4623 476 4672 committatur
504 4623 661 4674 Oratoribus
688 4625 759 4688 quod
780 4625 866 4676 dicuat

73 4698 98 4750 S.
121 4700 152 4749 ll.
177 4696 209 4749 Ν.
234 4701 257 4749 sl
277 4698 336 4751 aetii
361 4701 428 4750 banc
451 4703 582 4753 ciuitatem
604 4716 638 4753 aa
662 4703 699 4755 lo.
725 4705 867 4768 septetum
917 4711 918 4714 ’

73 4777 247 4841 Episcopum:
263 4784 291 4829 et
309 4782 348 4829 sic
365 4792 456 4830 omnes
481 4783 554 4832 cives
579 4783 669 4834 verbis
686 4787 713 4834 et
731 4784 806 4836 tactis
827 4787 866 4836 in·

73 4858 228 4907 terrenlant
244 4861 335 4907 contra
352 4857 522 4921 Episcopum.

114 4936 275 4999 Spectabilis
290 4942 317 4986 et
335 4950 444 5000 magnae
460 4941 624 4991 constantiae
646 4943 703 4998 vir,
720 4954 864 5005 generosus

73 5027 158 5079 eques
170 5020 198 5064 et
214 5017 299 5079 legum
311 5015 415 5074 doctor,
428 5019 540 5069 eximius
552 5017 677 5069 Dominus
688 5019 820 5070 iohannes
831 5021 864 5072 de

74 5094 169 5154 ilceto,
185 5097 253 5145 aiter
269 5094 406 5146 consultor
417 5097 443 5146 in
459 5097 530 5146 dicto
541 5100 651 5148 consilio
663 5100 791 5158 existens,
808 5111 867 5149 sur·

73 5187 140 5238 gens
157 5174 271 5237 pedibus
287 5175 376 5225 animo
399 5178 566 5237 consulendi,
585 5182 694 5240 accepto
715 5178 866 5241 juramento

74 5254 107 5305 de
124 5255 194 5305 bene
211 5259 239 5304 et
254 5252 368 5306 bdeltter
384 5258 555 5318 consulendo,
572 5259 754 5320 accedensque
770 5257 805 5308 ad
821 5270 866 5308 so·

73 5334 150 5384 litum
163 5333 249 5382 iocum
262 5335 425 5396 consulendi,
433 5335 520 5386 debita
532 5338 700 5388 inuocatione
710 5339 865 5400 praemissa,

70 5419 140 5470 dixit
160 5422 187 5468 et
204 5413 336 5464 consuluit
358 5416 429 5478 quod
453 5421 554 5468 attenta
577 5418 645 5468 mnia
670 5422 697 5468 et
719 5416 866 5481 pernitiosa

543 303 829 394 commucarus
851 272 1077 367 sesamum
1097 305 1225 368 suasu.

1656 310 1720 371 Edi

929 422 1084 523 prandium
1107 453 1249 506 venerunt
1267 441 1368 505 Sancti
1384 443 1564 521 Cleruentis,
1584 459 1614 509 et
1642 445 1722 508 Par·

929 657 985 706 viia
1001 656 1103 709 ltomlni
1126 655 1166 706 io.
1187 655 1322 721 Baptistae
1340 657 1374 709 de
1400 657 1548 722 Caprasiae
1563 664 1590 711 et
1604 661 1666 724 ejus
1683 662 1725 713 ta·

930 736 1032 796 sciria,
1048 736 1156 786 levitate
1179 749 1291 795 sensus,
1308 739 1469 802 malignitate
1487 740 1585 800 animi,
1604 744 1632 791 et
1648 741 1724 791 lnbo·

930 813 1006 865 nesta
1027 817 1228 866 conversatione
1245 829 1292 866 sua
1310 818 1510 880 maximopere,
1531 842 1564 856 ·-
1592 832 1653 870 cum
1672 832 1724 884 pro

931 895 1069 953 honestata
1086 887 1299 958 perversitatem,
1315 909 1366 959 pro
1382 895 1506 948 castitate
1523 898 1724 962 luxuriam,pro

930 973 1075 1024 hnmilitate
1093 975 1283 1037 arrogantiam,
1299 987 1348 1037 pro
1365 975 1527 1040 benignitate
1551 974 1726 1039 iracundiam,

931 1065 981 1115 pro
994 1053 1121 1116 religione
1133 1054 1268 1104 simoniam
1281 1058 1308 1105 et
1318 1056 1403 1117 spolia
1415 1055 1577 1108 Senatorum
1589 1061 1617 1109 et
1628 1057 1727 1120 edium,

931 1131 1076 1184 sodomiam
1093 1136 1120 1183 et
1136 1145 1213 1184 omna
1231 1133 1301 1183 aliud
1325 1135 1416 1185 vitium
1439 1147 1546 1199 semper
1568 1137 1594 1187 in
1615 1137 1723 1188 civitate

931 1215 959 1263 ei
985 1214 1111 1263 comitatu
1138 1206 1225 1263 docuit
1242 1217 1269 1263 et
1285 1216 1417 1273 exercuit,
1436 1215 1574 1279 adeoquod
1598 1228 1651 1266 non
1668 1217 1726 1280 epi-

932 1303 1028 1354 scopus
1046 1284 1226 1342 nec'omnium
1244 1295 1335 1354 pastor
1351 1291 1400 1343 sed
1416 1294 1505 1356 lupus,
1525 1307 1578 1343 non
1590 1295 1724 1357 praelatus

928 1373 959 1419 et
975 1368 1113 1432 religiosas
1130 1369 1176 1420 sed
1193 1362 1306 1428 adulter,
1321 1383 1374 1421 non
1390 1376 1467 1435 pater
1483 1372 1674 1445 civitatisxsed
1689 1372 1723 1424 d·

927 1449 1026 1501 tiorum
1044 1462 1162 1510 suorum,
1174 1454 1201 1500 et
1213 1452 1304 1514 populi
1315 1454 1360 1502 sui
1378 1452 1508 1503 homicida
1525 1452 1620 1504 merito
1636 1455 1725 1517 appel·

931 1526 979 1578 iari
996 1528 1110 1590 debean
1126 1532 1153 1578 et
1176 1533 1279 1579 attenta
1300 1531 1405 1594 capitali
1422 1532 1559 1583 inimicitia
1582 1546 1634 1596 qua
1655 1536 1725 1585 iuter

932 1609 1020 1657 tantos
1037 1612 1145 1657 nostros
1162 1609 1235 1659 cives
1248 1611 1368 1672 alligatus
1380 1616 1430 1670 est;
1447 1616 1473 1662 ei
1490 1612 1581 1662 habito
1598 1617 1723 1676 respectu

930 1687 964 1736 ad
981 1686 1061 1738 multa
1077 1684 1104 1736 et
1121 1686 1223 1744 majora
1240 1688 1363 1738 scandata
1380 1701 1448 1751 qnae
1465 1691 1491 1740 tn
1508 1691 1605 1752 populo
1627 1695 1719 1742 nostro

932 1779 1057 1817 emanare
1073 1771 1185 1830 possent
1200 1780 1234 1818 ex
1251 1769 1334 1831 ipsius
1351 1768 1502 1819 detestabili
1523 1774 1598 1829 vita,
1614 1783 1663 1833 pro
1679 1784 1725 1822 sa·

932 1847 985 1896 tute
1013 1847 1159 1896 animarum
1187 1850 1338 1896 nostrarum
1358 1851 1386 1897 et
1407 1850 1612 1900 conservatione
1639 1849 1724 1899 nostri

928 1925 1106 1975 ecclesiastici
1132 1929 1159 1975 et
1183 1925 1319 1988 popularis
1342 1932 1445 1978 status:
1466 1930 1493 1979 et
1517 1941 1568 1991 pro
1592 1922 1725 1979 evitandis

933 2005 1086 2065 scandalis,
1102 2005 1172 2069 quod
1189 2008 1261 2056 nullo
1282 2014 1396 2069 unqnaiu
1415 2017 1534 2073 tempore
1551 2009 1726 2073 permittatur

930 2093 1019 2147 neque
1045 2085 1186 2137 tolleretur
1213 2086 1284 2148 quod
1311 2086 1398 2137 dictus
1420 2087 1453 2137 li.
1483 2089 1522 2139 io.
1548 2089 1667 2151 Baptista
1691 2089 1725 2140 de

929 2166 1020 2213 cetero
1037 2164 1183 2227 recipiatur
1194 2165 1220 2215 in
1237 2164 1397 2229 Episcopum
1410 2165 1607 2226 Firmanorum,
1619 2171 1645 2219 et
1656 2169 1728 2230 quod

930 2255 980 2294 nen
997 2256 1046 2306 per
1062 2257 1092 2295 se
1108 2254 1194 2307 neque
1211 2257 1260 2306 per
1277 2248 1334 2308 elas
1352 2251 1397 2296 aut
1414 2247 1479 2297 aiios
1502 2259 1564 2297 suos
1587 2248 1724 2298 ministros

931 2325 958 2371 et
973 2320 1092 2372 oilltiales
1109 2334 1191 2385 snper
1206 2326 1328 2383 personis
1345 2329 1371 2375 et
1387 2325 1465 2376 bonls
1482 2325 1658 2390 Episcopatus
1675 2341 1725 2391 pa·

931 2400 1030 2458 storria
1046 2399 1158 2450 otllcium
1176 2412 1304 2452 exercere
1320 2404 1419 2467 possit:
1438 2408 1466 2454 el
1484 2406 1590 2469 penitus
1607 2407 1665 2468 elus
1676 2405 1726 2458 de·

931 2470 1055 2530 testabii'e
1071 2492 1167 2530 nomen
1179 2480 1213 2531 de
1230 2481 1338 2531 ciuitate
1355 2485 1383 2532 et
1398 2485 1522 2533 comitatu
1539 2482 1617 2534 Firnii
1634 2484 1726 2537 delea-

931 2561 974 2608 tur
991 2561 1017 2609 el
1035 2561 1205 2619 annulletur,
1222 2564 1248 2610 et
1275 2562 1350 2624 prins
1379 2561 1515 2613 Firmanus
1538 2565 1652 2626 populns
1674 2579 1725 2630 pro

931 2639 1054 2689 libertate
1071 2641 1238 2698 seruitutem,
1255 2653 1304 2703 pro
1322 2654 1387 2704 pace
1404 2641 1512 2703 beilum,
1530 2655 1578 2706 pro
1590 2645 1673 2707 gratia
1695 2649 1722 2696 et

930 2716 1116 2769 benedictione
1134 2720 1301 2783 apostolicae
1317 2721 1391 2771 Sedis
1407 2726 1435 2771 el
1451 2722 1494 2772 88·
1509 2716 1636 2781 Pastoris,
1657 2723 1728 2775 indi·

930 2798 1081 2861 gnationem
1098 2799 1268 2850 interdictum
1286 2803 1312 2850 et
1329 2802 1393 2851 alias
1406 2802 1609 2863 ecclesiasticas
1633 2816 1729 2855 censu·

931 2889 976 2927 ras
994 2879 1034 2936 et,
1053 2878 1074 2927 si
1091 2878 1131 2927 tas
1153 2881 1195 2929 esi
1212 2879 1292 2940 ioqui,
1308 2886 1423 2930 aratrum
1450 2882 1539 2944 potius
1562 2884 1617 2946 pati
1645 2896 1723 2946 quarn

930 2956 1018 3019 ipsum
1036 2957 1062 3006 in
1079 2955 1236 3020 Episcopum
1254 2963 1281 3008 et
1298 2964 1432 3021 pastorem
1450 2961 1595 3011 animarum
1618 2963 1723 3025 recipe·

932 3046 977 3084 rer
994 3035 1074 3087 immo
1091 3048 1140 3097 pro
1157 3037 1242 3086 salute
1259 3040 1366 3087 nostrae
1377 3038 1480 3100 patriae
1492 3042 1518 3088 et
1530 3042 1619 3102 quiete
1635 3040 1725 3104 populi

931 3113 1009 3177 bajus
1026 3115 1141 3164 multatis
1158 3119 1185 3164 et
1200 3127 1251 3177 pro
1266 3116 1465 3178 praedictorum
1477 3120 1592 3168 omniurn
1610 3119 1724 3169 victoria

930 3197 1112 3258 unusquisqne
1128 3195 1327 3258 particulariter
1343 3200 1370 3246 et
1387 3196 1413 3246 in
1430 3209 1527 3260 genere
1541 3203 1656 3262 exponat
1668 3200 1727 3249 ani·

932 3285 1012 3331 mam,
1028 3277 1055 3324 el
1071 3280 1149 3337 caput
1166 3273 1294 3333 biiornmr
1313 3280 1339 3326 et
1356 3275 1426 3326 bona
1442 3277 1566 3328 bonorem
1585 3279 1680 3329 tamem
1697 3285 1724 3330 et

930 3353 1083 3415 dignitatem
1105 3353 1272 3416 derelinquat
1296 3354 1464 3418 potiusquam
1482 3355 1516 3405 ab
1536 3355 1588 3406 isto
1614 3358 1719 3419 incepto

931 3431 1063 3483 desistere
1089 3437 1117 3483 el
1139 3432 1252 3483 iinaiiter
1268 3433 1379 3491 lterato;
1394 3438 1423 3484 et
1440 3434 1473 3484 de
1497 3448 1567 3485 novo
1591 3436 1725 3486 scribatur

929 3511 1038 3562 oratori
1053 3516 1146 3563 nostro
1162 3515 1206 3574 qui
1225 3516 1265 3563 est
1277 3514 1389 3574 Rornae,
1406 3515 1478 3578 qnod
1495 3516 1626 3567 instanter
1643 3522 1669 3568 et
1686 3517 1728 3569 in·

930 3591 1092 3646 sicutissime
1109 3595 1136 3641 et
1153 3604 1184 3642 ea
1201 3605 1253 3655 qna
1270 3591 1347 3643 decet
1364 3595 1515 3646 reuerentia
1532 3601 1558 3646 et
1580 3597 1727 3650 bumilitate

931 3671 1082 3736 genuflexus
1099 3674 1229 3735 supplicet
1254 3677 1281 3723 et
1298 3674 1449 3737 supplicare
1482 3675 1580 3726 debeat
1604 3678 1627 3727 S·
1649 3680 1678 3727 n.
1694 3677 1728 3730 N·

932 3753 960 3800 et
976 3750 1056 3800 Sacro
1069 3749 1183 3813 collegio
1199 3754 1225 3800 et
1242 3751 1330 3802 Excei.
1343 3757 1369 3802 et
1380 3754 1442 3804 lter.
1455 3754 1642 3804 Cardinalibus
1654 3758 1726 3818 quod

933 3833 982 3892 pro
1000 3829 1087 3880 salute
1104 3828 1251 3880 animarum
1276 3836 1436 3906 npstrarum,
1453 3846 1503 3894 pro
1525 3835 1728 3885 conservatione

931 3909 1006 3970 pects
1024 3913 1134 3960 nostrae
1150 3915 1177 3960 et
1195 3913 1341 3973 perpetuae
1364 3911 1471 3974 qnietis,
1488 3924 1537 3974 pro
1561 3913 1727 3975 respuisione

930 3999 1041 4050 magnae
1068 3992 1095 4039 ei
1118 3988 1205 4038 dualis
1234 3988 1446 4040 arrebeiiationis
1462 3992 1539 4046 buius
1565 3993 1670 4055 popuii,
1697 3998 1727 4044 et

929 4078 980 4128 pro
997 4067 1168 4129 reparatione
1185 4068 1327 4119 multorum
1343 4070 1474 4119 malorum
1491 4074 1518 4120 et
1536 4071 1723 4124 scandalorum

930 4157 999 4208 quae
1016 4145 1104 4196 lutura
1121 4151 1212 4196 essent
1231 4147 1257 4196 ln
1274 4147 1323 4197 bac
1341 4161 1388 4198 sua
1405 4148 1502 4199 devota
1520 4149 1589 4199 iideli
1609 4155 1636 4200 et
1652 4153 1724 4214 paci-

932 4223 981 4274 tica
1005 4226 1114 4274 civitate
1131 4229 1159 4276 et
1175 4226 1320 4285 comitatu,
1347 4228 1425 4278 solita
1453 4240 1500 4279 sua
1518 4227 1681 4293 benignitate
1698 4235 1725 4282 et

933 4303 1066 4354 cbariiata
1083 4317 1113 4354 nc
1130 4318 1178 4368 pro
1194 4307 1321 4370 pastpralt
1345 4307 1428 4358 allicio
1445 4320 1494 4358 suo
1510 4308 1543 4359 de
1561 4309 1662 4360 salubri
1685 4323 1727 4362 re·

933 4383 1020 4432 medlo
1036 4383 1177 4446 provideat
1193 4388 1219 4434 et
1236 4384 1334 4434 dicium
1345 4385 1382 4435 io.
1392 4385 1535 4450 baptistam
1554 4389 1597 4439 vei
1616 4396 1726 4443 revocet

932 4474 947 4509 a
973 4461 1046 4511 dicto
1071 4461 1230 4525 Episcopatu
1247 4465 1288 4513 rel
1306 4465 1399 4515 saitem
1424 4466 1568 4519 transierat
1590 4474 1617 4520 et
1635 4473 1725 4521 trans·

934 4544 1018 4589 nrutet
1045 4544 1072 4590 et
1099 4540 1176 4590 uobis
1193 4546 1338 4605 nostroque
1355 4545 1435 4594 staini
1455 4547 1608 4609 religiosum
1628 4552 1655 4598 et
1675 4548 1722 4598 lto·

932 4623 1038 4669 nestum
1055 4624 1158 4681 patrem
1175 4618 1335 4684 Episcopum
1351 4628 1379 4674 et
1395 4629 1530 4686 pastorem
1548 4626 1697 4677 substituat-

976 4697 1007 4747 Et
1024 4698 1057 4748 ad
1080 4699 1205 4756 maiorem
1227 4702 1304 4761 nujus
1326 4701 1434 4768 morab,
1450 4704 1554 4754 roboris
1577 4705 1725 4756 firmitatem

935 4790 1027 4827 omnes
1045 4778 1118 4828 eires
1136 4778 1169 4828 de
1186 4779 1298 4830 concilio
1310 4781 1398 4836 iurent
1416 4786 1442 4831 et
1456 4784 1605 4845 juramento
1621 4784 1725 4835 iirment

933 4859 1022 4909 omnia
1039 4863 1068 4908 et
1084 4858 1185 4921 singula
1203 4859 1314 4909 tirmiter
1334 4864 1452 4922 presenti
1469 4867 1496 4912 et
1513 4866 1582 4913 orani
1604 4868 1725 4926 tempora

933 4938 1080 4988 observare
1099 4943 1125 4988 et
1142 4939 1295 5001 adimplere,
1311 4950 1342 4989 ac
1359 4939 1393 4989 ab
1409 4941 1460 4991 isto
1478 4944 1581 5006 incepto
1598 4945 1655 4993 sire
1677 4944 1727 4993 irn-

933 5031 1011 5080 presa
1041 5030 1173 5081 nunquam
1199 5017 1330 5068 desistere
1347 5019 1431 5070 donec
1448 5026 1475 5071 st
1492 5034 1632 5085 quousque
1659 5024 1725 5074 baec

934 5099 1003 5147 aima
1021 5103 1113 5147 nostra
1130 5097 1224 5148 civitas
1242 5097 1350 5148 babebit
1366 5100 1505 5150 victoriam
1526 5102 1551 5150 in
1569 5114 1598 5150 re
1615 5102 1679 5159 ista;
1696 5115 1726 5152 ac

934 5179 1012 5227 etiarn
1029 5190 1122 5227 omnes
1138 5180 1210 5228 cives
1226 5177 1259 5226 de
1278 5179 1388 5228 concilio
1410 5192 1439 5229 se
1457 5180 1538 5230 scribi
1555 5180 1649 5230 iaciant
1673 5180 1724 5231 sub
1799 5188 1805 5197 ·

933 5256 1005 5307 dicto
1018 5257 1128 5307 decreto
1144 5261 1170 5307 et
1187 5257 1386 5316 deliberatione,
1399 5262 1425 5307 et
1440 5260 1486 5321 qui
1503 5272 1556 5309 non
1573 5264 1650 5310 eruut
1663 5271 1725 5323 pre·

934 5339 1025 5385 sentes
1045 5337 1167 5386 mittetur
1190 5348 1240 5398 per
1260 5347 1307 5386 eos
1331 5341 1360 5386 ut
1384 5338 1476 5398 iurant
1492 5342 1520 5388 et
1537 5350 1566 5389 se
1583 5339 1664 5390 scribi
1686 5340 1728 5390 ta·

934 5417 1013 5465 ciant.
1030 5415 1140 5467 nemum
1156 5417 1256 5469 dicium
1273 5416 1409 5468 decretum
1427 5429 1486 5469 enm
1512 5417 1664 5470 nominibus
1686 5419 1727 5469 ct·
