3780 6030
168 255 211 316 dl
639 244 928 314 Pacuuianus
944 247 1176 314 innocencii.
1190 246 1342 313 duravi.

168 407 202 450 ea
223 389 406 472 erasarum
430 388 632 454 cmdioalibus'
654 391 686 452 la
709 389 906 453 carrdiaaiium
932 400 961 452 et

33 501 38 511 ·
166 491 486 571 presbyterorumetc.
509 488 684 570 praeseutia,
704 501 735 553 et
757 500 826 571 post
843 489 960 549 misaam

165 590 314 653 celebrans
333 609 401 652 cum
420 601 546 669 quatuor
566 591 632 651 aliis
649 589 851 652 cardinalibus
879 609 960 659 mare

168 692 256 752 salita
273 690 400 752 absolvit
420 688 476 772 (l).
510 742 511 745 ,

207 790 260 851 llis
286 789 387 850 diebtsa
414 791 492 851 venit
507 790 557 855 „ad
583 789 694 853 Urbem
721 787 757 849 R.
785 791 816 848 ln
840 788 958 851 christo

166 899 250 971 pater
280 888 421 950 Dominus
449 885 585 951 Nicolaus
614 892 766 970 episcopus
801 886 958 963 Lucensis,

166 1009 234 1051 cnm
251 988 378 1069 quadam
394 989 505 1068 collega
527 1007 596 1062 sua;
614 989 691 1050 veuit
710 988 747 1047 ad
769 987 880 1050 Urbem
904 1005 959 1067 pra

164 1091 324 1152 obedientia
340 1089 512 1170 praestanda
529 1075 643 1151 nomine
657 1088 881 1150 Camtnunltatis
895 1086 960 1148 uu-

167 1194 282 1266 censis}
299 1193 354 1270 qui
373 1189 429 1251 suit
449 1201 582 1270 receptus
608 1210 661 1272 per
678 1190 802 1250 lamilius
820 1188 852 1249 S.
871 1189 908 1248 D.
924 1185 959 1248 li.

167 1304 196 1353 et
215 1292 419 1356 Romanarum
441 1287 637 1351 Dominarum
650 1289 863 1361 cardinalium,
876 1299 905 1349 et
923 1288 962 1350 ad

167 1392 288 1458 domum
311 1391 425 1473 hospitii
439 1391 501 1475 'sui
518 1391 693 1453 associatus:
716 1391 778 1470 qui
806 1389 908 1455 deinde
932 1393 961 1450 ia

167 1493 252 1556 tertia
272 1495 340 1555 aula
361 1492 466 1555 Palatii
486 1494 516 1554 iu
537 1493 708 1554 consistoria
735 1492 852 1572 publica
867 1509 962 1571 prae-

165 1594 237 1656 stitit
254 1595 448 1657 'obedientiam
474 1594 651 1676 praedictam
681 1594 869 1655 sanctissima
896 1593 961 1654 Da·

168 1682 246 1757 mina
258 1708 358 1757 nostra
373 1696 473 1759 ordine
486 1694 516 1759 e't
530 1715 611 1759 mare
627 1706 764 1757 consueta
778 1706 805 1756 et
817 1693 961 1756 ardiaata.

212 1795 340 1858 Sabbata
376 1813 421 1858 tx.
451 1796 554 1857 mensis
586 1794 728 1859 octobris,
744 1793 875 1856 habitum
907 1793 963 1855 luit

168 1897 302 1976 generale
322 1895 490 1978 Capitulum
510 1895 638 1955 tranum
660 1892 779 1957 Ordinis
804 1893 964 1955 Praedica-

168 1978 267 2056 tarum
287 1996 316 2056 in
335 2007 481 2071 conventu
494 1994 599 2080 Bautae
614 1995 724 2056 blaciae
742 2013 833 2075 supra
849 1993 963 2054 Miner·

170 2113 237 2154 sam
258 2096 471 2175 praelectione
493 2093 643 2157 Generalis
663 2102 779 2168 earum,
804 2105 833 2155 et
854 2094 883 2173 in
907 2111 962 2152 sa·

171 2182 270 2265 turum
311 2194 480 2257 collectione
517 2188 666 2275 repertum
705 2206 749 2257 est
788 2193 964 2274 Magistrum

169 2293 308 2357 amaena
339 2296 374 2358 tle
400 2295 491 2359 Curte
511 2295 679 2375 Papiensem
692 2292 832 2372 *ejusdem
853 2293 964 2354 ordinis

168 2396 362 2474 professorem
398 2407 427 2455 et
456 2397 610 2474 quemdam
626 2397 728 2475 ipsias
754 2395 865 2456 ordinis
890 2412 965 2475 pra·

167 2494 304 2557 lessarem
331 2495 471 2557 l'cnetum
496 2498 577 2576 paria
603 2508 669 2557 rata
699 2482 819 2567 babere,
844 2512 879 2556 ex
904 2513 964 2573 quo

64 2601 66 2605 ’
171 2596 257 2671 amba
287 2588 339 2678 per
361 2615 430 2659 suaa
456 2598 591 2675 partiales
619 2597 647 2656 in
674 2595 830 2658 cenerales
853 2597 963 2675 recepti

171 2706 241 2756 sunt
258 2706 289 2756 et
308 2695 459 2775 publicati,
477 2705 505 2756 et
521 2712 609 2774 super
627 2696 720 2755 altare
736 2695 874 2757 ecclesiae
892 2693 964 2755 dietl

176 2803 338 2855 conventus
372 2793 457 2875 positi
495 2795 678 2868 successise,
717 2794 793 2856 trade
818 2812 962 2874 magnum

174 2895 342 2956 scandalum
365 2895 439 2956 iuter
460 2890 566 2955 iratres
587 2894 657 2956 dicti
677 2891 796 2957 Ordinis
813 2906 857 2956 est
876 2913 965 2956 esar-

174 3003 260 3067 tum‚
280 3005 309 3055 et
335 3011 439 3074 magna
456 2993 612 3069 *camusim
632 2994 705 3057 adeo
723 2994 804 3072 qasad
831 2995 883 3055 arisi
904 3012 967 3073 qu·

174 3094 311 3157 bermtar
328 3094 416 3157 Urbis
434 3105 602 3173 cumgente
622 3112 674 3153 aua
692 3095 882 3178 accurrisset,
898 3084 967 3154 tnass

170 3191 239 3272 jara
272 3193 501 3267 inconvenientia
532 3202 627 3255 essent
658 3195 838 3256 subsecuta:
871 3206 966 3256 tamea

174 3293 208 3365 S.
230 3292 266 3368 D.
288 3290 337 3367 ll,
357 3292 394 3354 ad
421 3292 585 3355 instantiam
606 3292 642 3355 lt.
665 3292 780 3356 Domini
805 3293 968 3357 cardinalia

174 3392 355 3474 Neapolitani
375 3393 447 3456 dieti
466 3393 577 3457 ordinis
596 3397 783 3475 protectoris,
798 3397 850 3476 qui
870 3407 968 3477 partes

176 3495 257 3556 illius
278 3485 378 3554 Veneti
399 3492 529 3565 iuvabat,
559 3495 599 3556 ita
620 3495 735 3557 salente
755 3506 785 3556 et
805 3495 968 3570 mandante,

177 3593 302 3655 Venetus
324 3593 450 3654 afficiam
471 3594 566 3673 ipsum
587 3592 720 3681 retinuit,
739 3598 832 3658 altera
853 3607 968 3677 praeter·

175 3677 260 3778 suam
282 3694 462 3754 voluntatem
484 3692 694 3772 acquiescente.
840 3770 841 3779 ἵ

220 3794 306 3856 Faria
328 3804 433 3871 quarta
455 3810 512 3855 xx.
534 3792 602 3855 dicti
619 3795 722 3855 mensis
743 3795 872 3857 octobris
890 3796 969 3857 circa

178 3896 284 3955 baram
305 3892 357 3953 92.
380 3894 502 3953 venienti
523 3892 566 3953 ad*
580 3893 690 3956 Urbem
709 3896 754 3955 lli.
771 3895 807 3955 D.
823 3896 970 3976 alphonso

179 3993 334 4061 calabriae
354 4005 411 4055 etc.
431 3994 519 4088 Daci,
545 3993 673 4057 Serenis.
702 3996 877 4058 Ferdinandi
894 3995 972 4063 sict-

179 4095 234 4159 liae
255 4106 312 4157 etc.
334 4092 423 4174 liegis
444 4097 639 4176 primagenita
660 4109 847 4177 perparuam
864 4078 977 4160 -Beatae

179 4194 288 4276 ldariac
320 4195 355 4258 de
386 4194 527 4276 Populo,
558 4206 699 4257 venerunt
732 4196 847 4257 obviam
880 4214 972 4275 usqua

183 4293 220 4353 ad
241 4295 364 4356 Pontem
385 4295 502 4356 blallem
523 4305 560 4356 ac'
574 4297 654 4357 ultra
676 4307 705 4358 et
724 4297 799 4357 citra
815 4295 880 4356 itit.
894 4297 972 4377 car-

178 4393 290 4492 dlnules
300 4393 575 4468 vicecancellarius,
590 4393 807 4477 Neapolitanus,
828 4395 973 4460 Parmen-

198 4551 363 4565 w-

184 4647 186 4652 '
220 4645 256 4707 (tl
279 4641 434 4698 ciaccanlus
451 4643 614 4693 Cardiaelem
640 4644 860 4696 blatisconeusem
875 4644 974 4708 (Phill-

179 4721 285 4774 bertum
303 4719 443 4786 Ugauetti)
458 4722 485 4771 in
507 4722 567 4771 albo
583 4736 673 4772 earum
694 4723 816 4794 inscribit
826 4761 842 4783 „
861 4737 974 4786 quorum

179 4801 230 4851 tub
245 4802 322 4852 Sixta'
337 4800 367 4850 lv
382 4806 504 4851 mortuas
516 4813 577 4850 esse
589 4806 705 4861 constat,
716 4802 764 4853 sed
775 4802 833 4852 dies
851 4805 877 4851 et
890 4814 974 4853 anuas

180 4880 275 4931 martis
291 4878 436 4945 ignoratur.
452 4878 585 4930 lohannes
604 4879 719 4930 Palatius
741 4878 833 4937 (Fasti
847 4878 977 4930 cardina·

181 4958 247 5009 lium
269 4960 386 5011 amnium
410 4958 438 5010 S.
464 4958 833 5017 li.ll.alo.,l¹eaatiia1703,
854 4960 916 5007 tam.
938 4956 974 5018 ll,

180 5050 209 5100 ρ.
221 5039 277 5097 edd,
294 5040 339 5093 aar
351 5040 373 5100 l,
385 5039 452 5088 maia
469 5039 565 5088 asserit
580 5037 676 5088 ltamaa
694 5030 779 5086 lucem
792 5035 914 5085 amisisse
931 5035 974 5087 dia

181 5116 237 5168 xiv
252 5116 410 5168 decembris.
422 5114 460 5166 Du
471 5127 503 5164 eo
514 5115 608 5165 videas
621 5114 749 5177 epistolas
766 5113 848 5164 cana.
864 5111 977 5163 Parian-

183 5206 228 5255 srs,
243 5184 351 5248 Passus
367 5202 402 5247 ae
417 5190 441 5244 s
458 5193 570 5244 luciana
582 5195 608 5243 ia
623 5191 760 5242 annalibus
776 5192 976 5243 tlatiscaueasi·

181 5273 243 5332 bus,
257 5273 400 5324 barontus
414 5272 494 5322 baum
511 5271 538 5322 ia
555 5267 976 5331 orationaluusbri,csaccoarasv,

183 5351 334 5414 Psenmau,
350 5350 539 5403 Vrcraaaceuss
555 5353 604 5399 etc.

1701 236 1814 328 (aas)
1846 189 1848 195 ’

1028 389 1234 468 samagam
1248 385 1470 469 (inienuus
1485 371 1656 468 centens),
1671 384 1816 463 amnas,

1028 498 1055 550 et
1074 489 1252 563 uaua‘alina,
1267 478 1354 566 quem
1368 504 1425 547 uun
1441 485 1512 547 bene
1530 485 1722 562 considerari,
1737 497 1815 549 tam·

1027 607 1116 667 quam
1137 588 1332 668 particulares
1352 576 1507 647 domicelli.
1529 586 1639 649 Deinde
1663 597 1717 668 per
1743 606 1815 669 par·

1028 701 1087 749 tam
1111 687 1288 769 praedictam
1309 696 1451 747 venerunt
1465 682 1564 748 amnes
1582 686 1631 745 alii
1646 685 1683 747 lt.
1701 686 1819 749 Domini

1028 788 1197 851 cardinales
1218 786 1247 862 in
1271 786 1352 849 urae
1377 773 1527 849 existentes
1548 787 1750 868 collegiuliter.
1773 789 1816 850 Ab

1028 908 1062 950 ω
1083 890 1160 964 ιοω,
1181 907 1241 969 quo
1262 887 1329 948 aux
1345 887 1383 946 aa
1403 886 1462 949 arta
1482 905 1525 950 n.
1546 887 1753 951 marmianus
1768 873 1822 951 re:

1028 1001 1130 1070 ceptus
1149 992 1223 1060 luit,
1243 987 1386 1068 equitavit
1411 987 1471 1067 ipse
1498 988 1610 1050 nredlns
1631 988 1707 1049 inter
1728 988 1819 1050 llice·

1028 1084 1238 1152 cancellarium
1259 1101 1288 1151 et
1303 1087 1534 1169 Neapolitanum,
1550 1088 1736 1167 sequentibus
1757 1088 1819 1150 allis

1029 1205 1156 1277 quatuor
1181 1183 1387 1255 'cardinalibus
1406 1189 1481 1249 binis
1501 1187 1650 1261 etbinis3
1677 1187 1728 1259 sed
1750 1207 1818 1251 cum

1029 1311 1122 1372 prope
1142 1302 1258 1372 partam
1280 1309 1310 1352 ae
1338 1291 1608 1371 appropinquaret,
1623 1307 1660 1351 ea
1685 1289 1819 1363 dimissa,

1029 1392 1071 1453 illi
1086 1411 1134 1453 sex
1144 1391 1320 1476 cardinales
1334 1408 1390 1471 per
1403 1389 1535 1450 ordinem
1551 1390 1723 1474 consuetum
1738 1401 1820 1451 staa-

1031 1502 1072 1553 tes
1093 1504 1122 1554 et
1150 1491 1341 1572 collegialiter
1362 1490 1456 1570 ipsum
1484 1490 1596 1552 Ducem
1622 1484 1815 1570 receperunt,

1029 1591 1275 1656 vicecancellarii>
1306 1609 1362 1671 pra
1392 1575 1528 1664 amnibus
1559 1592 1705 1669 loquente.
1738 1590 1815 1652 Tum

1030 1693 1107 1767 Dux,
1118 1693 1220 1772 eapite
1233 1690 1429 1771 discooperto,
1446 1691 1760 1771 sagatosmranate·
1774 1691 1820 1750 di·

1031 1791 1358 1873 scaapertlsc'apitibus
1388 1801 1494 1852 stantes
1523 1792 1671 1852 osculatus
1700 1803 1766 1866 este
1792 1802 1820 1852 et

1032 1904 1164 1972 receptus
1186 1890 1261 1953 inter
1290 1891 1402 1972 primas
1422 1889 1565 1954 Diaconos
1594 1891 1764 1961 cardinales
1793 1894 1823 1973 in,

1032 1995 1135 2056 ultima
1156 1995 1234 2066 laea,
1246 1993 1486 2073 praecedentibus
1503 1990 1637 2054 amnibus
1657 1993 1724 2054 aliia
1745 1997 1821 2054 car·

1031 2095 1173 2156 diualibus
1193 2099 1247 2154 su'a
1269 2094 1372 2155 ardiae
1390 2091 1598 2171 equitantibus.
1618 2091 1655 2151 ad
1681 2093 1820 2172 palatium

1031 2194 1232 2275 alpastalicnm
1272 2194 1526 2275 applicaverunt,
1569 2190 1618 2253 nbi
1653 2190 1820 2254 cardinales

1031 2314 1130 2356 ornnes
1151 2314 1208 2357 nan
1229 2296 1263 2355 ln¹
1279 2295 1364 2357 salita
1392 2286 1494 2356 earum
1515 2291 1657 2377 laca,scd
1678 2291 1766 2367 inira,
1786 2293 1823 2353 ad

1032 2381 1142 2475 gradus
1171 2394 1312 2458 camerae
1337 2395 1520 2476 Aposatteae
1551 2393 1763 2456 dmcabderum
1787 2411 1821 2452 ex

1032 2498 1138 2575 equis,
1167 2508 1201 2557 et
1223 2514 1277 2576 per
1298 2496 1378 2556 illam
1399 2496 1507 2556 acabm
1531 2493 1672 2557 camerae
1691 2490 1822 2572 ejusdem

1033 2596 1150 2678 palatii,
1168 2597 1266 2657 aulam
1286 2614 1419 2676 magnam
1441 2615 1495 2678 pra
1513 2579 1631 2678 publica
1650 2594 1822 2655 consistoria

1032 2697 1195 2773 ordinatam
1217 2696 1432 2776 iug'ressieunt,
1447 2696 1511 2768 ubi,
1526 2696 1603 2760 iacta
1619 2692 1754 2763 Pantilici
1770 2712 1820 2754 re·

1034 2798 1174 2867 serentis,
1193 2794 1253 2857 duo
1270 2800 1395 2858 seniores
1413 2792 1766 2858 biamat'uesaeoaeruna
1785 2795 1820 2854 ad

1034 2897 1151 2969 ducens,
1165 2897 1291 2958 remissis
1306 2897 1370 2956 aliia
1385 2895 1509 2967 duabus,
1527 2906 1558 2956 et
1569 2895 1676 2957 ducem
1692 2893 1730 2953 ad
1745 2893 1824 2955 l’an-

1034 2995 1120 3057 tibcis
1139 2996 1330 3077 praesentiam
1351 2996 1543 3069 adduxerunt3
1560 2997 1622 3077 qui,
1639 2995 1725 3057 iactis
1744 2993 1823 3055 Pan-

1035 3097 1118 3170 tilici,
1135 3106 1173 3181 ut
1194 3095 1285 3157 maris
1305 3108 1360 3171 est,
1383 3097 1563 3173 reverentiis,
1580 3097 1618 3160 ad
1632 3095 1824 3164 osculatiaues

1036 3210 1174 3279 receptus
1192 3196 1401 3271 est..Deiade‚
1422 3216 1469 3260 aaa
1488 3209 1600 3278 petente
1625 3199 1661 3260 de
1687 3199 1755 3260 laea
1774 3197 1827 3256 sibi

1036 3299 1141 3373 danda,
1153 3296 1306 3372 Pontifex,
1322 3300 1391 3378 quia
1412 3298 1452 3358 lta
1465 3316 1519 3378 per
1537 3294 1825 3365 Vicemncellarium‚

1037 3411 1071 3461 ut
1088 3400 1230 3475 existima,
1249 3398 1347 3468 isserat
1369 3416 1561 3486 persuasum,
1576 3411 1707 3463 asserens
1732 3398 1827 3479 ipsum

1037 3519 1105 3562 curu
1126 3498 1267 3562 aliashic
1288 3490 1389 3562 iuisset
1402 3511 1467 3580 past
1487 3501 1617 3579 primum
1631 3498 1827 3570 Cardinalem,

1037 3599 1494 3673 vicecancellarlumvidellcet,
1522 3600 1648 3672 sedissa,
1673 3611 1827 3680 propterea

1038 3703 1132 3783 ipsum
1153 3704 1260 3763 iterum
1281 3702 1310 3760 in
1332 3700 1432 3762 eadem
1453 3703 1519 3763 laco
1541 3702 1679 3773 locarem,
1700 3699 1781 3779 quad
1801 3711 1830 3762 et

1038 3802 1093 3864 leci
1104 3825 1115 3877 3
1128 3815 1157 3863 et
1171 3813 1250 3863 certe
1272 3803 1345 3864 male
1360 3803 1481 3876 iactum,
1502 3822 1572 3864 cum
1593 3804 1674 3863 lacus
1695 3802 1746 3865 ille
1760 3801 1830 3872 salis

1038 3903 1169 3983 Regibus
1190 3901 1329 3965 debeatur
1341 3925 1353 3974 3
1383 3902 1504 3964 debebat
1525 3913 1623 3964 autem
1645 3903 1744 3962 iocum
1765 3910 1830 3979 past

1039 4005 1168 4085 primum
1209 4001 1393 4063 cardinalem
1425 4002 1643 4083 ,Presbyterum
1675 4000 1829 4060 babuisse.

1039 4103 1245 4167 continuatum
1261 4102 1317 4164 luit
1335 4104 1561 4175 consistorium,
1587 4115 1615 4163 et
1642 4102 1827 4181 completum.

1041 4208 1105 4275 Dua
1126 4203 1229 4278 linita,
1260 4203 1339 4285 Papa
1368 4204 1512 4267 rediitad
1533 4221 1664 4265 cameras
1690 4221 1780 4274 auus,
1801 4189 1831 4262 et'

1042 4325 1109 4368 cum
1130 4326 1165 4368 ea
1185 4322 1285 4368 amnes
1310 4304 1478 4373 cardinales
1504 4314 1533 4365 et
1550 4305 1629 4363 Dux.
1657 4302 1735 4363 Tum
1764 4300 1830 4362 Dux

1042 4408 1078 4467 ab
1101 4407 1242 4468 ‘amnibus
1274 4403 1489 4466 cardindlibua'
1505 4421 1598 4481 nsque
1630 4401 1667 4461 ad
1699 4419 1832 4462 cameras

1042 4509 1180 4570 Gamerae
1195 4507 1376 4588 dpaatallcae
1396 4523 1449 4586 pru
1464 4523 1499 4565 ea
1518 4506 1675 4576 ordinatas,
1692 4493 1833 4563 transiens

1043 4607 1117 4669 inter
1139 4610 1249 4690 pritnas
1271 4605 1355 4678 duas,
1382 4604 1445 4665 aliis
1468 4602 1602 4675 amitibus
1622 4604 1833 4682 sequentibus,

1043 4709 1198 4770 associatus
1219 4718 1275 4788 eat,
1294 4707 1359 4780 ubi,
1377 4725 1413 4768 ea
1432 4706 1560 4781 dimissa,
1581 4706 1712 4784 qaisqua-
1725 4704 1762 4764 ad
1781 4705 1833 4764 lo·

1044 4827 1112 4870 eum
1133 4811 1194 4869 sive
1215 4808 1333 4867 datnum
1354 4825 1436 4868 auam
1458 4825 1597 4869 reversus
1620 4816 1663 4867 est
1683 4802 1740 4888 (0).

1051 4953 1212 4962 -..-......
1219 4949 1672 4969 -..η-...ηψ-
1679 4937 1833 4957 μη..

1083 5026 1120 5087 (2)
1133 5023 1267 5090 Celaenae
1282 5023 1358 5085 llus,
1373 5023 1448 5086 acels
1463 5021 1627 5084 Neapolitani
1643 5018 1712 5071 utica
1735 5022 1834 5084 prima·

1043 5107 1157 5169 quattus,
1171 5116 1256 5168 quam,
1268 5103 1310 5154 bic
1326 5103 1442 5154 vidimus
1463 5089 1609 5165 properare
1625 5099 1659 5150 ad
1676 5098 1773 5163 Urbem
1791 5112 1835 5150 aa·

1045 5189 1147 5236 ternam
1164 5188 1191 5234 ct
1207 5182 1243 5233 ad
1259 5193 1355 5232 aarum
1373 5178 1533 5239 l’aatitioem,
1543 5180 1635 5241 paucis
1650 5183 1712 5228 aute
1728 5177 1834 5236 diebus,

1044 5264 1131 5315 literis
1146 5263 1180 5313 ad
1196 5260 1349 5311 Cardiaales
1365 5259 1480 5323 Visaautt
1503 5263 1530 5308 at
1552 5258 1585 5310 da
1609 5258 1741 5319 aragonia
1755 5262 1783 5308 at
1799 5258 1834 5308 ad

1044 5342 1154 5407 Legatos
1175 5339 1364 5404 Neapolitanas
1377 5350 1421 5392 „ex
1445 5336 1542 5398 castris
1558 5348 1643 5398 propa
1658 5335 1834 5386 Mediolanum
