3764 6036
176 286 237 350 loa
617 282 921 347 *ronrtrtctrtis
942 279 1170 353 tntlocnnrtt
1191 281 1355 348 octavi·

177 423 312 484 mandato
332 440 405 496 soo;
432 421 511 502 quod
531 430 560 483 et
580 421 636 483 leci
660 420 805 499 aliquibus
833 405 968 493 tantum,

176 524 309 586 videlieet
329 521 591 595 vicecancellario,
609 521 823 609 Beneventano,
844 519 969 580 Sanctae

177 625 367 698 Anastasiae,
392 624 538 695 Senensi,
563 623 755 696 Camernrio,
781 622 911 692 Ursino,
941 632 969 681 et

178 726 321 799 Ascani03
333 726 440 804 quibua
454 725 588 787 omnihus
604 725 714 806 placuit
731 740 795 783 mea
817 722 969 795 sententia3

176 826 423 889 vicecancellario
438 825 582 899 addente,
600 826 672 885 alias
691 824 721 885 in
737 822 864 884 adventu
880 821 970 883 bonae

179 926 340 989 memoriae
354 926 515 988 Cardinalis
538 925 573 988 de
592 926 675 988 Foro
696 925 773 986 idem
787 926 875 985 luisse
894 926 970 985 inter

180 1045 229 1089 eos
250 1038 402 1099 statutum,
423 1040 451 1089 et
472 1027 650 1099 ordinatum,
671 1038 699 1088 et
720 1039 790 1087 tunc
808 1027 896 1087 etiam
914 1024 972 1085 ob·

180 1141 345 1204 verrutom3
361 1129 466 1189 habitis
480 1139 632 1208 propterea
653 1147 705 1209 per
720 1146 765 1188 me
779 1126 892 1186 duobus
907 1124 972 1184 aliis

181 1231 266 1292 aoelis
284 1248 338 1310 pro
352 1229 407 1290 hnc
429 1248 473 1303 re,
492 1229 560 1289 hinc
571 1221 601 1288 et
623 1228 687 1289 inde
701 1246 872 1308 persuasum
886 1226 914 1285 id
929 1236 972 1287 est

182 1329 218 1391 ad
239 1331 312 1391 alios
330 1329 510 1403 cardinales,
530 1330 665 1412 pluribus
685 1329 799 1389 vicibus
816 1323 973 1407 equitando

99 1430 102 1434 ’
184 1450 241 1492 non
263 1431 382 1492 modicis
398 1422 559 1503 laboribus,
580 1447 649 1490 cum
667 1429 737 1490 alias
755 1427 917 1490 cardinatis
938 1427 973 1489 de

182 1532 297 1596 Ursinis
320 1545 468 1610 tamquam
489 1530 593 1602 affinis,
612 1530 802 1591 ev-sscantus
824 1539 973 1605 tamquam

183 1632 339 1712 singularis
364 1633 477 1692 amicus
508 1633 636 1692 omninov
652 1631 790 1692 interesse
823 1628 898 1690 dicta
929 1628 974 1690 die

185 1733 325 1794 adventus
340 1732 385 1793 sui
397 1751 413 1792 a
426 1734 457 1794 S.
471 1731 562 1793 lloria
576 1731 611 1791 de
622 1731 738 1810 Populo
748 1741 776 1791 et
791 1729 844 1809 sibi
858 1729 974 1790 obviam

186 1835 286 1895 venire
316 1833 520 1905 ordinassent;
552 1831 663 1893 obtinui
695 1831 809 1893 tandem
842 1830 974 1892 omnium

185 1933 404 2015 praedictorum
420 1952 602 2006 consensum,
617 1932 695 2012 qnod
706 1934 805 1993 nullue
818 1933 844 1992 ei
859 1931 975 1992 ebriam

187 2034 245 2096 iret
265 2034 360 2114 prima
380 2033 426 2093 die
445 2033 616 2113 praedicta,
636 2032 817 2111 quodetiam
836 2032 893 2092 luit
923 2050 975 2111 per

185 2152 235 2195 eos
261 2133 448 2194 laudabiliter
477 2133 674 2195 observatum.
696 2134 738 2196 Ut
763 2134 852 2195 elium
887 2129 976 2209 hujus

186 2230 460 2310 Cardinalis‚cujus
478 2251 582 2295 nomen
598 2247 661 2296 erat
680 2233 805 2295 loannes
824 2231 976 2292 Laurentii

188 2332 223 2393 de
234 2333 439 2395 blediciscivis
455 2335 617 2395 Florentini
635 2333 712 2395 illius
722 2333 975 2412 secundogenitus,

188 2432 300 2511 aliquid
320 2432 476 2505 habeatur,
498 2435 533 2495 de
555 2452 625 2512 quo,
646 2450 715 2493 eom
736 2444 847 2494 secreta
869 2431 976 2503 luerit,

190 2535 264 2595 nihil
285 2534 364 2608 dini,
384 2530 448 2610 ejus
470 2537 645 2595 creationem
674 2534 807 2619 breviter
836 2529 976 2592 recitabo.

190 2633 243 2697 Die
263 2635 360 2707 lunae,
380 2651 456 2693 nona
478 2634 594 2706 martii,
615 2625 717 2695 annia
743 2633 894 2694 nativitate
915 2631 978 2693 Do·

191 2734 262 2793 mini
284 2751 315 2796 ι.
335 2750 423 2796 coco.
445 2751 607 2808 xxorrnr,
626 2736 695 2813 quia
717 2736 745 2794 iu
764 2733 978 2812 decimoquinto

164 2904 166 2906 p
191 2833 291 2895 aetatis
310 2853 379 2896 suae
394 2853 468 2894 anno
483 2835 657 2895 constitutus
673 2846 747 2909 evat,
768 2852 836 2895 cum
851 2834 979 2912 quinque

191 2935 256 2996 aliis
273 2932 475 2996 cardinalibus
494 2944 565 2996 tunc
580 2937 734 3019 publicatis
749 2937 779 2995 in
797 2933 978 3007 Cardinalem

191 3046 355 3115 assumptus
369 3047 398 3097 et
411 3026 528 3099 cre'atus
547 3040 604 3099 luit
622 3037 679 3124 (l),
698 3057 767 3100 cum
780 3039 979 3120 prohibitione

223 3283 305 3345 (tilix
315 3286 493 3337 monumentis
510 3301 525 3337 a
540 3287 670 3338 Fabronio
681 3292 708 3339 et
718 3289 818 3340 lioscoe
829 3287 980 3351 publicitu-

194 3363 232 3413 ris
244 3363 333 3423 laetis,
344 3365 408 3414 haec
426 3366 558 3428 seligenda
570 3368 779 3418 existimavimus
790 3357 979 3429 auper'ioanne

195 3441 228 3492 da
244 3441 360 3503 llediols,
376 3446 420 3508 qui
437 3445 486 3494 luit
502 3448 562 3507 post
579 3450 699 3508 tempora
715 3445 767 3495 beo
783 3446 832 3505 X·‚
852 3445 909 3495 aliis
930 3457 980 3508 pro

196 3521 341 3583 appendice
357 3523 466 3574 relictis.

393 3679 543 3730 innocentio
558 3677 619 3728 illll.
636 3679 706 3731 Pont.
721 3682 788 3731 llax.
881 3680 888 3700 ¹

240 3854 250 3876 ·
264 3835 434 3888 sanctissime
452 3851 483 3888 ae
498 3839 653 3891 beatissima
669 3839 746 3890 Pater
757 3843 784 3890 et
795 3837 912 3889 Domine.
923 3838 983 3888 Post

196 3915 298 3978 penum
310 3912 399 3969 oscula
415 3918 564 3970 beatarum.

240 3993 402 4046 intendendo
419 3995 481 4047 dell’
492 3997 687 4048 ambasciatora
704 4002 796 4048 nostro
812 3999 860 4048 che
877 3998 901 4047 la
916 3997 941 4048 S.
956 3998 983 4047 v.

196 4071 212 4121 d
228 4074 253 4123 in
270 4075 353 4125 lermo
369 4078 506 4139 proposito
518 4076 545 4134 di
562 4077 617 4128 lare
630 4079 707 4127 nuori
719 4077 851 4127 Cardinali
862 4079 888 4126 in
905 4076 981 4126 brevi

197 4150 291 4213 giorni,
307 4165 349 4203 me
365 4155 484 4217 parehhe
501 4159 625 4208 meritare
638 4158 812 4221 grandissima
829 4156 983 4219 reprensio-

196 4241 241 4289 ne,
257 4242 287 4279 se
303 4232 328 4280 ic
345 4244 398 4281 non
414 4234 439 4283 le
456 4235 598 4287 ricordassi
615 4239 642 4286 in
658 4240 753 4300 questo
778 4249 841 4286 caso
858 4236 983 4285 l'honore

197 4307 224 4356 di
240 4315 333 4371 questa
350 4310 413 4360 cittb
437 4317 463 4363 et
488 4314 541 4362 mio
564 4317 696 4375 anchora,
713 4319 761 4367 che
787 4329 835 4379 per
857 4329 906 4366 sua
928 4315 984 4364 cle-

198 4391 296 4439 mentia
312 4401 378 4438 sono
394 4393 564 4455 certissimo,
581 4398 697 4446 secondo
714 4398 749 4446 mi
767 4398 854 4445 scrirn
871 4396 984 4445 l'imba·

199 4466 313 4516 eciatore
336 4469 476 4532 predetto,
492 4472 541 4521 che
566 4476 653 4535 quella
676 4489 705 4526 se
732 4487 764 4526 ne
787 4475 901 4525 ricorde.
924 4477 985 4525 ltin·

199 4545 284 4607 gratio
301 4547 324 4596 la
340 4547 366 4596 S.
382 4547 410 4596 V.
429 4548 455 4598 di
472 4551 525 4599 tale
541 4564 589 4602 sua
606 4554 788 4617 dispositione,
806 4570 821 4605 e
838 4555 984 4617 supplicae

199 4625 287 4686 quella
304 4627 385 4677 molto
402 4627 580 4688 humilmente,
596 4644 624 4681 se
641 4637 691 4684 mai
715 4648 780 4685 sono
797 4648 845 4698 per
863 4639 984 4685 rioevere

200 4705 294 4755 alcuna
311 4706 423 4756 rilevato
441 4705 570 4758 henellcio
587 4711 620 4759 da
645 4713 751 4774 quella,
768 4715 791 4764 si
808 4714 885 4776 degni
901 4713 986 4764 abon-

200 4782 369 4835 dantemente
392 4797 407 4834 e
426 4797 477 4836 con
500 4785 593 4836 effecto
618 4802 744 4853 porgerne
762 4792 779 4841 il
796 4793 898 4854 premio
917 4791 986 4842 delta

201 4864 284 4926 gratia
302 4877 366 4925 sua,
377 4864 445 4916 delia
463 4866 541 4930 quale
558 4869 581 4916 la
599 4869 729 4934 riebieggo
740 4876 836 4935 questa
853 4871 925 4921 volta
936 4884 986 4922 con

202 4943 289 5004 quella
299 4943 412 4995 efficacia
423 4945 472 4996 ohe
483 4946 546 4996 larei
556 4960 570 4997 a
579 4947 609 4999 N.
622 4949 648 4998 s.
658 4947 706 4999 Dio
715 4964 763 5013 per
771 4952 794 5001 la
804 4952 889 5002 salute
899 4952 989 5003 delt'a·

201 5022 271 5070 nima
282 5023 342 5070 mia.
354 5021 382 5072 lo
393 5037 445 5076 non
456 5025 537 5076 oredo
549 5028 598 5078 che
609 5029 635 5078 in
648 5032 716 5079 tutto
728 5031 752 5078 el
769 5033 857 5093 tempo
867 5031 910 5081 del
922 5045 986 5095 pon·

204 5100 301 5150 tilloato
322 5113 370 5152 suo
394 5104 420 5154 la
441 5104 465 5155 S.
487 5105 513 5155 v.
535 5120 616 5169 possa
632 5108 688 5159 iere
700 5121 763 5160 cosa
779 5109 908 5174 ebeporti
925 5124 987 5163 seeo

204 5181 336 5244 maggiore
360 5183 516 5248 obligatione
533 5187 559 5235 di
576 5192 670 5250 questa
687 5189 750 5240 citii
765 5202 845 5240 verso
867 5191 891 5240 la
910 5192 936 5241 S.
958 5197 988 5243 V.

203 5264 317 5328 perche,
333 5276 409 5316 come
425 5270 520 5329 questa
536 5266 633 5331 dignita
649 5270 664 5319 e
680 5273 748 5321 state
766 5271 845 5321 molto
863 5284 939 5333 rara,
961 5277 988 5323 et

203 5361 252 5410 per
268 5361 452 5412 consequence
468 5350 502 5402 da
520 5364 572 5402 nno
588 5356 677 5430 tempo
694 5352 722 5403 ln
737 5365 789 5416 qua
812 5353 894 5403 molto
915 5351 988 5404 desi·

1718 223 1826 374 (iia,

1036 432 1131 483 tamen
1145 440 1276 503 expressa
1292 440 1327 484 ne
1343 423 1418 483 intra
1435 423 1602 499 triennium,
1617 443 1651 486 ex
1666 434 1736 484 tune
1756 443 1824 505 pro-

1035 522 1112 584 xime
1132 522 1293 596 tatarum,
1314 542 1344 584 se
1371 522 1552 586 Cardinalem
1574 526 1758 606 appelleret,
1779 537 1825 586 eut

1038 755 1147 816 derata,
1170 754 1226 805 eosi
1254 756 1418 819 passerehbe
1441 769 1489 806 con
1507 757 1684 819 grandissima
1710 759 1825 810 molestie

1038 834 1143 898 quando
1161 836 1271 885 restassl
1297 837 1349 885 mal
1369 836 1549 886 contentam
1567 849 1609 886 me
1626 839 1652 887 ln
1671 839 1826 901 particolare

1037 927 1090 964 non
1106 914 1190 975 parto,
1206 912 1305 975 perche
1321 926 1373 963 non
1389 915 1476 976 petrei
1493 915 1648 969 desiderare
1666 916 1712 977 piit
1738 918 1827 980 questa

1037 1005 1098 1042 cosa
1115 993 1163 1042 clue
1179 991 1194 1042 e
1211 995 1236 1040 in
1254 992 1342 1042 elletto
1359 1006 1393 1041 un
1412 993 1546 1043 desiderio
1558 994 1751 1044 ardentissimo
1762 994 1827 1044 dello

1039 1071 1139 1142 honore
1156 1073 1216 1129 niio,
1233 1071 1256 1119 el
1274 1071 1351 1134 quale
1368 1071 1488 1120 havendo
1505 1084 1610 1134 sempre
1628 1075 1762 1135 proposto
1786 1073 1828 1122 ella

1040 1153 1095 1199 rita
1123 1150 1241 1213 propria,
1257 1149 1309 1211 pub
1324 1151 1495 1200 considerare
1512 1151 1535 1199 la
1557 1151 1583 1200 s.
1597 1150 1642 1209 V.‚
1661 1150 1772 1214 quando
1794 1163 1828 1200 aa

1039 1230 1119 1291 guissi
1142 1228 1292 1279 altrimeato
1316 1233 1363 1280 che
1389 1231 1414 1278 io
1438 1231 1530 1292 aperi,
1545 1232 1571 1279 in
1589 1230 1639 1278 che
1664 1232 1781 1279 termine
1800 1233 1829 1279 ni

1040 1309 1167 1366 treveris,
1183 1307 1231 1357 che
1249 1321 1300 1357 non
1319 1309 1353 1357 mi
1370 1308 1504 1371 parrebbe
1522 1321 1598 1358 esser
1614 1308 1660 1370 pin
1685 1310 1709 1358 nl
1729 1309 1828 1359 mondo.

1040 1387 1066 1435 ι’
1077 1386 1262 1436 imhasciatore
1279 1387 1403 1437 nostroe
1426 1388 1568 1437 iniormato
1585 1401 1600 1437 a
1617 1394 1703 1451 punto
1725 1387 1831 1451 de’pen·

1040 1468 1101 1517 sieri
1118 1467 1192 1525 miei,
1209 1467 1272 1516 datii
1292 1468 1362 1530 quali
1385 1481 1436 1517 non
1461 1480 1527 1517 sono
1550 1472 1633 1530 punto
1658 1471 1782 1526 mutato,
1803 1468 1831 1518 ne

1040 1547 1127 1596 vorrei
1144 1546 1257 1609 perdere
1275 1547 1292 1595 il
1309 1547 1376 1595 hene
1393 1560 1427 1609 pe
1440 1547 1454 1594 'l
1472 1547 1576 1609 meglio,
1592 1546 1703 1609 quando
1716 1548 1734 1594 il
1747 1547 1831 1607 meglio

1041 1638 1093 1675 non
1110 1627 1132 1676 si
1149 1638 1239 1689 possa·
1254 1624 1318 1674 Perb
1334 1637 1384 1673 non
1401 1625 1517 1686 patendo
1534 1625 1672 1674 obtenersi
1690 1625 1715 1675 el
1737 1625 1833 1686 primo,

1042 1704 1166 1767 supplico
1183 1705 1207 1753 la
1224 1704 1248 1753 S.
1265 1703 1293 1751 V.
1316 1704 1339 1752 ei
1356 1703 1433 1766 degni
1450 1704 1510 1752 netl'
1523 1706 1590 1754 altro
1608 1706 1702 1752 tenere
1720 1703 1746 1752 la
1763 1715 1832 1751 mano

1042 1793 1073 1832 sn
1099 1781 1122 1830 lo
1145 1781 1247 1831 honore
1270 1781 1333 1840 mio,
1360 1782 1517 1831 ricordando
1534 1782 1599 1845 perh
1615 1782 1668 1831 alla
1684 1781 1711 1831 S.
1729 1784 1769 1841 ll,
1789 1793 1834 1832 oon

1007 1895 1011 1906 .
1043 1862 1102 1924 ogni
1121 1861 1237 1920 immitti,
1255 1861 1424 1921 nevoctione,
1436 1865 1462 1911 et
1480 1861 1550 1923 fede,
1566 1861 1615 1910 che
1627 1861 1654 1910 in
1666 1863 1765 1923 questo
1776 1872 1832 1910 caso

1042 1941 1128 2004 quella
1145 1954 1197 1990 non
1214 1941 1246 1989 ha
1263 1940 1296 1989 da
1314 1942 1410 1991 harere
1427 1941 1494 1989 altra
1510 1941 1582 2002 legga
1599 1952 1615 1988 o
1633 1940 1789 1989 resistentia
1805 1952 1831 1990 se

1042 2031 1095 2069 non
1111 2021 1197 2082 quella
1212 2021 1263 2069 ohe
1279 2021 1311 2068 lei
1330 2019 1473 2069 medesima
1491 2021 1569 2069 rorrd
1587 2031 1636 2081 per
1659 2017 1834 2080 benignitied

1043 2097 1177 2149 humanitl
1193 2112 1257 2157 sua;
1274 2098 1372 2161 perche
1389 2100 1415 2148 in
1433 2098 1544 2148 arbitrio
1560 2098 1587 2148 di
1603 2097 1631 2145 V.
1653 2098 1677 2147 S.
1696 2095 1730 2157 b,
1749 2102 1775 2147 et
1791 2096 1833 2146 ab·

1044 2178 1219 2228 solutaaiente
1236 2179 1354 2227 in‘mano
1371 2190 1419 2227 sua
1435 2181 1503 2227 tutta
1520 2181 1614 2239 queste
1632 2189 1717 2234 cosa,
1734 2179 1762 2225 et
1776 2187 1832 2225 eon·

1044 2257 1178 2320 segnendo
1194 2262 1288 2320 questo
1305 2257 1455 2307 immortale
1472 2256 1600 2306 benellclo
1617 2255 1653 2305 ml
1666 2258 1774 2305 chiamo
1790 2267 1835 2317 per

1045 2347 1149 2397 sempre
1166 2337 1301 2385 satislacto
1318 2337 1558 2399 elohiigatissimo.
1576 2336 1660 2384 &aaa
1678 2336 1776 2396 questo
1788 2347 1833 2383 non

1045 2428 1127 2477 veggo
1144 2415 1222 2464 modo
1239 2427 1314 2464 come
1332 2415 1370 2464 sia
1388 2414 1414 2464 ln
1432 2413 1528 2464 lacnltb
1545 2414 1570 2463 di
1586 2412 1614 2460 ti.
1626 2413 1650 2462 S.
1670 2414 1699 2462 di
1719 2411 1833 2461 satlslare

1045 2503 1060 2541 e
1077 2496 1257 2554 ricomperare
1275 2493 1291 2540 l’
1302 2494 1385 2542 honor
1397 2493 1460 2551 mio,
1472 2495 1498 2541 et
1515 2493 1538 2540 la
1556 2492 1679 2553 opinione
1691 2490 1831 2550 chesneili

1046 2570 1077 2621 ha
1101 2572 1160 2621 data
1177 2572 1226 2620 che
1244 2574 1269 2621 io
1285 2573 1323 2622 sla
1342 2573 1410 2621 nella
1429 2573 1521 2634 gratia,
1539 2583 1594 2620 sua.
1619 2569 1832 2620 liaccomnndoml

1047 2651 1216 2700 humilmente
1234 2651 1277 2700 alli
1294 2650 1364 2712 piedi
1381 2651 1407 2699 di
1419 2649 1446 2698 V.
1464 2650 1491 2699 ti.
1507 2662 1522 2698 e
1540 2649 1688 2711 supplirola
1707 2650 1742 2696 mi
1760 2646 1830 2696 hebbi

1046 2743 1094 2791 per
1110 2733 1238 2780 excusato
1255 2741 1284 2795 se
1301 2730 1328 2777 io
1345 2738 1396 2778 non
1416 2730 1432 2777 li
1449 2729 1482 2777 ho
1507 2729 1608 2789 scripto
1632 2727 1659 2776 di
1679 2740 1758 2777 mano
1773 2738 1829 2788 pro·

1046 2808 1116 2871 pria,
1131 2810 1180 2857 ebe
1198 2809 1223 2857 lo
1240 2810 1273 2858 ho
1290 2806 1359 2856 iacto
1376 2819 1425 2869 per
1441 2807 1516 2856 darie
1534 2818 1627 2855 manco
1644 2805 1776 2861 molestia,
1789 2815 1830 2852 non

1047 2886 1161 2936 essendo
1185 2889 1282 2947 troppo
1309 2883 1397 2934 buono
1423 2888 1573 2947 scriptore,
1589 2887 1616 2933 et
1639 2884 1725 2933 ancha
1745 2880 1831 2945 percle

1047 2977 1089 3014 me
1115 2970 1190 3014 trovo
1212 2963 1338 3027 impedito
1362 2964 1395 3013 de
1418 2976 1470 3013 una
1495 2975 1589 3021 mano,
1605 2974 1620 3011 e
1639 2963 1749 3012 sariami
1773 2965 1830 3011 stato

1047 3040 1150 3094 difficile
1169 3064 1189 3092 ·.
1349 3046 1351 3050 ’
1550 3091 1553 3095 .

1181 3135 1183 3138 ’
1450 3121 1475 3170 V.
1491 3120 1516 3170 S.
1533 3119 1702 3170 llnmilllmus
1718 3118 1808 3175 servit.

1485 3200 1561 3249 baur.
1578 3202 1615 3250 De
1632 3197 1752 3250 llediels.

1141 3283 1298 3340 Florentiae,
1314 3281 1357 3332 die
1375 3287 1397 3331 i.
1413 3276 1500 3329 octob.
1519 3280 1588 3330 rtet.

1062 3380 1112 3443 (lle
1128 3380 1284 3430 monument.
1301 3379 1364 3439 Ana.
1381 3376 1502 3427 Fabranii
1516 3376 1550 3426 ad
1565 3375 1647 3426 eitam
1663 3374 1741 3425 anr.
1755 3371 1819 3428 idad-l

1127 3633 1285 3685 Laurentius
1301 3623 1426 3691 lledides,
1441 3611 1652 3681 florentinorum
1670 3594 1769 3692 legato.

1093 3778 1103 3802 ι
1122 3757 1288 3820 liingraziato
1300 3757 1338 3805 sia
1349 3755 1396 3805 llio
1413 3755 1439 3803 dl
1451 3758 1545 3818 questa
1556 3752 1643 3803 banna
1655 3753 1772 3810 novella,
1792 3750 1831 3799 che

1050 3836 1218 3887 hiermattina
1235 3849 1249 3885 a
1267 3836 1332 3885 hore
1348 3835 1364 3884 9
1381 3835 1478 3884 rideret
1495 3834 1521 3883 di
1537 3833 1614 3884 iless.
1633 3831 1690 3882 iiio.
1707 3830 1831 3889 nostrata

1050 3919 1128 3980 quale
1146 3918 1179 3966 mi
1198 3926 1297 3978 pareva
1315 3916 1387 3963 tanto
1400 3914 1650 3977 maggiore,quanto
1662 3925 1713 3975 per
1724 3914 1750 3962 la
1767 3922 1834 3975 gran·

1051 3996 1134 4047 dezza
1150 3997 1166 4045 l'
1176 3997 1319 4058 aspectare
1336 4007 1444 4052 mancos
1462 3992 1617 4056 parendomi
1630 4005 1693 4042 cosa
1704 3992 1786 4042 molto
1800 4001 1835 4039 to·

1051 4089 1099 4138 pra
1116 4075 1234 4124 e'meriti
1253 4075 1329 4133 miei,
1345 4079 1372 4123 et
1389 4086 1438 4134 por
1455 4086 1484 4124 se
1501 4073 1603 4123 dlllleile
1620 4075 1711 4130 tanto,
1734 4074 1782 4122 aba
1797 4082 1834 4120 sa·

1049 4168 1116 4218 pera
1128 4156 1203 4221 quasi
1214 4154 1275 4205 dell'
1284 4154 1455 4217 impossibile.
1467 4153 1505 4204 llo
1516 4156 1624 4216 cagiono
1641 4153 1668 4202 di
1683 4150 1833 4202 ricordarmt

1052 4248 1158 4298 sempre
1175 4236 1202 4284 di
1219 4234 1261 4283 chi
1278 4246 1307 4283 se
1324 4232 1368 4282 n'e
1384 4232 1530 4291 alienanto,
1548 4238 1574 4283 et
1591 4233 1706 4282 lasciare
1730 4234 1835 4281 anchora

1052 4318 1147 4379 questo
1165 4313 1270 4363 ricorde
1286 4326 1302 4376 ⁸.
1318 4312 1398 4375 quelli
1415 4313 1464 4362 che
1482 4313 1683 4363 succederanno
1695 4325 1709 4361 a
1723 4324 1774 4368 me,
1784 4321 1837 4373 per·

1053 4395 1101 4444 chb
1117 4397 1210 4458 questa
1227 4392 1242 4441 b
1260 4393 1284 4441 la
1301 4396 1416 4454 maggior
1433 4404 1513 4451 cosa,
1529 4395 1578 4442 che
1594 4393 1691 4442 lacessi
1709 4393 1763 4441 mai
1778 4390 1836 4439 Casa

1053 4481 1158 4533 nostra,
1176 4479 1203 4524 et
1221 4486 1236 4522 a
1253 4474 1296 4527 vol
1314 4471 1391 4521 hasta
1404 4472 1452 4522 ebe
1464 4475 1489 4521 io
1502 4472 1734 4536 intendoquesto‚'
1749 4468 1838 4535 percbl

1053 4553 1145 4604 lavero
1158 4555 1180 4603 la
1195 4555 1289 4614 reputo
1305 4551 1348 4614 pili
1365 4553 1413 4600 che
1430 4555 1504 4603 e'tre
1521 4555 1609 4614 quarti
1621 4552 1690 4602 della
1703 4550 1839 4613 diligentia,

1054 4633 1185 4682 industria
1202 4634 1229 4680 et
1246 4643 1335 4680 amore
1352 4635 1453 4680 rostro.
1471 4632 1569 4691 Questa
1586 4636 1663 4693 parte
1685 4632 1721 4680 mi
1743 4629 1839 4680 riserbo

1054 4711 1081 4762 ln
1099 4714 1166 4761 altro
1179 4713 1304 4773 tempoet
1316 4710 1402 4759 modo.
1419 4711 1439 4759 Α
1456 4709 1485 4762 Ν.
1503 4710 1528 4759 S.
1548 4712 1583 4759 mi
1599 4710 1614 4759 e
1630 4721 1714 4772 perso
1726 4709 1839 4760 scrivere

1055 4791 1079 4839 al
1096 4792 1222 4852 presente
1237 4801 1290 4838 ana
1307 4789 1402 4837 lettera
1419 4788 1445 4838 di
1463 4788 1704 4852 ringraziamento‚
1720 4788 1770 4838 che
1786 4784 1839 4836 sari

1054 4883 1104 4920 oon
1116 4874 1225 4933 questas
1237 4867 1293 4923 cosi
1306 4867 1432 4933 rispendo
1444 4881 1458 4917 a
1469 4868 1532 4918 bala
1549 4871 1576 4918 et
1593 4869 1718 4926 Ascanio,
1730 4866 1764 4917 da
1776 4863 1840 4929 quali

1055 4950 1202 5000 solamente
1214 4947 1248 4997 ho
1260 4960 1309 5011 per
1319 4946 1385 4998 hora
1396 4951 1477 4998 avuto
1488 4948 1629 5006 lettere,et
1637 4945 1672 4996 da
1684 4948 1729 4996 voi
1743 4947 1839 5008 aspetto

1055 5029 1099 5092 pto
1115 5031 1273 5094 partieolare
1290 5028 1381 5079 adrico
1398 5028 1424 5078 di
1441 5027 1483 5092 pld
1500 5040 1572 5086 eoae,
1588 5039 1664 5077 eome
1681 5026 1838 5078 intenderete

1056 5123 1194 5175 appresso.
1217 5110 1245 5159 lo
1265 5122 1318 5160 non
1339 5122 1370 5159 so
1386 5121 1416 5159 se
1433 5108 1494 5158 sard
1510 5108 1671 5171 displiciuto
1688 5121 1703 5157 a
1721 5108 1752 5160 tv.
1774 5107 1798 5156 S.
1817 5104 1837 5152 la

1055 5190 1261 5242 dimostrazlone
1277 5202 1292 5239 e
1308 5188 1389 5246 lesia.
1406 5189 1456 5239 ebe
1479 5189 1524 5252 qul
1541 5200 1570 5238 se
1586 5189 1636 5239 n'd
1652 5188 1725 5238 iacta
1740 5188 1838 5238 unirer·

1056 5274 1204 5331 salmonte,
1220 5270 1270 5321 obe
1288 5271 1338 5319 mal
1354 5270 1389 5319 mi
1411 5280 1494 5332 parre
1512 5269 1610 5319 redere
1626 5269 1671 5332 plvl
1687 5280 1754 5319 vera
1769 5280 1783 5317 e
1797 5275 1835 5328 ge·

1056 5352 1146 5403 nerale
1164 5351 1318 5414 aiiegreaza.
1332 5347 1516 5399 sarebbevene
1528 5348 1589 5400 lacti
1601 5348 1675 5418 molti
1689 5349 1749 5400 altri
1759 5345 1833 5410 segnis
