3764 6036
32 271 149 355 trees)

76 411 173 474 Derbe
190 407 277 487 junii,
299 404 475 469 hebdomada
497 409 639 482 aeonae,
663 407 826 488 Collegium

38 509 233 569 Dominarum
267 503 466 575 cardinalium
488 503 668 594 incluserunt
689 505 827 585 Magnum

37 609 170 670 Turcurn
193 607 223 668 in
238 607 315 667 Arce
336 605 436 666 Sancti
455 606 557 686 hugeli
568 650 579 681 ,
599 606 740 685 illumque
759 606 828 673 dili·

36 717 138 786 genter
154 705 293 767 custodiri
313 705 455 778 iecerunt,
476 716 505 767 et
525 705 581 767 hoc
603 707 707 770 timore
721 707 825 770 mortis

37 804 193 868 Pontificis.

76 906 130 967 Die
152 907 260 977 lunae,
283 904 332 967 ld.
347 905 416 966 dicti
437 905 553 977 mensis,
569 906 732 985 praelatum
749 907 826 968 Per·

36 1026 118 1079 rum,
139 1026 199 1085 quo
218 1005 275 1066 luit
304 1006 443 1068 Dominus
464 1017 561 1076 ttostrr
582 1006 665 1069 lesus
694 1008 828 1070 Christus

36 1108 198 1187 perfossus,
219 1106 343 1186 praelati
364 1106 531 1168 cardinales
548 1117 578 1169 et
599 1097 762 1187 Collegium
794 1108 828 1169 de

36 1224 153 1267 camera
182 1205 251 1267 dicti
273 1203 421 1266 Pontificis
443 1207 470 1265 in
492 1207 721 1285 ecclesiaSancti
737 1208 828 1282 Petri,

36 1309 66 1367 in
85 1310 152 1369 loco
179 1305 229 1366 ubi
261 1308 406 1368 inclusum
424 1319 472 1391 >est
492 1308 664 1383 Sudarium,
683 1327 739 1369 ane
760 1328 828 1370 cum

35 1408 114 1469 dieto
140 1406 267 1481 sudario
299 1408 526 1470 collacaverunt.
559 1409 597 1471 Et
632 1410 745 1475 iactam
772 1409 828 1471 init

36 1508 231 1569 inventarium
257 1507 401 1571 bonorum
419 1510 565 1572 ecclmiae.

77 1609 188 1670 Eadem
214 1609 260 1670 die
291 1609 564 1673 Pice-Camerarius
589 1612 827 1676 Bartholomaeus

38 1710 178 1772 llorenus
192 1707 238 1792 (l)
256 1710 432 1786 Mutinensis,
454 1731 509 1775 non
533 1712 675 1776 confidem
689 1714 724 1776 de
741 1714 827 1792 domo
853 1702 856 1716 ⁸

39 1830 118 1885 sua,
137 1812 403 1877 tim01·c.tumultua
423 1804 639 1886 Romanorum,
662 1814 712 1892 qui
732 1814 825 1876 colent

36 1910 101 1974 fleri
122 1911 152 1972 in
172 1919 267 1972 morte
287 1911 446 1987 Pontificis,
464 1931 532 1975 cum
553 1915 631 1976 omni
652 1931 706 1974 sua
720 1913 826 1975 lumilia

35 2022 66 2071 et
86 2011 169 2073 bonb
188 2011 226 2072 ad
246 2012 434 2073 habitandum
465 2031 537 2074 cum
568 2012 719 2077 badarino
748 2013 826 2076 ldat·

38 2111 134 2186 thaei,
158 2113 210 2190 qui
232 2123 303 2196 tuuc
323 2113 460 2192 temporis
480 2125 544 2176 erat
561 2114 779 2189 conservator,
798 2135 828 2177 se

37 2213 185 2287 contulit,
206 2223 312 2294 putans
339 2213 378 2279 ihi
398 2233 534 2276 securum
557 2235 586 2277 se
605 2235 687 2296 posse
708 2233 827 2295 perram

36 2331 118 2388 ocre3
137 2314 189 2391 qui
208 2324 273 2395 post
292 2314 407 2393 aliquos
429 2314 534 2386 diesin
557 2316 669 2378 Palatio
688 2313 782 2396 Papae
798 2335 828 2377 se

36 2415 170 2491 induxit,
185 2414 404 2492 habitavitque,
426 2433 461 2476 ne
483 2414 633 2479 videretur
659 2416 689 2476 in
714 2415 827 2479 virida-

37 2518 84 2579 rio
105 2513 163 2599 (ι),
183 2514 212 2576 in
234 2517 299 2577 loco
320 2515 371 2594 qui
392 2513 499 2576 dicitur
520 2515 701 2590 Bclaedere.
765 2556 768 2561 .

73 2616 196 2678 ¹interea
216 2615 248 2675 in
270 2614 350 2677 Urbe
365 2601 515 2694 nunquam
532 2625 681 2678 cessarunt
701 2613 829 2675 tribula·

37 2719 128 2779 tiones
158 2728 187 2779 ct
219 2726 336 2778 mortes.
364 2715 436 2777 Nam
464 2718 492 2777 in
520 2718 623 2798 primis
654 2729 713 2778 tres
743 2717 826 2795 pueri

37 2817 138 2883 decem
170 2826 336 2888 annornm,
370 2836 387 2877 e
427 2816 505 2879 venis
542 2835 670 2897 quorum
701 2815 829 2877 iudaeus

39 2919 159 2997 quidam
182 2917 332 2990 Medicus,
359 2919 410 2996 qui
441 2917 550 2998 Papam
578 2936 680 2979 sanum
707 2917 830 2981 reddere

37 3021 236 3102 promiserat,
264 3021 433 3099 sanguinem
467 3023 613 3093 extraxit,
643 3019 828 3083 incontinenti

39 3122 151 3185 mortui
174 3131 249 3182 eunt.
272 3120 392 3182 Dixerat
414 3139 539 3207 namque
558 3120 686 3182 iudaeus
707 3118 777 3192 ille,
799 3137 829 3180 se

40 3224 114 3286 velle
136 3240 237 3283 sanare
258 3219 437 3294 Pontificem,
459 3221 616 3287 dummodo
637 3221 744 3290 habere
760 3238 829 3300 pos·

40 3334 97 3386 set·
113 3335 224 3386 certam
245 3324 433 3402 quantitatem
459 3321 772 3402 sanguinisbumani,
801 3331 830 3382 et

42 3425 159 3503 quidem
179 3423 305 3500 juranis,
328 3443 414 3503 quem
438 3437 592 3506 propterea
613 3423 726 3485 extrahi
743 3419 830 3498 jussit

40 3543 55 3583 a
83 3526 179 3586 tribus
209 3523 330 3605 pueris,
368 3523 475 3603 quibus
507 3536 572 3605 post
604 3523 830 3604 phlebotomiam

41 3645 134 3688 unum
154 3625 292 3687 ducatum
315 3642 369 3705 pro
392 3625 522 3701 quolibet
544 3622 672 3686 donavit.
689 3623 727 3685 Et
742 3623 830 3703 paulo

44 3738 110 3808 port
131 3726 241 3788 mortui
261 3736 330 3787 sunt
349 3720 405 3808 (3).
426 3723 554 3788 iudaeus
568 3725 683 3805 quidem
699 3722 830 3804 aufugit,

42 3840 70 3890 et
83 3828 164 3908 Papa
185 3838 300 3887 sanatus
321 3843 378 3889 uon
396 3835 449 3886 est.

50 3986 52 3991 .
80 3929 157 3990 Item
187 3928 295 3988 multae
316 3926 346 3986 'ru
368 3926 449 3990 Urbe
470 3926 577 3988 fiebant
610 3926 766 3987 occisiones
800 3935 830 3987 et

40 4029 159 4108 rapinae
179 4027 214 4088 de
236 4027 282 4088 die
302 4038 331 4090 et
351 4027 387 4088 de
408 4039 514 4099 nocte,
533 4038 562 4089 ct
584 4028 632 4086 vix
652 4025 829 4106 praeteribat

40 4128 111 4204 dies,
119 4109 190 4210 quin
209 4130 311 4209 aliquis
335 4128 527 4212 occideretur.
540 4122 646 4188 Multas
657 4124 702 4209 (ι)
716 4126 829 4206 Hospes

40 4339 102 4376 rare
119 4338 173 4381 non
196 4326 260 4376 mihi
276 4339 447 4389 persuasam,
463 4326 526 4377 dum
543 4325 666 4375 existimo
691 4324 776 4374 omnis
796 4325 829 4373 ah

40 4418 72 4455 eo
94 4404 179 4455 luisse
200 4410 309 4467 notata,
325 4411 430 4471 etpost
447 4411 568 4470 tempus,
585 4406 627 4455 vel
643 4416 705 4454 casu
723 4402 831 4454 reiho-

39 4485 143 4535 minum
159 4485 271 4545 malitia,
287 4486 418 4549 dispersa.

33 4609 36 4613 .
78 4565 116 4627 (ι)
133 4563 163 4613 la
179 4567 254 4617 textu
269 4564 380 4616 Eccardi
396 4564 522 4622 Morinos,
538 4566 564 4615 in
576 4563 666 4615 codice
677 4575 751 4614 meae
762 4561 828 4612 bibl.

38 4644 168 4706 Doricus,
183 4646 209 4694 in
225 4646 348 4697 Muratori
359 4646 494 4704 lloreaua,
511 4647 537 4695 in
552 4644 623 4695 bulla
645 4642 776 4707 pontilicis
796 4643 831 4693 De
871 4650 872 4655 ’

36 4723 162 4774 Uerania.
181 4724 233 4775 Vid.
250 4736 332 4787 sopra
345 4737 408 4788 pop.
425 4726 480 4776 192.
524 4786 525 4789 Ἴ
725 4765 727 4770 .

84 4808 125 4865 (2)
141 4805 171 4855 ln
186 4804 276 4856 codice
293 4803 442 4854 lalessarae
458 4806 484 4854 in
500 4803 621 4854 biblioth.
645 4813 721 4860 mea,
737 4801 829 4863 legitur

38 4886 166 4945 olivario,
181 4885 207 4934 in
224 4878 300 4934 textu
316 4883 449 4934 Duratorii
466 4881 575 4933 Olearia.
730 4923 733 4925 .
786 4950 787 4953 Ἴ

82 4970 120 5030 (3)
136 4966 207 5018 llaec
225 4977 240 5015 a
256 4962 388 5028 llaynaldu
403 4966 429 5016 et
446 4961 568 5011 omnibus
586 4959 719 5010 historicis
735 4957 829 5008 conflr-

39 5052 158 5101 meatur.

82 5131 120 5191 (t)
136 5126 166 5177 ln
182 5125 275 5176 codice
292 5135 350 5174 meo
369 5122 494 5184 scriptum
512 5123 553 5170 est
567 5118 660 5171 borco
677 5117 787 5178 Hospes,
805 5116 831 5165 in

39 5212 118 5260 texta
141 5203 277 5258 lduratorii
299 5201 404 5253 llolcrta
427 5197 633 5262 assemblatas
648 5196 737 5257 hospes
752 5197 831 5257 prout

41 5289 138 5353 legitur
158 5288 186 5336 in
206 5287 283 5334 textu
304 5281 436 5355 berardi,
454 5283 496 5331 cai
517 5280 645 5329 consonat
667 5272 830 5325 adverbum

42 5370 127 5423 codex
149 5364 284 5417 Parisinus
312 5375 346 5415 ex
374 5360 523 5415 testimonio
547 5359 580 5411 de
604 5354 773 5419 brequigny,
789 5355 830 5404 est

501 270 782 336 POll'l'lPlCd'PUS
803 273 1029 339 llillOCEilPll
1049 272 1202 340 OCThl'l.

1621 283 1680 343 aaa

895 414 1013 492 qnidam
1035 410 1083 476 *sic
1109 396 1225 488 dictus,
1243 398 1376 478 mortuus
1402 428 1431 478 et
1451 417 1602 480 dirobatus
1623 430 1700 482 una·
1770 454 1777 470 .

896 533 963 576 cum
984 513 1047 594 ejus
1066 513 1150 597 nepta
1170 517 1233 578 iuit.

914 614 975 676 'Et
1004 617 1129 691 tandem,
1155 617 1233 679 dicto
1254 629 1404 699 tempore,
1426 639 1518 700 neque
1541 623 1677 698 Senator,

895 733 987 795 nequa
1008 716 1279 780 Viae-Camerarius
1303 737 1396 798 neque
1416 721 1519 800 aliquis
1540 720 1680 784 Ulcialis
1794 767 1799 779 ,

896 817 1005 880 Urbem
1038 819 1241 893 custodiebat,
1271 831 1390 900 propter
1424 821 1502 901 quod
1535 833 1682 885 tentorum

896 920 1042 978 melorum
1063 928 1092 981 et
1110 919 1342 982 facinorosorum
1359 921 1508 983 hominum
1528 922 1680 983 confestim

895 1019 1006 1099 repleta
1027 1030 1091 1093 est,
1113 1032 1146 1080 ut
1174 1021 1220 1080 vix
1248 1020 1306 1082 dici
1337 1023 1450 1102 possit,
1478 1039 1546 1084 eum
1574 1021 1681 1101 absque

896 1117 1023 1196 alicujus
1045 1121 1212 1201 Superioris
1231 1123 1335 1186 timore
1356 1134 1565 1203 persuaserant.
1613 1162 1616 1167 ·

937 1221 991 1282 Die
1011 1219 1150 1299 cajum
1170 1222 1296 1303 Prosper
1314 1222 1467 1298 Columna,
1489 1235 1518 1287 et
1538 1223 1683 1285 lohannes

897 1320 1042 1383 dardanus
1063 1321 1140 1383 filius
1162 1323 1293 1402 Virginei
1311 1324 1422 1398 Ursini,
1444 1325 1493 1403 qul
1508 1323 1584 1404 apud
1605 1323 1681 1386 Car·

896 1423 1019 1483 dinalem
1038 1422 1138 1483 Sancti
1153 1422 1233 1484 Petri
1252 1423 1289 1484 ad
1310 1425 1431 1486 Vincula
1449 1425 1680 1499 divertebantur,

813 1524 815 1527 ’
896 1541 963 1584 cum
982 1524 1082 1585 multis
1101 1522 1167 1585 aliis
1187 1526 1348 1587 barordbus
1365 1538 1395 1587 et
1416 1518 1682 1588 cirihas‘llomanis

895 1636 1080 1708 accesserunt
1100 1626 1137 1685 ad
1163 1628 1303 1706 palatium
1320 1627 1578 1702 conservatorum,
1599 1639 1628 1711 et
1644 1627 1682 1688 lbi

895 1744 943 1788 eos
963 1726 1084 1787 allocuti
1105 1737 1184 1800 sunt,
1199 1745 1267 1789 cum
1284 1728 1388 1806 quihus
1409 1745 1466 1788 uon
1485 1738 1570 1789 crant
1582 1728 1682 1808 Capita

894 1826 1266 1907 Regionumdixeruntqne
1276 1839 1305 1889 et
1316 1828 1502 1890 uotibcerunt
1511 1828 1593 1890 dictis
1607 1827 1683 1907 offi-

895 1927 1014 1990 cialibus
1034 1939 1062 1990 et
1084 1928 1210 2000 civibus,
1236 1947 1266 1989 se
1287 1912 1413 1992 Berones
1433 1949 1494 1990 esse
1514 1927 1683 2017 concordes,

895 2029 1017 2110 diligere
1039 2048 1127 2108 quam
1155 2031 1317 2110 plurimum
1338 2033 1481 2112 populum
1506 2029 1683 2092 Romanum.

895 2130 937 2191 hc
971 2140 1123 2209 propterea
1155 2149 1185 2192 se
1220 2149 1381 2209 eorumque
1401 2142 1512 2192 'castra
1547 2142 1577 2193 et
1608 2130 1683 2191 bona

893 2232 992 2307 omnia
1011 2229 1166 2293 offerebant
1187 2248 1242 2310 pro
1263 2231 1354 2293 salute
1382 2232 1502 2313 populi,
1522 2232 1682 2312 rogabant-

896 2350 953 2410 que
971 2350 1021 2393 eos
1039 2376 1048 2403 ,
1067 2342 1099 2392 ut
1119 2331 1143 2391 si
1163 2332 1341 2411 comingerct
1356 2350 1440 2393 casus
1454 2332 1556 2393 mortis
1570 2331 1683 2411 Papae,

895 2443 925 2495 et
952 2432 1003 2513 ipsi
1028 2430 1187 2512 jungerent
1205 2451 1236 2494 se
1256 2433 1517 2505 auxiliariorum,
1538 2448 1597 2511 quo
1626 2449 1681 2511 pro

896 2533 1022 2595 arbitrio
1043 2542 1205 2595 uterentur.
1227 2533 1267 2595 Et
1287 2554 1303 2596 e
1326 2552 1467 2597 converso
1486 2533 1684 2597 Coma-vua-

897 2654 944 2696 ιω
971 2644 1001 2696 et
1029 2635 1106 2696 cives
1137 2633 1309 2696 abtulerunt
1340 2634 1380 2696 eis
1410 2632 1551 2713 quicquid
1588 2642 1684 2714 posset

897 2736 1006 2799 ollerri.
1029 2733 1129 2804 Qualis
1158 2745 1256 2797 autem
1286 2734 1324 2796 sit
1353 2735 1491 2797 salutatio
1518 2731 1570 2819 (li)¹
1586 2733 1682 2809 baec,

898 2835 1050 2914 hucusque
1072 2836 1211 2898 nescitur.

938 2938 992 2998 Die
1012 2936 1064 3007 Pb.
1084 2937 1162 3015 julii,
1185 2938 1214 2998 iu
1229 2937 1275 2998 die
1294 2936 1396 2999 Sancti
1411 2936 1529 3009 iacobi,
1547 2945 1624 2996 sexta
1641 2935 1686 2994 vel

898 3040 998 3118 quinte
1031 3039 1103 3099 hora
1136 3038 1241 3112 noctis,
1258 3048 1392 3099 mortuus
1423 3047 1467 3100 eet
1498 3035 1683 3097 Innocentius

899 3139 978 3219 Papa
999 3137 1141 3212 Octavus,
1160 3135 1246 3215 cujus
1268 3136 1362 3198 anima
1383 3137 1544 3215 requiescat
1560 3138 1587 3197 in
1605 3155 1684 3216 pace.

939 3239 1066 3302 Etcum
1088 3238 1232 3300 discordia
1255 3238 1355 3300 luisset
1376 3238 1451 3299 inter
1481 3236 1684 3299 Camerarium

897 3354 926 3405 et
946 3340 1090 3404 Officiales
1105 3340 1195 3403 Urbis
1216 3339 1251 3402 de
1265 3340 1397 3405 ¹creando
1411 3357 1503 3402 noum
1525 3339 1685 3401 hiarescal-

899 3444 961 3504 lum
983 3459 1037 3522 pro
1059 3441 1187 3519 qualibet
1204 3441 1363 3520 regioneet
1378 3440 1509 3502 custodes
1531 3451 1684 3520 portarum

897 3554 926 3605 et
944 3542 1087 3622 pontium,
1103 3540 1172 3618 quia
1189 3539 1309 3619 quilibet
1323 3541 1451 3622 ipsorum
1467 3540 1581 3603 volebat
1594 3541 1687 3631 elipe·

900 3663 943 3716 re,
965 3641 1080 3703 tandem
1099 3640 1295 3715 Camerarius,
1312 3643 1411 3704 volens
1427 3653 1524 3705 tenere
1542 3637 1593 3725 (6)
1614 3636 1687 3702 con-

897 3742 1077 3807 suetudinem
1096 3741 1296 3804 liomanarum
1318 3744 1476 3822 antiquam,
1490 3761 1543 3804 nec
1564 3742 1685 3821 privile·

897 3844 952 3922 giis
978 3843 1086 3905 civium
1113 3841 1276 3921 derogare,
1305 3845 1419 3917 voluit,
1441 3855 1474 3904 ut
1493 3861 1545 3924 per
1572 3842 1686 3921 singula

897 3943 991 4025 capita
1009 3942 1171 4024 Regionum
1198 3953 1369 4023 portaretur
1394 3941 1462 4004 fides
1481 3941 1597 4004 Civium
1619 3940 1683 4002 llo·

898 4063 1052 4106 manorum
1074 4047 1286 4124 antiquorum,
1307 4043 1525 4115 attestantium,
1556 4043 1612 4104 hac
1644 4042 1685 4103 ad

899 4146 1044 4209 Obiciales
1062 4146 1216 4226 pertinere.
1238 4144 1277 4208 Et
1298 4147 1340 4207 ita
1360 4145 1470 4206 iactum
1491 4156 1544 4206 est.

939 4248 1073 4326 Cumque
1093 4247 1188 4308 dietus
1205 4246 1392 4310 Camerarius
1411 4246 1531 4309 baberet
1550 4247 1681 4309 notitiam

897 4349 932 4411 dc
962 4348 1140 4428 praedictis,
1156 4359 1186 4409 et
1216 4348 1295 4427 quod
1322 4347 1360 4408 ad
1386 4368 1416 4412 ae
1446 4367 1503 4411 uon
1535 4346 1682 4428 spectabat

897 4451 1003 4530 eligere
1016 4450 1256 4524 ,insurrexerunt
1275 4461 1401 4528 quatuor
1417 4450 1496 4512 eires
1511 4449 1546 4511 de
1560 4449 1683 4520 nocuis,

898 4552 1054 4625 videlicet,
1074 4549 1253 4612 Laurentius
1282 4551 1316 4612 de
1337 4550 1534 4624 hlarcellinis,
1564 4550 1616 4630 qui
1646 4548 1682 4608 ad

898 4669 1032 4733 praesens
1051 4661 1095 4714 est
1116 4650 1204 4711 Prior
1225 4651 1360 4730 Capitum
1384 4651 1565 4731 Regionum,
1586 4650 1684 4710 Pran-

898 4756 994 4816 ciscaa
1013 4752 1099 4815 l'edei
1114 4750 1172 4835 (l),
1192 4751 1317 4814 lacobus
1335 4751 1489 4814 alberinus
1507 4761 1536 4812 et
1555 4748 1681 4810 lacobus

899 4950 1102 5003 evidentissime·
1115 4949 1190 4999 lectio
1208 4947 1353 5006 mendosa,
1369 4959 1401 4997 ex
1420 4945 1527 4997 indubio
1544 4944 1682 5006 exempla·

898 5032 965 5082 toris
983 5042 1086 5079 errore.

940 5113 978 5172 (5)
994 5112 1034 5160 Sic
1051 5109 1078 5158 in
1096 5107 1231 5166 Eccardo,
1249 5107 1276 5155 in
1303 5107 1444 5164 Marcioni,
1461 5108 1487 5155 et
1505 5105 1531 5154 ιιι
1549 5104 1686 5154 codicibus

902 5189 1103 5250 manuscriptis:
1121 5187 1169 5237 sed
1186 5187 1254 5235 iorte
1272 5184 1409 5248 legendum
1427 5184 1542 5234 sotootto.

940 5271 977 5327 (6)
993 5266 1020 5316 ln
1037 5266 1120 5316 codic.
1138 5279 1197 5316 meo
1214 5269 1240 5316 et
1258 5265 1283 5314 ln
1299 5264 1422 5315 lluratori
1439 5264 1526 5316 vrakos
1542 5263 1633 5315 delere.

940 5349 980 5410 (1),
992 5345 1071 5398 redas
1087 5346 1114 5396 ia
1130 5345 1213 5396 codic.
1231 5357 1288 5396 meo
1304 5349 1331 5396 ct
1347 5344 1481 5396 Duratori.

1404 5444 1436 5493 25
