3758 6030
164 254 227 316 260

165 419 204 432 -
238 390 357 450 Austris
390 387 511 467 antiquo
543 424 581 437 -
617 385 708 448 Stiria
745 417 783 431 ·-·
819 385 954 446 Karintia

166 584 192 633 di
209 584 316 646 Nepoti,
333 585 382 634 che
398 585 491 644 voles,
506 585 595 647 quant'
607 596 652 632 ere
678 583 704 632 iu
726 583 776 641 lui,
792 582 954 631 alioutanare

167 663 211 713 dal
228 676 277 714 suo
293 664 380 726 ttegoo
404 663 428 712 la
449 675 560 726 guerra,
585 661 695 710 lacendo
720 661 815 710 cedere
833 660 954 708 all’amor

166 741 237 791 della
255 753 321 803 pace
338 755 353 791 e
370 741 394 790 al
410 741 520 804 proprio
536 740 624 802 quelle
641 738 794 800 de'Nipoti,
810 735 851 799 gia
865 736 956 797 dispo·

167 824 210 871 sto
236 822 395 871 mostravasl
413 819 448 869 ad
465 820 648 869 acconseutire
664 819 713 867 che
732 819 749 866 it
766 817 837 866 Duca
854 816 879 865 di
895 814 955 863 Bari

167 899 190 948 si
207 903 377 951 mauteuesse
394 900 614 960 perpetuameote
631 898 657 946 iu
673 899 734 959 quel
752 896 833 959 grado
849 894 956 944 d’euto·

167 978 218 1028 riti
234 978 283 1027 che
301 979 450 1028 esarcitava
467 978 548 1026 allora
567 976 594 1024 iu
610 975 785 1036 lombardia,
799 972 900 1038 purche
917 973 956 1021 al·

168 1055 309 1106 I'alleanza
327 1054 492 1105 riounzlasse
509 1055 549 1105 col
565 1054 602 1104 ite
620 1053 646 1103 dl
663 1055 781 1103 Francia.

208 1135 250 1184 hia
266 1135 283 1182 il
301 1132 354 1183 tato
371 1132 476 1205 d'ltalia
493 1133 570 1182 volea
587 1133 636 1182 che
654 1132 671 1182 il
689 1132 760 1182 Duco
777 1132 804 1183 di
820 1132 892 1189 Bari,
908 1130 956 1179 cha

169 1212 204 1261 ud
228 1213 296 1260 altro
315 1224 368 1261 non
390 1213 491 1262 mireve
512 1211 561 1261 che
584 1211 753 1262 all'assoluta
778 1210 915 1261 sovraoith
931 1208 956 1257 di

170 1290 341 1352 lombardia,
358 1304 423 1353 gran
439 1295 537 1341 mastro
555 1291 581 1340 di
597 1290 681 1354 linger
696 1293 757 1354 qual
770 1303 830 1347 era,
847 1289 925 1339 desse
943 1302 957 1337 a

168 1370 228 1418 tutti
245 1369 328 1432 vsgbe
340 1370 454 1432 risposte
466 1382 481 1419 e
492 1369 614 1432 ambigue
630 1381 785 1432 promessa,
797 1370 820 1417 sl
834 1370 891 1418 soto
907 1367 957 1418 line

171 1446 197 1496 dl
209 1447 431 1508 addormentarli,
448 1459 462 1496 a
479 1461 528 1510 per
544 1461 597 1500 non
613 1460 704 1498 essere
722 1447 756 1498 da
773 1447 826 1497 essi
842 1446 959 1503 assalito,

169 1529 254 1589 prima
272 1528 321 1576 ohe
339 1528 362 1576 le
379 1527 452 1576 terzo
468 1527 511 1577 del
528 1527 563 1577 ile
581 1539 738 1588 passassero
763 1525 787 1575 le
810 1525 880 1588 Alpi.
894 1524 958 1574 hozi

169 1617 217 1668 per
234 1607 329 1668 meglio
347 1606 471 1667 munirsi,
488 1619 502 1655 e
520 1620 535 1654 a
551 1618 604 1654 nco
620 1611 690 1654 aver·
702 1603 734 1653 nd
752 1608 874 1666 temporo
890 1615 904 1651 a
921 1607 960 1652 te·

172 1697 245 1735 mere
262 1684 304 1733 del
323 1684 468 1734 medesimo
485 1683 519 1732 ite
536 1683 561 1732 di
577 1684 684 1731 Francia
700 1685 809 1743 (timore
826 1685 875 1732 che
887 1683 972 1731 molti'

173 1766 196 1814 ei
213 1764 370 1815 studiaeano
387 1763 553 1825 d'logerirgli
571 1763 744 1823 nell’aoimo,
761 1777 775 1813 e
792 1765 840 1812 che
857 1767 960 1812 nutriva

172 1843 200 1892 in
216 1848 293 1905 parta
310 1845 359 1906 egli
377 1844 494 1904 stesso),
512 1843 534 1893 s’
546 1855 592 1892 era
608 1847 751 1905 procurata
768 1857 817 1892 una
834 1845 960 1904 possaote

173 1915 291 1973 alteeosa
307 1923 377 1972 uella
394 1935 508 1985 persona
520 1921 546 1971 di
558 1923 745 1972 tiassimiliano
760 1921 908 1979 d’hustria‚
925 1920 960 1970 tte

172 1999 345 2060 de’Itomani‚
361 2005 402 2051 cul
419 2001 497 2051 diede
515 2002 541 2050 iu
558 2002 653 2064 moglie
669 2002 765 2051 Btaoca
783 2013 834 2050 sua
855 2000 959 2062 uipota,

109 2107 112 2112 ·
172 2081 269 2130 sorella
285 2079 328 2129 del
345 2079 415 2131 Duce
426 2080 574 2140 diliilano,
590 2093 641 2129 con
658 2081 720 2130 dote
737 2079 765 2129 di
776 2082 960 2142 quattroceoto

173 2161 236 2210 mila
251 2160 344 2210 Ducati
360 2162 387 2209 in
398 2159 514 2220 danaro,
530 2161 564 2209 da
581 2161 686 2223 pagarsi
699 2162 725 2208 in
738 2160 818 2221 tempi
834 2157 962 2207 determi-

172 2241 244 2297 nati,
260 2241 346 2290 eattri
357 2247 487 2301 quaranta
498 2241 558 2290 mila
570 2241 596 2289 in
608 2240 694 2303 gioje=
711 2253 742 2300 a,
758 2252 807 2301 per
822 2238 871 2288 dar
886 2237 963 2299 qual·

175 2306 224 2368 che
242 2318 335 2368 ombra
350 2318 376 2368 di
397 2320 518 2381 giustizia
536 2321 587 2369 alla
603 2319 725 2370 violenza
747 2319 796 2367 che
817 2317 961 2375 meditare,
987 2334 991 2352 ι

174 2402 283 2448 olteoue
300 2399 333 2448 da
351 2401 412 2461 quel
429 2400 480 2459 ile,
497 2400 649 2449 oell’aoimo
668 2397 712 2448 del
728 2401 805 2460 quale
823 2397 850 2446 iu
867 2401 960 2459 questa

176 2479 248 2527 volta
265 2479 280 2526 ι’
289 2479 353 2528 utile
370 2479 494 2540 prevales
505 2480 662 2538 all'oncsto,
675 2480 698 2527 la
710 2488 848 2540 promessa
860 2475 885 2524 di
897 2489 962 2525 cou-

177 2559 306 2621 cedergli,
327 2557 350 2607 si
371 2562 441 2609 toste
463 2560 512 2609 cha
533 2563 626 2621 pagata
648 2569 743 2608 avesse
765 2557 883 2606 t’ultima
905 2559 962 2604 rata

175 2639 244 2688 della
261 2640 336 2697 dote,
354 2639 530 2688 l'iuvestitura
547 2639 589 2687 del
605 2638 704 2688 Ducato
722 2637 747 2686 di
758 2636 853 2687 hillano
869 2648 917 2697 per
934 2633 962 2684 sd

179 2720 218 2767 ei
235 2718 293 2767 suoi
311 2717 493 2776 discendenti,
510 2718 538 2766 in
554 2717 716 2780 pregiudicio
737 2716 779 2766 del
797 2716 867 2766 Duca
883 2715 963 2764 Gian-

175 2798 305 2849 Galeazno
322 2811 336 2846 e
353 2797 461 2847 de'suoi
479 2799 628 2848 successori
648 2818 670 2845 ι.

215 2877 290 2928 Nunc
302 2877 336 2926 ad
348 2880 525 2926 monumenta.
536 2877 647 2939 Legatos
658 2875 860 2927 hladiolaoensis
880 2873 961 2923 adivit

177 2956 272 3019 itegem
290 2956 389 3005 Gallum
407 2956 456 3005 hoc
473 2957 595 3019 epistolio
614 2955 740 3005 hudovici
756 2953 852 3013 Ducis,
871 2966 884 3002 a
903 2952 965 3001 Ber·

176 3035 288 3085 nardino
305 3034 382 3084 Curio
400 3036 425 3084 iu
441 3040 518 3096 parte
539 3034 655 3097 septima
677 3033 848 3083 historiarum
866 3034 962 3080 relato:

218 3135 229 3156 ι
247 3112 380 3163 stortiado
397 3115 492 3165 domus
510 3114 647 3177 proprium
666 3126 773 3176 semper
789 3113 838 3162 tuit
860 3111 963 3161 Gallicis

177 3193 259 3245 rebus
284 3194 388 3254 adesse,
405 3208 420 3244 a
436 3194 533 3257 quihus
555 3194 694 3242 innumera
720 3192 847 3243 beneficia
870 3191 966 3240 retule-

180 3279 249 3324 runt.
273 3275 449 3324 Genuensium
474 3268 602 3321 ditionem
631 3271 776 3322 bodonicus
803 3274 879 3333 pater
904 3274 964 3321 tuus

182 3353 322 3403 Preucisco
338 3351 434 3401 Stortla
454 3351 563 3413 genitori
581 3363 639 3400 meo
661 3351 759 3400 donum
787 3348 877 3408 dedit;
899 3349 965 3398 hanc

184 3436 212 3482 tu
229 3433 292 3481 mihi
308 3431 424 3481 iirmasti.
448 3429 496 3480 Pro
513 3432 592 3480 tantis
614 3430 715 3480 meritis
743 3430 898 3479 Franciscus
919 3441 966 3489 ge·

182 3512 253 3559 nitor
270 3509 349 3559 lilium
367 3509 424 3570 ejus
441 3508 588 3557 Galeazium
610 3509 718 3558 tratrem
736 3521 822 3557 meum
839 3518 898 3555 cum
916 3506 966 3555 mi-

184 3589 303 3638 litaribus
320 3589 403 3651 copiis
424 3588 451 3636 in
468 3586 575 3636 Galliam
602 3588 687 3647 misit,
704 3586 897 3649 compescendo
914 3586 967 3635 Te·

183 3668 348 3717 trarcharum
373 3667 505 3726 furorem,
532 3669 578 3728 qui
604 3667 732 3716 adversus
764 3671 865 3728 patrem
894 3671 981 3715 tuum,

182 3760 255 3796 arma
282 3749 436 3805 moverant,
455 3745 548 3795 loedus
573 3757 633 3794 cum
650 3745 790 3795 Prancisco
818 3745 967 3795 Britanniae

182 3822 249 3876 duce
277 3827 470 3887 percutientes,
488 3828 517 3873 ut
545 3823 617 3873 illurn
646 3827 691 3873 aut
715 3836 796 3885 regno
821 3824 968 3885 elicerent,

181 3912 225 3957 aut
243 3905 380 3967 perpetuis
397 3903 469 3953 curis
485 3904 583 3953 victum
601 3900 739 3952 haberent.
755 3900 820 3950 litiis
843 3903 967 3962 genitoris

182 3988 234 4037 mai
261 3986 388 4034 auxilium
412 3984 477 4043 luit,
494 3983 626 4032 salubrius
650 3981 789 4032 consitium
815 3982 920 4047 attulit,
939 3985 968 4030 ut

182 4065 347 4115 conditiones
373 4073 545 4124 quascunque
568 4061 688 4111 hostibus
713 4059 809 4121 daret,
836 4059 967 4123 aquibus

181 4146 333 4202 frustratus,
350 4132 391 4192 sui
408 4144 473 4202 juris
490 4153 598 4205 compos
609 4145 677 4200 erat,
693 4140 754 4190 dum
772 4141 846 4202 {tegis
863 4140 967 4189 titutum

180 4226 283 4273 tantum
300 4221 445 4282 retineret,
462 4221 510 4271 sad
527 4221 671 4279 observata
688 4221 713 4269 io
736 4224 872 4282 posterum
890 4231 970 4269 occa·

181 4303 255 4353 sione
270 4302 386 4366 singulos
403 4300 582 4364 opprimeret=
594 4300 664 4350 haud
675 4301 744 4350 enim
757 4299 833 4349 tacite
850 4299 968 4349 tutorum

179 4382 327 4444 Principum
349 4393 487 4431 numerum
511 4383 536 4429 in
559 4393 639 4429 onum
668 4383 839 4442 conspirare,
860 4383 886 4427 et
910 4391 967 4428 eam

181 4472 315 4511 armorum
332 4460 399 4518 rim,
415 4472 493 4521 quam
510 4461 572 4508 lune
589 4457 732 4515 habebant,
750 4458 858 4520 siugulis
872 4457 970 4519 juvan-

181 4538 222 4588 dis
250 4549 403 4600 congerere.
424 4539 465 4587 Sic
488 4538 562 4588 brevi
579 4539 766 4600 locuplelatus,
788 4542 815 4585 et
832 4536 970 4597 subjecto·

182 4631 241 4668 rum
258 4618 408 4681 suspicione
424 4616 509 4666 tactus
527 4616 612 4676 tiber,
627 4617 777 4667 Lodovicus
795 4619 871 4677 pater
890 4618 970 4674 tuus,

183 4712 291 4763 regnum
317 4697 388 4748 haud
412 4698 475 4747 alias
504 4699 603 4756 majus,
625 4700 652 4746 et
676 4696 756 4745 ditius
781 4708 829 4757 pro
856 4692 969 4742 arbitrio

182 4792 283 4830 summa
306 4779 420 4830 omnium
438 4780 464 4827 in
482 4790 541 4826 eum
563 4778 714 4825 reverentia
738 4775 866 4826 exercuit.
894 4772 968 4821 illum

182 4872 311 4924 proceras
327 4858 547 4927 Tetrarcharum,
564 4856 668 4918 populi,
685 4855 779 4916 urbes,
796 4855 900 4904 fluitimi
916 4850 970 4901 Du·

183 4952 248 5001 ces,
272 4941 354 5002 Reges
367 4976 374 4998 ,
390 4941 418 4988 et
433 4937 629 4998 provinciarum
647 4933 770 4984 Potentes
787 4932 970 4991 verebantur,

183 5018 216 5068 ab
243 5016 367 5069 omnihus
384 5015 540 5072 colebatur,
558 5014 591 5063 ab
617 5012 739 5062 omnihus
765 5010 968 5072 respiciebatur.

180 5097 234 5160 Ego
251 5098 314 5147 nihil
331 5100 419 5146 tentae
436 5080 496 5144 tuae
513 5106 574 5156 erga
593 5105 635 5141 unc
652 5089 847 5141 munificentiae
871 5090 970 5139 adiisse

182 5177 272 5237 potui,
287 5178 337 5226 nisi
353 5173 514 5225 desiderium
530 5170 694 5229 incredibile,
711 5170 758 5219 tibi
770 5171 795 5219 in
809 5170 898 5231 aliquo
910 5183 971 5231 pro·

182 5254 274 5313 desse;
292 5260 318 5304 et
335 5255 396 5304 dum
414 5253 500 5302 animo
517 5263 620 5301 mecum
641 5252 826 5308 revolverem,
844 5249 969 5312 quidnam

184 5334 349 5398 potissimum
367 5348 416 5396 pro
431 5336 491 5382 tuae
508 5332 606 5395 gloriae
629 5330 799 5395 amplitudine
820 5329 969 5391 edicerem,

633 247 920 313 PONTiFiChTUS
940 241 1164 309 thtixtlthttt
1185 239 1312 306 sexti.

1701 242 1813 326 (ates)

1022 415 1059 428 -
1083 381 1220 442 Carrtiolo
1242 414 1281 453 ,-
1302 382 1423 462 hspurg
1446 417 1480 428 -
1503 352 1611 443 Tinctis
1634 414 1671 427 —-
1695 384 1812 444 hisacio

1022 579 1085 627 nihil
1111 580 1216 630 demum
1244 583 1268 631 lu
1297 583 1402 644 imperii
1431 582 1507 644 holus
1534 582 1664 630 tenuitate
1692 580 1811 629 occurrit

1023 663 1130 718 praeter
1153 661 1309 719 consilium,
1326 661 1397 724 quod
1419 661 1479 708 olim
1503 661 1581 721 pater
1605 671 1680 708 meus
1697 659 1812 719 genitori

1024 737 1068 783 tuo
1085 735 1180 787 obtulit
1198 738 1232 789 ad
1249 740 1393 803 augendum
1412 741 1469 797 ejus
1493 739 1651 801 imperium,
1669 742 1698 788 et
1715 738 1813 787 Gallia·

1024 827 1081 864 ruru
1098 816 1214 870 dedecus
1232 819 1416 879 amovendum,
1431 819 1500 881 quod
1517 818 1632 868 obiicere
1650 819 1813 868 videbantur

1023 895 1216 960 Parthenopaei
1240 899 1342 959 Reges,
1359 899 1403 960 qui
1421 899 1492 947 nullo
1516 904 1591 962 jure,
1607 898 1686 947 nullis
1710 899 1814 962 legibus

1023 975 1122 1025 inducti
1139 978 1253 1040 Regnum
1271 978 1333 1027 illud
1351 977 1398 1027 tihi
1415 977 1547 1036 debitum,
1564 976 1611 1026 tibi
1629 991 1643 1026 s
1661 977 1813 1035 maioribus

1024 1054 1200 1105 haereditario
1221 1058 1299 1118 jure,
1315 1061 1341 1106 et
1358 1062 1407 1118 par
1425 1060 1612 1107 testamentum
1630 1057 1755 1106 relictum
1781 1070 1812 1104 ac

1024 1134 1136 1184 Gallicae
1164 1147 1277 1185 coronae
1303 1134 1437 1192 additum,
1455 1137 1571 1195 temere,
1588 1138 1614 1185 et
1631 1135 1815 1184 irreverenter

1025 1217 1173 1276 occupant,
1190 1215 1301 1276 populos
1317 1214 1449 1274 lacerant,
1465 1220 1491 1264 et
1508 1226 1556 1279 per
1572 1213 1715 1262 inhonesta
1732 1215 1816 1263 recti·

1025 1294 1090 1355 galia
1108 1294 1272 1342 exhauriunt.
1290 1293 1329 1343 hn
1348 1289 1504 1353 meministi,
1520 1293 1624 1353 Caroli,
1642 1292 1730 1356 magni
1748 1305 1813 1355 pro-

1026 1373 1165 1434 genitoris,
1179 1373 1225 1436 qul
1236 1371 1335 1424 ‘l'urcas
1352 1373 1508 1422 devicturus
1524 1372 1589 1422 nihil
1602 1374 1672 1422 satis
1691 1371 1726 1420 ad
1742 1383 1816 1421 com·

1027 1453 1169 1514 parandam
1194 1454 1325 1521 classem,
1342 1456 1368 1503 et
1392 1453 1537 1502 exercitum
1563 1452 1712 1514 augendum
1736 1464 1814 1513 qoam

1028 1543 1135 1593 reguum
1160 1532 1223 1581 iliud
1239 1532 1332 1590 duxit,
1348 1530 1392 1580 ubi
1410 1531 1506 1580 armari
1524 1520 1645 1598 classes,
1668 1534 1696 1579 et
1719 1529 1815 1579 instrui

1028 1612 1172 1670 exercitus,
1188 1612 1323 1669 recreari,
1340 1616 1366 1660 et
1378 1615 1449 1660 stare
1461 1612 1592 1673 possuntt
1602 1611 1658 1670 Quo
1670 1622 1758 1672 usque
1770 1622 1816 1671 pa·

1028 1692 1102 1740 tieris
1127 1691 1251 1740 Gallicum
1276 1702 1379 1740 nomem
1405 1689 1501 1748 abiici,
1528 1689 1707 1738 haereditates
1731 1689 1815 1750 regias

1029 1772 1061 1821 ab
1079 1774 1178 1821 exteris
1194 1769 1335 1831 occupari,
1352 1769 1465 1831 populos
1484 1769 1555 1817 velut
1572 1769 1597 1816 io
1621 1767 1751 1829 praedam
1774 1769 1815 1816 ba·

1028 1850 1100 1901 berit
1111 1850 1170 1899 Tibi
1189 1861 1280 1899 omnes
1293 1849 1395 1904 tavent,
1413 1852 1439 1897 et
1456 1848 1559 1896 unicum
1576 1847 1726 1909 Principem
1739 1859 1816 1908 expo·

1029 1932 1122 1986 scunt,
1135 1920 1207 1977 tuum
1226 1928 1338 1976 libentes
1347 1926 1437 1988 jugum
1450 1924 1601 1976 substinere
1613 1927 1734 1987 cupiunt,
1747 1924 1817 1989 dum-

1029 2008 1107 2059 modo
1119 2007 1183 2056 illud
1196 1993 1313 2064 loedom,
1325 2008 1352 2053 et
1363 2006 1528 2068 tyrannicum
1540 2004 1659 2061 ejiciant.
1672 2003 1816 2065 Egoquao-

1030 2095 1083 2138 tum
1101 2090 1195 2150 potero
1217 2082 1358 2147 praestabo
1375 2084 1473 2142 armis;
1490 2084 1601 2145 pecunia
1617 2083 1736 2144 ,‘equis,
1754 2082 1816 2133 viris

1026 2166 1138 2229 juvabo,
1154 2165 1175 2214 si
1193 2163 1271 2213 modo
1282 2163 1395 2212 viriliter
1411 2176 1489 2226 agere
1507 2177 1539 2213 ne
1556 2162 1685 2226 dedecori
1701 2163 1816 2212 dedecus

1029 2246 1151 2297 addatur.
1161 2243 1220 2297 Non
1229 2247 1271 2294 cst
1281 2243 1343 2306 quid
1354 2244 1475 2292 verearis
1492 2243 1601 2293 arduam
1618 2243 1816 2304 expeditionem

1029 2337 1087 2374 esse
1103 2325 1130 2373 ln
1147 2334 1228 2386 regno
1252 2334 1301 2385 per
1318 2321 1440 2371 diuturna
1457 2325 1576 2383 tempora
1595 2332 1740 2384 possesso;
1758 2323 1817 2371 ade·

1029 2407 1091 2453 runt
1114 2403 1183 2451 enim
1210 2401 1328 2451 universi
1351 2413 1419 2463 pene
1442 2399 1533 2450 italiae
1551 2400 1726 2457 Puteutatus,
1754 2399 1818 2451 Deos

1031 2484 1086 2545 ipse
1100 2484 1200 2545 justam
1219 2473 1325 2530 causam
1343 2472 1538 2542 amplexabitur
1553 2485 1578 2528 et
1597 2479 1717 2538 lavabit,
1733 2493 1816 2542 popo·

1031 2563 1114 2612 lorum
1141 2562 1227 2612 odium
1256 2561 1328 2609 illum
1356 2560 1456 2617 eiiciet,
1477 2563 1505 2609 ut
1529 2564 1556 2609 te
1580 2559 1677 2620 ducat,
1694 2561 1717 2609 si
1744 2559 1817 2608 modo

1030 2646 1181 2707 praeseutia
1207 2647 1251 2691 tua
1276 2654 1349 2691 erma
1373 2641 1489 2698 viderit,
1514 2639 1583 2689 idern
1607 2640 1691 2688 ceteri
1717 2639 1818 2704 iactita-

1029 2725 1103 2775 huut.
1122 2726 1264 2786 Accingere
1282 2736 1355 2784 ergo,
1371 2726 1397 2771 et
1414 2733 1517 2770 ornnem
1534 2708 1609 2782 pone
1621 2732 1818 2778 moramgsem·

1031 2818 1079 2866 per
1098 2804 1188 2853 hoouit
1213 2801 1318 2850 diiierre
1344 2803 1458 2863 peratiae
1475 2800 1603 2863 ingentem
1622 2811 1655 2847 ex
1674 2799 1724 2846 hac
1742 2810 1817 2860 expe·

1030 2883 1127 2933 ditione
1144 2882 1254 2945 gloriam
1272 2879 1433 2942 reportabis,
1450 2891 1518 2941 quae
1536 2880 1619 2939 matus
1637 2877 1709 2936 tihi,
1727 2881 1753 2926 et
1769 2891 1814 2938 po·

1031 2962 1111 3012 steria
1126 2963 1215 3009 lumen
1227 2959 1321 3021 pariat.
1332 2957 1397 3008 iiiuc
1409 2958 1487 3015 enim,
1497 2956 1546 3006 aud
1558 2955 1697 3005 ditiiculter
1710 2958 1817 3018 trajecto

1031 3042 1119 3099 Ponto,
1131 3041 1231 3090 Turcas
1243 3038 1368 3098 invades,
1386 3040 1493 3087 invasos
1511 3039 1664 3099 opprimes,
1675 3047 1815 3098 oppressos

1031 3121 1195 3172 Christianae
1215 3118 1333 3181 religioni
1360 3118 1518 3179 conjungeS,
1545 3116 1769 3175 iherosolimam,
1793 3118 1817 3163 et

1031 3211 1099 3262 quae
1121 3199 1182 3248 olim
1210 3194 1324 3258 majores
1342 3197 1377 3244 tui
1396 3195 1495 3253 armis,
1513 3198 1539 3244 et
1555 3196 1655 3245 virtute
1679 3194 1817 3253 devicere,

1032 3285 1077 3329 tuo
1098 3277 1212 3340 imperio
1237 3275 1385 3324 submittes.
1410 3272 1478 3334 Quid
1494 3274 1633 3336 gloriosius
1650 3273 1707 3336 geri
1731 3285 1819 3335 aquo·

1036 3371 1114 3423 quam
1127 3361 1225 3421 potest,
1237 3366 1315 3417 quam
1328 3354 1478 3415 religionem
1491 3353 1565 3416 cujus
1577 3352 1703 3413 Princeps
1716 3354 1816 3402 sitnon

1034 3439 1110 3487 modo
1129 3437 1161 3486 ab
1179 3433 1299 3484 hostibus
1316 3433 1472 3489 defendere,
1489 3433 1537 3482 sed
1553 3432 1727 3482 conculcatos
1749 3434 1817 3495 ipsos

1034 3517 1110 3567 uobis
1128 3517 1286 3579 aggregare,
1303 3517 1329 3562 et
1347 3526 1398 3561 non
1416 3505 1500 3561 selum
1523 3511 1690 3561 inimicorum
1713 3512 1818 3574 injurias

1034 3598 1201 3660 propulsare,
1218 3594 1266 3644 sed
1283 3593 1353 3642 uitro
1370 3592 1483 3650 inferre,
1500 3596 1526 3640 et
1537 3604 1586 3654 per
1597 3592 1754 3642 universum
1772 3599 1820 3642 ter·

1035 3689 1124 3726 rarum
1144 3674 1236 3725 orbem
1253 3673 1335 3720 maria
1353 3674 1450 3731 etiam,
1466 3673 1492 3719 et
1509 3673 1624 3731 Superos
1641 3669 1758 3731 glorioso
1775 3683 1820 3718 no·

1036 3757 1104 3804 mine
1116 3753 1262 3814 compleret
1273 3750 1318 3800 iiis
1332 3750 1489 3813 praesertim
1501 3748 1567 3799 baec
1584 3749 1669 3798 liaoda
1687 3749 1820 3807 omnihus,

1038 3832 1134 3895 qulbus
1150 3829 1338 3890 Parthenopaei
1357 3827 1486 3877 innumeri
1506 3827 1633 3876 Proceres
1651 3831 1739 3890 patria
1762 3829 1820 3878 sede

1036 3910 1070 3960 ob
1088 3910 1209 3967 injuriam
1228 3921 1242 3957 a
1260 3905 1424 3958 i'erdioando
1441 3907 1519 3969 iiegni
1539 3911 1701 3969 occupatore
1715 3909 1822 3969 expulsi,

1038 3995 1112 4041 tuum
1130 3989 1270 4047 auxilium,
1281 3992 1352 4037 tuam
1370 3999 1455 4058 opem,
1472 3999 1547 4036 suam
1564 3987 1597 4035 ah
1615 3987 1710 4036 interis
1723 3989 1821 4036 redem-

1036 4071 1170 4131 ptionem,
1195 4080 1268 4116 suam
1287 4067 1311 4115 in
1328 4067 1442 4128 patriam
1467 4065 1660 4114 restitutionem
1679 4080 1712 4115 eo
1735 4067 1821 4116 allecto

1038 4151 1189 4212 expectent,
1205 4159 1257 4209 quo
1274 4147 1333 4196 olim
1352 4144 1467 4195 damuati
1485 4149 1609 4206 parentes
1627 4149 1714 4194 nostri
1731 4146 1821 4195 Christi

1036 4228 1259 4280 resurrectionem
1286 4223 1449 4287 operiebant.
1476 4223 1578 4274 hdsunt
1606 4225 1658 4274 illis
1682 4225 1823 4280 sactiones,

1038 4305 1133 4355 adsunt
1149 4303 1222 4351 cives
1241 4298 1437 4355 honestissimi,
1454 4299 1497 4360 qui
1515 4304 1541 4348 te
1558 4305 1731 4362 praesentem
1748 4313 1822 4349 rane·

1038 4382 1180 4439 rabuntur,
1198 4379 1335 4428 absentem
1353 4377 1528 4437 dissimulant,
1546 4377 1669 4439 supplicii
1691 4384 1774 4436 metm
1791 4380 1823 4426 ci·

1038 4464 1150 4512 vitales,
1162 4461 1188 4508 ct
1201 4457 1298 4519 populi,
1315 4457 1387 4505 nullo
1404 4457 1429 4503 in
1448 4468 1493 4504 eos
1512 4456 1632 4504 coollictu
1651 4456 1699 4506 tibi
1716 4457 1822 4507 deditae.

1037 4544 1082 4590 tua
1095 4537 1192 4587 vexilla
1205 4536 1304 4595 erigent
1314 4552 1322 4592 ;
1334 4536 1374 4582 est
1390 4534 1545 4583 hotonelius
1561 4534 1746 4584 salernitanus
1757 4534 1823 4583 i‘riu·

1038 4631 1101 4680 ceps
1119 4614 1187 4678 apud
1203 4620 1230 4663 te
1248 4614 1326 4662 homo
1354 4614 1422 4661 acris
1445 4614 1555 4676 ingenii,
1573 4615 1645 4676 regui
1672 4615 1744 4664 illius
1770 4627 1825 4663 coa·

1038 4697 1155 4752 trarios,
1172 4697 1198 4742 et
1214 4693 1257 4754 qui
1276 4691 1372 4740 multos
1388 4703 1477 4741 secum
1495 4693 1584 4742 trahet
1601 4691 1636 4741 oh
1661 4695 1779 4743 omnium
1802 4694 1821 4740 lo

1038 4788 1097 4826 eum
1115 4771 1327 4823 benevolentiam
1346 4775 1372 4821 et
1390 4772 1601 4832 miserationem,
1623 4777 1678 4823 tum
1696 4772 1823 4823 validissi-

1038 4866 1140 4904 marum
1168 4852 1280 4914 partium
1312 4852 1510 4913 propinquitate
1538 4851 1662 4914 adjutus.
1689 4854 1821 4903 Praeterea

1039 4933 1140 4983 Turcus
1164 4933 1188 4979 in
1213 4929 1309 4979 illirico
1326 4931 1413 4990 copias
1439 4931 1521 4979 morit
1548 4930 1680 4980 adversus
1703 4930 1821 4980 Christia-

1038 5026 1097 5063 oam
1117 5011 1284 5072 religionem,
1300 5006 1446 5058 Pannonios
1464 5012 1587 5057 evertere
1604 5010 1715 5058 summis
1731 5006 1822 5058 conali-

1039 5091 1089 5142 bus
1115 5091 1229 5148 nititur,
1253 5089 1279 5136 in
1304 5087 1503 5136 dehonestatem
1529 5086 1675 5150 dedecusq.
1697 5087 1779 5144 ildei,
1799 5087 1819 5132 et

1039 5170 1173 5231 religionis
1198 5171 1306 5217 nostrae
1329 5168 1414 5215 omnia
1437 5164 1525 5225 terro,
1547 5167 1623 5228 igne,
1654 5167 1738 5216 ruinis
1764 5178 1820 5214 con·

1038 5249 1132 5299 tundit.
1150 5248 1281 5296 Patiemur
1300 5259 1313 5292 a
1331 5244 1461 5293 communi
1480 5245 1557 5294 hoste
1575 5245 1749 5307 pessundari,
1762 5241 1817 5293 etin

1039 5328 1223 5380 contumeliam
1237 5324 1351 5384 haberi,
1367 5322 1501 5373 Christum
1519 5326 1626 5386 sperui,
1642 5323 1751 5385 tempta
1768 5320 1818 5384 pel·
