3758 6030
158 234 220 297 did

160 371 189 431 in
211 369 325 431 immine
346 366 455 442 Patris,
475 378 506 428 et
523 365 589 428 Filii
609 374 638 426 et
657 363 787 445 Spiritus
807 362 949 424 Sanctis:

159 480 189 532 et
209 471 280 530 nihil
304 455 477 551 excipiebat:
500 468 578 529 unde
598 467 680 527 bobis
701 464 825 535 duobus,
847 463 951 525 rideli-

160 582 206 632 eet
226 570 261 629 D.
284 570 450 651 Stephano,
470 578 500 628 et
521 587 567 628 me
599 584 699 627 coram
733 564 768 624 D.
802 562 895 624 Paulo
916 563 951 624 da

160 671 286 733 Castello
318 673 469 731 literarum
502 667 737 747 Apostolicsrum
773 663 809 725 da
840 659 951 739 majori

160 773 350 851 praesidentia
365 769 586 839 Abbrerialore,
596 786 684 847 super
701 763 866 842 hujusmodi
880 781 951 833 ver·

158 872 201 932 bis
223 871 457 952 disputantibus,
479 887 525 930 rna
548 869 682 940 dicetne,
704 867 782 946 quod
810 870 839 926 in
871 865 951 925 bulla

159 983 287 1052 excepta,
302 971 389 1031 aiarn
405 971 524 1031 debeant
546 972 574 1028 in
594 969 765 1028 investitura
786 965 903 1045 excipi,
922 974 952 1026 at

159 1071 209 1132 illo
231 1071 438 1150 respondente,
460 1070 536 1147 quod
558 1054 716 1129 consiliarii
736 1066 826 1146 Regis
848 1067 952 1125 volunt

160 1171 361 1232 investituram
384 1189 435 1249 per
456 1185 509 1230 sua
530 1168 642 1242 verbu,
665 1167 796 1228 videlieet
822 1165 951 1245 proxime

160 1276 252 1352 posita
274 1281 408 1343 tantum,
431 1269 492 1330 lieri
514 1269 630 1330 tandem
651 1267 893 1330 concordavimus
913 1264 950 1325 ud

144 1373 288 1440 'sormam
317 1374 451 1452 superius
483 1373 511 1432 in
543 1371 722 1434 ordinatione
756 1369 950 1430 caerimonia·

158 1491 226 1532 rum
246 1473 371 1552 positam
392 1470 447 1556 (l).

207 1575 269 1635 Rex
290 1573 442 1635 investitus
464 1573 586 1634 tradidit
608 1570 745 1633 vexillum
766 1566 949 1631 Cancellario

158 1674 251 1755 Regni
274 1693 362 1734 nunu
377 1672 478 1754 began
493 1673 545 1733 sibi
567 1683 669 1754 parato
691 1673 765 1732 inter
787 1687 856 1731 suos
876 1667 949 1728 dnos

155 1779 301 1856 praelatos
321 1777 504 1847 assistentes,
524 1787 553 1835 et
573 1776 608 1834 D.
626 1773 792 1854 Stephanus
814 1771 849 1830 de
870 1767 950 1829 nse-

156 1879 203 1938 nia
224 1877 361 1937 Notarius
379 1875 517 1937 Carnarae
537 1876 690 1954 requisivit
712 1883 838 1933 astantes
859 1870 888 1929 in
903 1878 951 1931 te-

156 1988 214 2041 stes
234 1978 269 2055 de
291 1979 461 2038 investitura
484 1988 538 2039 etc.
562 1989 589 2038 et
623 1975 805 2036 Procurator
826 1969 949 2033 Fisculis

158 2078 248 2158 Regis
262 2078 334 2138 nihii
350 2077 433 2137 dixit.
451 2077 622 2138 Processum
643 2077 701 2137 suit
722 2073 824 2136 deinde
844 2072 879 2132 ad
896 2090 950 2134 co-

655 224 940 294 eonrnacarna
960 224 1186 290 scamnum
1207 224 1334 290 saxei.

1695 229 1806 313 (stat)

1017 365 1143 445 positum
1163 376 1220 426 est:
1241 375 1270 426 et
1291 372 1401 426 retento
1417 363 1526 425 birreto
1541 363 1628 444 nigro
1648 381 1719 423 curn
1735 383 1805 425 mu-

1017 464 1157 538 nimento,
1173 466 1225 525 ivit
1239 464 1276 525 ad
1292 464 1463 525 thalamum:
1480 465 1545 526 item
1561 464 1632 525 dixit
1653 464 1759 525 ibidem
1776 468 1804 527 in

1017 565 1121 628 sediale
1135 565 1303 645 genuflexus
1313 584 1380 625 eum
1392 566 1450 625 suis
1462 565 1633 644 cappellanis
1645 561 1806 642 majoribus

1017 666 1186 728 introitum
1200 712 1209 740 ,
1225 679 1254 728 et
1267 669 1325 728 alia
1341 669 1422 729 more
1435 667 1530 735 solito.
1545 665 1661 728 interim
1677 665 1805 746 Legatos

1017 766 1104 827 dixit:
1129 767 1200 829 Pac
1217 770 1305 830 vohis
1320 768 1354 827 ud
1370 769 1461 829 altare
1478 784 1579 828 versus
1597 788 1649 848 per
1667 770 1806 830 inadver-

1017 869 1135 928 tentiam
1153 886 1258 941 suum,
1280 878 1308 929 et
1323 868 1523 928 ministrorum
1539 886 1684 943 suorum:
1700 881 1728 930 et
1744 869 1806 930 Rex

1017 985 1085 1029 cum
1107 969 1268 1028 sacristiam
1285 981 1356 1030 esset
1371 970 1514 1041 exiturus,
1533 969 1570 1028 ad
1591 972 1806 1049 persuasionem

1017 1081 1143 1129 nostram
1164 1069 1241 1129 misit
1261 1079 1369 1130 vestem
1390 1070 1425 1131 de
1446 1069 1583 1131 bruccato
1604 1070 1802 1150 supradictam

1017 1188 1068 1248 per
1083 1187 1173 1229 unum
1188 1186 1223 1229 ex
1235 1172 1327 1250 pagiis
1338 1170 1407 1243 suis,
1419 1189 1471 1248 per
1487 1189 1532 1231 me
1544 1169 1654 1250 Legata
1670 1190 1808 1250 praesen·

1017 1271 1144 1345 tandem,
1156 1275 1207 1351 qul
1222 1290 1284 1333 eam
1301 1283 1386 1351 grato
1401 1273 1497 1333 attinio
1512 1277 1646 1352 suscepit.
1659 1273 1806 1335 Debebunt

1016 1385 1112 1433 autem
1126 1375 1210 1434 vestis
1225 1371 1404 1451 hujusmodi,
1416 1384 1445 1435 ct
1459 1375 1514 1435 alia
1525 1393 1615 1455 parva
1631 1375 1665 1435 de
1680 1375 1808 1435 setonino

1015 1475 1100 1554 nigro
1120 1475 1267 1547 demissae,
1283 1494 1361 1535 aneae
1375 1474 1461 1535 luisse
1483 1494 1538 1536 non
1555 1474 1681 1556 Legati:
1704 1476 1754 1536 sed
1774 1494 1807 1538 ex

1017 1575 1187 1638 verecundia
1199 1595 1254 1656 ego
1265 1594 1386 1657 parvam
1399 1594 1454 1636 non
1467 1579 1545 1656 petii,
1559 1596 1611 1637 nec
1622 1579 1680 1656 peti
1694 1579 1807 1640 nomine

1014 1673 1115 1754 legati
1133 1695 1178 1737 me
1191 1694 1335 1755 apponere
1351 1678 1438 1737 volui.
1452 1677 1530 1737 Dixit
1543 1690 1598 1738 etc.
1610 1696 1666 1736 iron
1679 1675 1807 1756 legatus

1015 1776 1092 1854 quod
1108 1775 1250 1836 birretum
1263 1777 1350 1857 Regis
1364 1796 1432 1837 cum
1448 1778 1500 1838 illo
1514 1779 1615 1839 manili
1631 1779 1684 1838 sibl
1700 1779 1809 1840 iaceret

1015 1877 1204 1956 praesentari,
1216 1889 1363 1956 tamquam
1375 1879 1427 1938 sibi
1442 1879 1582 1939 debiturn:
1596 1880 1743 1960 respondit
1754 1897 1808 1940 non

1017 1978 1221 2038 verecundiam
1244 1979 1335 2039 videri
1358 1976 1525 2055 hujusmodi
1546 1981 1664 2061 iacere,
1695 1999 1764 2040 cum
1785 1977 1808 2039 si

1015 2078 1051 2137 ad
1074 2080 1254 2160 propositam
1276 2097 1332 2140 non
1351 2081 1446 2153 daret,
1459 2079 1581 2142 deficere
1605 2082 1678 2140 velle
1690 2103 1701 2153 3
1730 2080 1807 2158 quod

159 2181 338 2240 ronatiouern
361 2178 461 2257 Regis,
482 2188 601 2240 servato
622 2178 723 2238 ordine
744 2175 900 2255 superius,
920 2184 950 2234 et
982 2181 986 2267 l
1016 2197 1071 2240 nors
1094 2191 1229 2259 poterat:
1249 2182 1297 2242 sed
1319 2200 1376 2241 non
1392 2183 1455 2242 ieci.
1472 2168 1540 2242 Fuit
1555 2181 1655 2241 deinde
1676 2181 1741 2242 Rex
1757 2199 1809 2241 stro

161 2289 195 2342 ut
210 2282 238 2339 in
254 2278 413 2339 Pontilicali
429 2280 530 2359 posito.
543 2278 686 2340 Perveuto
701 2275 841 2355 usquead
862 2274 951 2335 bene·

158 2380 309 2441 dictionem
328 2379 416 2459 Regis
438 2383 465 2440 in
487 2378 633 2451 Laetania,
643 2378 771 2458 Legatos
793 2396 845 2457 per
865 2375 951 2435 inad-

158 2484 327 2541 verlcntiam
350 2481 420 2541 dixit
437 2481 523 2541 bisin
546 2493 614 2541 tono
629 2479 796 2550 bastaniae,
818 2487 852 2537 aet
868 2476 949 2536 hune

157 2583 286 2643 eiectum
300 2581 334 2643 in
345 2582 457 2663 Reqem
470 2582 683 2642 corononduna
698 2578 881 2640 benedicere
897 2574 951 2635 di·

158 2695 272 2764 qnetnr
294 2694 447 2762 propterea
465 2681 628 2760 replicavit,
646 2693 675 2742 et
693 2681 779 2742 terlio
795 2676 907 2736 addidit
920 2686 949 2737 et

160 2804 358 2846 consecrare:
376 2801 475 2844 omnes
497 2781 663 2854 Orationes,
680 2792 710 2842 et
724 2782 780 2840 alia
801 2780 870 2857 legit
890 2775 950 2837 be·

159 2898 245 2964 gatns
268 2885 439 2965 competenti
456 2902 535 2945 voce.
555 2884 643 2943 Facta
661 2879 872 2943 consecratione
891 2876 950 2937 Re-

158 2989 212 3066 gis,
228 2987 298 3048 dum
314 2986 442 3066 Legatus
463 2986 668 3046 confessionem
685 2986 794 3045 iaceret
809 3000 875 3040 cum
890 2980 950 3039 suis

162 3089 312 3160 ministris,
328 3087 460 3147 videlicet
481 3086 608 3146 Diacouo
626 3094 655 3144 et
677 3083 871 3152 subdiacono,
889 3079 950 3140 Rex

160 3191 189 3249 in
208 3190 369 3250 faldistorio
386 3205 439 3248 suo
461 3205 529 3247 cum
545 3184 669 3245 scabello
687 3202 789 3244 versus
803 3182 840 3242 ad
857 3198 949 3242 cornu

162 3290 326 3370 Evangelii,
347 3288 533 3368 genuflexus,
556 3288 623 3346 iecit
646 3286 849 3346 consessionem
881 3299 949 3341 cum

164 3394 223 3453 auis
245 3391 359 3452 duabus
380 3390 550 3469 cappellanis
574 3383 733 3462 majoribus
748 3386 881 3464 superius
896 3400 951 3442 no·

163 3493 300 3565 minatis,
320 3504 349 3553 et
371 3493 473 3550 mansit
489 3489 589 3550 ibidem
612 3486 779 3567 genuflexus
799 3501 950 3562 quousque

163 3593 304 3674 Legalus,
319 3595 462 3654 incensato
473 3594 581 3662 altare,
594 3591 669 3670 apud
682 3588 885 3658 faldistorium,
900 3588 951 3647 ln·

160 3696 282 3756 troitum
296 3740 304 3767 ,
318 3706 346 3755 et
361 3693 518 3773 Epistulam
534 3695 664 3771 legisset,
684 3704 713 3752 et
732 3690 853 3762 sederet:
871 3686 950 3767 quod

158 3797 213 3858 ieri
235 3806 268 3855 ut
288 3812 399 3876 possem
416 3794 488 3871 Regi
506 3793 622 3852 liberius
643 3792 763 3852 servire.
783 3789 845 3849 Rex
863 3800 949 3862 tunc,

157 3898 239 3957 laetis
261 3896 441 3967 reverentiis,
463 3895 583 3955 intravit
599 3912 681 3953 suam
702 3892 875 3962 sacristiam,
898 3889 949 3950 ubi

157 3996 298 4058 Dominus
332 3997 528 4057 Bernardinus
565 3994 711 4056 Ganriraru
748 3993 949 4054 subdiaconus

157 4100 338 4179 Apostolicus
360 4100 476 4159 extersit
498 4100 524 4158 in
546 4097 677 4170 brachio,
699 4108 728 4158 et
741 4095 872 4176 spatulis,
895 4093 949 4155 de·

158 4203 248 4280 posita
271 4200 353 4279 prius
375 4212 453 4261 veste
474 4201 560 4278 longa
582 4197 682 4279 (quam
706 4195 848 4276 laegatus,
865 4195 948 4256 dictis

157 4284 278 4361 narona
289 4311 317 4361 et
329 4300 534 4379 Kyrieleyson,
549 4300 579 4359 in
595 4299 755 4360 faldistorio
771 4298 880 4366 sedens,
894 4314 949 4355 an·

159 4410 276 4479 tequam
288 4400 396 4479 Regem
412 4401 438 4460 in
453 4401 613 4462 sacristiam
628 4401 765 4461 ducerem
783 4398 851 4458 inihi
868 4399 948 4459 dixe·

158 4513 206 4565 rat
226 4501 279 4562 sibi
302 4520 335 4561 ex
358 4520 403 4561 me
424 4502 549 4563 iacerem
573 4547 750 4562 .......
769 4545 778 4574 ,
799 4511 828 4563 et
848 4500 948 4573 donari

1018 2281 1121 2342 ordine
1142 2294 1310 2355 coronatus,
1328 2294 1356 2344 et
1371 2284 1425 2342 ulia
1442 2283 1522 2361 regia
1538 2282 1648 2361 insigna
1670 2282 1727 2341 sibi
1742 2292 1806 2342 tra·

1016 2380 1086 2453 dita,
1106 2381 1208 2443 ordine
1228 2383 1370 2462 superiori
1386 2382 1462 2457 data3
1479 2383 1527 2443 sed
1544 2393 1609 2463 post
1624 2383 1737 2461 Regem
1752 2399 1807 2461 non

1013 2494 1174 2562 patuerunt
1194 2501 1293 2544 omnes
1310 2483 1455 2563 praelati,
1477 2500 1570 2560 neque
1589 2483 1698 2556 modo,
1718 2501 1808 2560 neque

1016 2586 1097 2663 prius
1110 2630 1117 2643 .
1131 2630 1138 2644 .
1151 2629 1159 2643 .
1174 2601 1343 2656 .coronam‚
1353 2595 1442 2664 prout
1453 2584 1584 2645 ordinata
1596 2584 1678 2645 luere
1690 2596 1808 2664 propter

1016 2685 1230 2745 multitudinem
1246 2684 1398 2763 Regalium
1413 2729 1421 2759 ‚
1439 2694 1468 2744 et
1488 2687 1618 2766 plurium
1635 2687 1806 2758 Duronum,

1016 2797 1045 2846 et
1066 2786 1229 2846 Curiuliuvn
1252 2784 1340 2863 Regis
1361 2796 1390 2846 et
1409 2783 1594 2858 Graiorum,
1616 2789 1667 2863 qui
1692 2799 1806 2866 praeter

1016 2886 1169 2961 ordinem,
1191 2906 1225 2948 ex
1252 2905 1304 2946 sua
1327 2889 1488 2948 temeritate
1511 2889 1654 2965 praelatos
1687 2905 1808 2966 oppres-

1016 2998 1126 3048 serunt.
1160 2987 1240 3067 Rege
1262 3001 1400 3049 coronato
1424 2989 1582 3050 thalamum
1615 2989 1807 3060 ascendente,

1016 3100 1045 3150 et
1062 3090 1245 3163 intronizato,
1260 3090 1431 3149 acclamavit
1448 3091 1605 3151 multitudo
1621 3092 1720 3171 populi
1737 3092 1806 3170 plu·

1018 3190 1098 3250 ribus
1128 3190 1240 3250 vicibus
1264 3190 1346 3252 Viuo
1364 3192 1409 3251 Re
1426 3192 1569 3272 Aisonso.
1602 3191 1730 3251 Praelali
1752 3210 1804 3270 pa-

1018 3290 1075 3350 rati
1097 3308 1154 3349 nou
1167 3301 1234 3350 sunt
1254 3290 1344 3350 secuti
1362 3291 1469 3370 Regem
1493 3303 1666 3352 coronatum
1689 3292 1725 3350 ad
1741 3292 1808 3351 thla-

1018 3390 1127 3450 limum
1150 3400 1269 3470 propter
1289 3393 1502 3470 oppressionem
1533 3396 1668 3473 superius
1701 3394 1807 3453 dietam

1015 3502 1044 3554 et
1067 3493 1184 3551 thalami
1207 3493 1445 3571 incapacitatem,
1479 3494 1529 3571 qui
1556 3506 1651 3553 tamen
1675 3514 1730 3574 pro
1752 3497 1807 3554 situ

1017 3593 1074 3652 loci
1096 3589 1192 3668 niujor
1206 3611 1266 3653 esse
1282 3609 1338 3651 non
1361 3593 1462 3672 potuit.
1485 3592 1569 3652 Dicto
1590 3613 1643 3673 per
1665 3594 1808 3674 begatum

1016 3694 1186 3764 offertorio,
1209 3694 1251 3753 iui
1275 3711 1386 3753 memor
1401 3693 1504 3755 debere
1520 3695 1619 3755 venire
1641 3695 1752 3775 Regem
1774 3696 1808 3756 ad

1015 3794 1209 3856 offerendum:
1224 3805 1376 3873 propterea
1393 3792 1696 3875 arctope1·begaium
1714 3798 1742 3857 in
1763 3799 1809 3857 ai·

1017 3908 1077 3957 tare
1097 3896 1169 3957 neni
1185 3894 1413 3974 Sanctificetur
1428 3897 1562 3956 omnium
1574 3908 1643 3968 etc,
1654 3889 1808 3975 antequam

1016 3998 1163 4058 incensum
1186 3996 1345 4074 imponeret
1379 3999 1406 4056 in
1429 3996 1605 4069 thuribulo,
1629 4000 1730 4078 reponi
1758 3999 1809 4060 leel

1014 4099 1206 4159 faldistorium
1224 4108 1291 4158 ante
1306 4097 1434 4158 medium
1449 4098 1560 4170 aitaris,
1572 4098 1603 4157 in
1619 4115 1690 4176 quo,
1702 4097 1809 4178 legato

1016 4219 1083 4261 cum
1105 4201 1192 4259 mitra
1215 4198 1350 4271 sedente,
1373 4200 1450 4258 venit
1471 4198 1554 4271 Rex,
1587 4211 1616 4260 et
1636 4200 1808 4278 genudesus

1016 4300 1123 4360 obtulit
1145 4298 1173 4360 ei
1194 4316 1245 4360 xta
1277 4299 1367 4377 petias
1388 4299 1453 4359 auri
1487 4311 1657 4371 innuentes,
1679 4318 1806 4378 quarum

1016 4400 1161 4478 quaelibet
1184 4400 1296 4460 valebat
1315 4411 1382 4459 octo
1397 4399 1508 4460 ducatis
1524 4401 1591 4459 uari
1615 4402 1720 4479 largis,
1739 4420 1808 4479 quas

1014 4500 1144 4582 laegatus
1158 4500 1229 4559 mihi
1246 4499 1324 4561 dedit
1336 4502 1547 4560 conservandas
1561 4520 1570 4560 ε
1584 4512 1613 4560 et
1626 4503 1723 4560 omnia
1740 4501 1808 4561 hsec

51 4672 55 4682 ¹
159 4614 295 4682 tanquam
317 4604 353 4663 ad
375 4617 605 4667 consecratorem
623 4617 798 4686 spectantem
818 4624 852 4667 ex
868 4605 948 4688 usu)

1015 4617 1078 4666 aeta
1109 4614 1179 4664 sunt
1201 4602 1304 4668 ordina
1325 4605 1458 4682 superius
1479 4605 1599 4683 scripto.
1626 4601 1728 4663 Dictus
1748 4621 1808 4665 ιιι.

1015 4709 1104 4788 petias
1133 4705 1198 4765 artri
1231 4706 1359 4784 portavit
1380 4707 1531 4784 episcopus
1554 4703 1719 4783 Tropiensis
1746 4715 1809 4784 post

1014 4808 1123 4887 Regem
1144 4824 1235 4885 usque
1252 4805 1441 4878 adcoronam
1459 4805 1625 4884 depositam:
1643 4817 1716 4865 tunc
1734 4804 1809 4864 dedit

158 4715 189 4767 et
211 4705 272 4767 Rex
293 4706 393 4767 deinde
415 4708 470 4766 alia
494 4716 572 4768 veste
593 4706 627 4767 de
648 4710 776 4769 setoniuo
798 4711 883 4787 nigro
904 4720 947 4767 est

158 4807 289 4881 indutas,
311 4825 461 4886 guarnana
483 4807 518 4868 de
539 4810 667 4870 setonino
687 4811 846 4870 cremesino
862 4811 947 4887 longa

156 4925 249 4987 vasque
269 4909 306 4968 ad
329 4921 436 4970 terram
460 4928 527 4970 curn
550 4910 669 4970 manicis
696 4911 826 4984 strictis,
847 4910 947 4972 deinde
1013 4928 1061 4971 eas
1093 4908 1156 4968 Don
1187 4907 1362 4978 Friderico,
1396 4917 1425 4967 et
1451 4908 1499 4968 ille
1522 4908 1603 4987 Regi.
1638 4906 1700 4966 Rex
1730 4904 1808 4965 linito

155 5010 309 5084 sandaliis,
331 5023 359 5071 et
377 5056 493 5072 .....
522 5030 609 5092 super
642 5010 750 5090 caligas
781 5011 879 5091 nigras
915 5020 946 5072 et
1014 5009 1173 5089 Evangelio
1194 5010 1304 5088 accepit
1326 5026 1463 5069 coronam
1479 5028 1496 5067 a
1511 5010 1575 5068 Don
1593 5008 1763 5068 Friderico.
1779 5016 1807 5065 et

155 5111 219 5172 aliis
238 5113 390 5187 omnibus,
423 5125 513 5194 prout
533 5115 667 5193 superius
701 5115 730 5178 in
762 5113 942 5177 ordinatione
1013 5113 1087 5174 aedit
1103 5130 1154 5191 per
1170 5120 1266 5171 totum
1289 5108 1391 5170 Credo
1412 5128 1464 5189 per
1484 5108 1725 5170 ivradvertentiam
1742 5107 1808 5185 epi·

780 5265 931 5275 -..-..
1013 5215 1092 5294 scopi
1114 5211 1299 5291 Tropiensis,
1316 5227 1402 5287 quem
1423 5220 1517 5270 tanen
1532 5227 1620 5289 super
1638 5209 1695 5269 hoc
1714 5222 1809 5268 aeau-

1013 5330 1169 5384 saveranr3
1192 5315 1244 5391 qui
1270 5311 1357 5373 etiam
1379 5312 1458 5373 circa
1487 5309 1631 5391 Legatum
1653 5309 1807 5391 impeditus

156 5261 226 5270 ι-κ-

195 5335 229 5398 (ι)
246 5332 307 5384 Vide
324 5348 403 5398 supra
422 5348 478 5399 pag·
499 5336 553 5388 2⁹7·
657 5296 665 5313 ι
