3780 6030
82 272 90 356 i
451 266 735 334 nonanticurtis
756 266 978 333 innocente
996 265 1147 332 oculu.
1579 274 1621 336 Ob

82 428 115 484 s,
144 409 174 470 iu
192 427 262 488 ,qna
288 407 324 467 R.
353 407 387 468 P.
417 408 454 468 Ι).
487 407 592 469 Petrus
617 408 765 489 episeopus
830 405 907 487 cepti*
920 415 988 466 sunt
1001 417 1130 483 etuaque
1144 405 1182 473 ad
1194 405 1316 468 domum
1331 406 1455 470 Romani
1465 420 1552 472 retro
1567 429 1618 472 seu

82 511 132 570 tais
171 509 329 572 celebravit
361 508 477 570 blissam
503 509 533 569 in
567 508 681 571 laudem
711 507 764 569 Oai
830 524 921 587 prope
939 505 1112 580 blinervenr,
1127 525 1199 568 omn
1221 526 1279 586 quo
1299 508 1438 590 hospitari
1464 512 1620 586 volebant,

82 629 121 672 ro
142 608 266 671 victoria
284 629 337 690 per
357 607 466 690 Regem
487 608 640 690 Hispaniae
667 601 769 669 babitu
830 607 963 669 associati
980 606 1082 668 ordine
1101 615 1249 669 consueto.
1267 609 1351 670 Venit
1367 611 1450 689 prior
1468 613 1537 691 ipsis
1563 611 1620 673 ob-

99 708 267 770 Granatam.
330 736 333 742 ·
751 728 757 753 ³
830 707 986 769 viemante
1003 706 1125 768 familias
1138 706 1347 779 cardinalium,
1360 710 1532 772 Francisous
1547 711 1619 774 Cibo

82 810 103 868 ia
118 810 204 873 tertia
219 809 325 871 metuis
343 808 520 882 novembris,
532 808 606 869 hora
620 823 700 868 xxrr.
718 809 763 869 vel
830 819 919 886 nepos
946 806 1052 887 Papae,
1072 808 1140 869 itam
1157 816 1186 870 et
1204 808 1270 870 Dux
1285 808 1400 884 Sorae,
1416 800 1497 872 'item
1514 822 1544 874 et
1562 812 1619 874 Se·

90 927 143 988 per
174 921 305 988 portam
326 909 463 970 Viridarii
496 907 614 969 intravit
652 905 763 970 Urbem
830 917 925 968 nator.
940 907 1074 988 Neooptis
1098 908 1188 987 igitur
1209 905 1417 971 Oratoribuse
1437 911 1543 993 familia
1560 910 1617 973 88.

82 1010 146 1069 lena
167 1007 225 1080 lilia
245 1007 395 1071 harmini
415 1011 450 1071 de
465 1009 581 1072 Medicis
603 1009 675 1069 civia
690 1006 764 1067 Flo·
829 1004 865 1066 D.
883 1005 929 1081 N.‚
945 1007 1047 1068 ordine
1066 1026 1101 1070 eo
1115 1008 1257 1085 equitavit
1271 1009 1446 1071 Franciscus
1465 1010 1619 1092 Cibapost

82 1110 279 1187 ,qaaeulias
310 1121 400 1192 nupta
425 1123 469 1178 est
500 1112 588 1172 Fran.
616 1108 688 1170 Cibo
707 1105 763 1167 88.
828 1106 968 1169 iamiliem
989 1107 1082 1188 Papae
1099 1117 1165 1170 ante
1179 1127 1214 1170 ae
1234 1108 1339 1172 habena
1357 1113 1457 1191 plures
1486 1112 1621 1189 barones,

84 1207 180 1288 Papae
200 1207 277 1282 lilio,
299 1220 404 1290 nepote
429 1222 597 1290 nuncupato
616 1208 675 1292 (l),
695 1225 763 1269 cum
829 1217 859 1270 et
886 1207 1038 1280 dominos,
1062 1219 1093 1269 et
1108 1209 1228 1272 nobiles
1252 1213 1424 1274 associantes
1455 1210 1618 1289 Oratorasp

86 1326 151 1381 sua,
164 1321 195 1370 et
208 1312 502 1385 multismnileribm,
516 1325 546 1373 et
562 1309 763 1383 familiaribus,
829 1306 931 1370 deinde
956 1318 1021 1388 post
1049 1309 1205 1382 servimtee
1227 1323 1433 1385 armorum,et
1453 1331 1515 1386 noe,
1532 1315 1620 1392 equi·

82 1421 160 1471 extra
181 1421 294 1488 portem
307 1432 363 1492 per
390 1413 515 1474 modicos
533 1428 632 1492 passus
649 1419 763 1489 recepta
829 1409 900 1469 tavit
913 1408 915 1413 ⁴
930 1396 1040 1486 primus
1062 1407 1188 1471 duorum
1213 1407 1375 1479 Orator-um
1401 1411 1619 1491 praedictorum
1729 1405 1731 1407 ’

82 1529 100 1568 r
114 1518 186 1581 tres,
210 1529 261 1572 sen
276 1523 403 1588 quatuor
426 1515 571 1592 praelatos
596 1511 712 1581 velarit,
733 1521 763 1571 et
829 1507 940 1571 medius
957 1493 1033 1571 inter
1048 1509 1157 1588 primos
1175 1509 1248 1591 duos
1262 1514 1407 1589 praelatas
1425 1510 1539 1584 Palatii,
1554 1522 1619 1574 tum

82 1608 327 1684 rexOratoribos,
338 1613 479 1673 amoena
493 1630 585 1690 usqua
598 1610 634 1670 ad
643 1609 763 1670 domum
828 1608 973 1673 secundus
989 1609 1065 1671 inter
1084 1609 1156 1672 allos
1174 1609 1246 1670 duos
1260 1612 1405 1691 prasimae
1414 1604 1619 1692 ‘Palatia'post

82 1711 96 1768 ;i
125 1711 272 1771 Francisci
293 1710 324 1778 in
344 1713 446 1792 Burgo
469 1712 500 1772 8.
524 1710 604 1772 Petri
632 1711 763 1789 positum,
829 1707 882 1772 hoa
910 1710 974 1772 Oux
1004 1709 1099 1773 Sorae
1122 1728 1140 1771 a
1162 1709 1290 1773 dexteris
1321 1710 1428 1774 habene
1455 1714 1618 1792 praelatum

82 1810 152 1870 alias
166 1810 334 1872 inhabitavit
349 1813 384 1871 O.
403 1814 544 1873 Antonius
563 1810 597 1872 de
612 1808 762 1870 Norolivio
829 1811 942 1885 Palatii,
964 1811 1089 1874 Senator
1110 1831 1128 1872 a
1147 1811 1270 1875 dexteris
1289 1811 1401 1875 babeas
1416 1814 1508 1875 alium
1529 1833 1619 1894 praa·

82 1928 114 1970 aa
126 1911 306 1990 Apostoliaae
326 1913 461 1986 clericus,
484 1913 540 1973 boc
560 1910 679 1973 ordine:
695 1910 761 1987 pri·
830 1911 923 1975 iatum
942 1910 1057 1983 Palatii,
1074 1908 1185 1972 Orator
1200 1910 1290 1990 Regis
1316 1910 1493 1992 Neapolitani
1513 1912 1621 1976 babens

82 2010 240 2087 navitarum
254 2011 378 2074 lemiliac
395 2014 594 2092 praelatorum
608 2021 637 2072 et
652 2007 763 2081 Orato-
829 2028 847 2069 a
862 2010 985 2072 dexteris
1001 2011 1163 2092 praelatum
1179 2009 1293 2072 Palatii.
1310 2010 1389 2076 Tum
1403 2010 1518 2075 Orator*
1530 2013 1620 2075 Ducis

82 2109 285 2184 raedictorum,
301 2111 400 2174 deinde
414 2113 521 2172 tamilla
539 2128 667 2191 sponsae
685 2109 762 2170 Tum
789 2179 792 2185 ,
828 2109 992 2182 Mediolani,
1012 2109 1123 2174 Orator
1139 2111 1390 2184 Florentinum,
1406 2110 1516 2175 Orator
1530 2113 1621 2174 llan-

82 2229 149 2272 aeus
175 2211 247 2272 Cibo
267 2229 399 2292 moeson
414 2213 614 2275 mettosinter
639 2211 763 2272 Petrum
829 2218 935 2279 tuanus
949 2210 1055 2288 singuli
1070 2210 1199 2289 singulos
1219 2212 1363 2290 praelatos
1384 2212 1487 2291 Palatii
1506 2231 1525 2273 a
1547 2215 1620 2276 dax-

82 2311 127 2371 vtii
153 2311 276 2374 fratrem
294 2329 413 2393 sponsae
437 2313 605 2386 ademeris,
624 2321 653 2373 et
674 2311 763 2374 daco·
830 2313 900 2374 teris
921 2311 1058 2375 babentes
1066 2334 1077 2385 3
1095 2313 1144 2374 aad
1172 2314 1449 2392 compenditus
1478 2314 1570 2377 Sorae
1591 2325 1621 2377 et

83 2431 100 2472 e
118 2410 289 2480 Salviatisa
307 2413 428 2475 sinistris
434 2438 445 2489 3
468 2398 644 2493 sequebatur-
660 2433 763 2494 spoaaa
829 2411 953 2475 Salvator
976 2429 1032 2473 non
1053 2412 1193 2477 debebant
1214 2412 1270 2484 boc
1287 2413 1388 2475 ordine
1408 2415 1620 2493 equitaverat

81 2513 157 2573 inter
172 2512 236 2586 DO.
251 2514 510 2596 Arcbiepieoopum
529 2515 761 2579 Cusantinensam

82 2615 141 2685 eris,
160 2623 190 2673 et
209 2614 377 2695 episcopum
394 2618 565 2678 Aurievnem
584 2638 602 2677 a
620 2617 763 2693 sinistris-3

99 2712 198 2787 Clara,
218 2715 278 2776 sive
293 2714 391 2777 Clnrix
408 2729 501 2779 mater
520 2737 650 2798 spureae,
672 2719 764 2782 media

82 2812 236 2893 piscopum
255 2814 479 2878 Noveratenaanv
495 2815 655 2880 Oratorem
667 2818 764 2880 ‘Ducis

82 2913 126 2973 ani
140 2897 170 2972 'a
197 2914 344 2990 dexteris,
368 2929 399 2978 et
422 2920 588 2998 episcopum
606 2920 763 2982 Vulterra·

82 3033 89 3073 r
106 3031 124 3072 e
142 3015 264 3075 sinistris
274 3037 284 3088 ;
305 3017 358 3076 ivos
375 3019 570 3094 mouebantur
587 3021 708 3099 praelati
732 3029 763 3080 et

82 3133 129 3187 aa,
150 3132 184 3174 ac
199 3116 250 3201 alii
271 3117 379 3179 modici
401 3118 492 3196 togati
512 3119 621 3179 mixtim
636 3120 695 3179 sivae
710 3137 763 3179 or·

82 3215 176 3304 tullus
192 3227 361 3277 nostrorum
382 3229 504 3280 vocatus
522 3229 579 3291 eat,
600 3237 694 3298 neque
712 3219 760 3278 in·

82 3426 226 3493 aquarta,
239 3417 398 3479 dimensis
411 3419 589 3493 novembris,
601 3420 672 3481 hora
686 3439 762 3482 xxti.

82 3533 127 3590 aa,
143 3535 195 3595 per
211 3529 326 3596 portem
342 3517 480 3580 viridarii
499 3515 764 3586 intraverunt'Ur·

82 3633 120 3677 uo
138 3617 243 3686 milites
257 3619 313 3681 viri
331 3619 407 3680 docti
426 3621 471 3680 lli.
488 3620 577 3682 lincis
596 3635 626 3682 et
646 3622 762 3684 dominii

82 3728 149 3777 rurn
163 3716 200 3776 ad
217 3717 271 3778 88.
287 3718 325 3777 Ι).
340 3718 373 3779 Ν.
390 3719 503 3800 Papam
516 3719 667 3795 Oratores,
686 3723 761 3803 Nep.

82 3818 212 3879 astianus
222 3819 398 3893 baduarius,
412 3833 443 3884 et
456 3823 762 3886 bernardurlieuabus

82 3938 106 3980 u
124 3919 239 3992 militas,
258 3922 372 4000 patricii
389 3922 499 3996 Verteti,
511 3925 562 4002 qui
583 3934 664 3985 extra
689 3943 762 4004 por·

82 4035 151 4096 sque
172 4019 210 4079 ad
238 4020 337 4099 pedena
361 4022 541 4085 biantisrnari
560 4043 613 4103 per
635 4025 761 4086 lamilies

82 4118 119 4178 Ι).
140 4117 340 4183 cardinalium
355 4131 384 4183 et
409 4122 519 4183 881).
543 4122 578 4182 N.
598 4123 698 4205 Papae·
710 4145 761 4186 rs·

82 4261 231 4271 m-

82 4330 99 4366 c
116 4315 176 4366 ultis
194 4317 336 4368 lnuocaattl
353 4315 413 4365 vul.
425 4317 510 4368 dicam
523 4318 593 4368 elibl.
611 4318 761 4377 Praefectus

82 4399 164 4446 rimus
181 4394 314 4446 Tabularii
339 4396 472 4455 Vaticani,
488 4397 630 4460 cajetanus
650 4399 760 4458 Marini,

82 4477 190 4535 stabat,
206 4489 264 4524 cum
290 4476 323 4524 de
347 4475 484 4524 Francisro
500 4471 565 4524 Cibo
588 4476 759 4538 loqueretur:

82 4560 103 4604 lo
119 4557 221 4604 cblame
236 4554 326 4618 ltipllo)
342 4553 426 4603 ancha
439 4554 499 4604 Pier
515 4553 615 4604 Dellino
627 4555 695 4604 uelle
712 4555 760 4604 let·

82 4635 144 4684 ‚uel
155 4634 234 4687 ,libro
258 4645 314 4693 tarr,
334 4633 427 4685 scritta
443 4633 487 4684 alli
504 4636 541 4684 27.
567 4633 593 4683 d'
602 4635 688 4696 aprile
703 4633 763 4686 del·

86 4716 176 4772 1492,
192 4727 228 4765 uu
244 4713 357 4764 lileriete
378 4714 502 4764 transeas
523 4714 593 4764 uella
618 4714 761 4765 Bibliotaca

82 4799 123 4852 aa,
140 4806 155 4844 e
171 4793 262 4843 Paride
279 4794 320 4842 da·
331 4793 429 4852 Grassi,
445 4793 493 4842 obe
519 4795 563 4843 alli
588 4796 624 4845 16.
641 4794 667 4843 di
684 4795 761 4856 inglio

82 4873 181 4933 sarrire
207 4873 395 4922 minutamante
410 4872 447 4921 ¹le
475 4872 628 4934 magnillclte
652 4872 760 4934 esequle

85 4953 155 5002 nella
170 4952 278 5001 basilica
294 4951 425 5001 Vaticana.
442 4950 535 5013 Nlpote
551 4952 620 5000 nelle
632 4963 679 5000 sue
691 4951 760 5000 bolla

88 5043 193 5092 sempre
210 5033 227 5080 il
244 5031 320 5094 Papa,
338 5043 352 5079 e
369 5030 461 5092 Nipotc
483 5031 510 5079 dr·
529 5030 613 5081 Arane
635 5029 717 5091 padre
727 5029 760 5080 -dl

82 5203 109 5240 ne
127 5190 272 5252 sepoleraie
289 5190 399 5252 pastagll
417 5188 448 5237 da
465 5187 587 5248 lllbcrigo
604 5185 760 5248 Principem

84 5283 98 5318 a
115 5269 187 5320 detta
202 5268 321 5318 Basilica.
343 5288 353 5311 ι
370 5267 497 5318 Archiatvi
512 5265 648 5330 pontificii,
660 5270 721 5317 tom.
734 5279 750 5316 ι.

829 2506 1003 2586 praecedere
1030 2502 1177 2570 Oratores
1208 2525 1298 2571 novoe
1336 2509 1496 2582 intrantes,
1515 2520 1616 2588 prout

829 2608 1002 2670 Franciscus
1019 2607 1093 2669 Cibo
1112 2611 1288 2687 praemssit,
1303 2611 1372 2688 quala
1391 2628 1491 2673 omnes
1509 2610 1619 2672 nabiles

829 2712 882 2787 qui
905 2712 1001 2772 locum
1023 2709 1131 2771 babent
1151 2710 1180 2775 in
1198 2710 1327 2790 cappella
1345 2711 1374 2770 in
1395 2711 1535 2791 gradibus
1555 2710 1620 2772 solii

830 2809 946 2891 Papae,
968 2812 996 2874 in
1015 2808 1182 2889 hujusmodi
1204 2807 1368 2873 Oratorum
1393 2810 1568 2891 receptione,
1587 2818 1618 2872 et

830 2911 915 2973 simili
935 2910 1132 2990 equitatione,
1152 2908 1255 2973 debeat
1269 2909 1445 2991 praeoedere
1474 2907 1618 2977 Oratores

830 3031 931 3083 novos,
944 3022 974 3074 et
995 3020 1057 3071 non
1072 3012 1227 3081 emoriere,
1245 3013 1291 3074 vei
1310 3028 1366 3073 non
1386 3012 1532 3075 associari.
1547 3012 1621 3073 item

831 3110 942 3175 Orator
974 3111 1062 3190 Regis
1087 3110 1270 3193 Ferdinandi,
1295 3123 1364 3173 cunt
1385 3120 1501 3190 portem
1529 3109 1619 3177 Urbis

829 3230 957 3275 essemus
978 3211 1129 3282 intraturi,
1151 3210 1320 3283 recessit,et
1341 3213 1436 3293 noluit
1449 3210 1573 3292 amplius
1591 3212 1623 3273 in

714 3340 717 3345 ¹
751 3334 753 3337 ·
830 3313 965 3374 comitiva
988 3309 1160 3388 hujusmodi
1178 3310 1319 3388 apuitare.

870 3412 1008 3483 Sabbata,
1020 3412 1065 3473 die
1082 3410 1132 3473 94.
1153 3411 1264 3475 manvia
1277 3411 1453 3486 novembris,
1472 3412 1548 3474 bora
1563 3429 1621 3499 xx.

830 3517 876 3577 vel
897 3516 988 3586 circa,
1002 3530 1102 3576 omnes
1123 3513 1290 3578 cardinales
1302 3517 1331 3578 in
1347 3513 1428 3595 Urbe
1445 3523 1621 3593 prementes,

829 3616 864 3676 de
885 3613 1094 3676 mandato:SS.
1116 3614 1152 3674 O.
1173 3613 1208 3675 N.
1231 3615 1347 3695 Papae,
1369 3598 1511 3678 venerunt
1532 3613 1621 3677 Pela·

829 3718 924 3789 tium3
946 3716 1133 3794 quibuauna
1153 3730 1222 3777 curn
1245 3716 1300 3778 88.
1326 3715 1363 3775 O.
1389 3713 1424 3779 N.
1454 3715 1483 3775 in
1504 3734 1620 3779 camera

829 3816 977 3896 Pepagaili
1009 3815 1212 3894 congregatis,
1236 3825 1377 3879 venerunt
1396 3815 1457 3879 duo
1478 3812 1620 3885 Oratores

829 3915 1051 3996 praedictioni
1073 3915 1176 3978 ibidem
1197 3934 1215 3976 a
1236 3914 1292 3976 88.
1316 3914 1352 3974 O.
1377 3913 1419 3974 N.
1434 3913 1620 3975 consistoria·

829 4018 920 4091 liter,
941 4026 1057 4081 sacrato
1073 4028 1192 4089 tamen,
1214 4016 1321 4094 recepti
1339 4024 1428 4087 suut,
1448 4022 1478 4073 et
1498 4023 1634 4092 propter·

829 4118 907 4196 quod
927 4119 1005 4178 missi
1026 4126 1117 4179 essent
1138 4109 1312 4195 generaliter
1333 4122 1542 4194 exposuerunt3
1558 4131 1618 4191 quo

828 4217 918 4290 lecto,
939 4228 1120 4282 amessevun
1150 4233 1248 4277 omnes
1280 4214 1445 4279 cardinales
1476 4214 1504 4274 in
1537 4212 1618 4287 Urbe

828 4326 991 4397 praesentes
1010 4316 1048 4381 de
1067 4314 1206 4376 mandato
1238 4313 1293 4377 88.
1313 4315 1351 4375 Ι).
1370 4313 1405 4374 Ν.
1434 4314 1550 4393 Papae,
1570 4314 1618 4374 di·

829 4416 920 4481 missis
940 4417 1046 4479 ibimm
1069 4414 1245 4487 Oratoribus
1265 4417 1427 4496 praedictis.
1445 4416 1617 4496 Huiusmodi

828 4521 974 4598 receptio,
995 4530 1028 4579 ut
1049 4518 1160 4591 andivi,
1178 4519 1276 4580 multis
1294 4518 1550 4599 displicuit,⁴ounv
1569 4516 1617 4576 in·

828 4621 1004 4703 honestum,
1024 4629 1052 4680 et
1072 4620 1272 4683 inconveniens
1295 4620 1464 4693 videretur,
1485 4631 1513 4681 et
1533 4629 1619 4690 mast,

829 4723 944 4783 nullum
967 4731 1100 4781 nostrum
1116 4721 1152 4781 ad
1174 4723 1365 4801 receptionem
1379 4718 1544 4797 hujusmodi
1563 4717 1619 4778 ad·

829 4834 965 4914 uocatum
986 4820 1072 4883 inissa
1093 4822 1144 4884 ant
1166 4822 1350 4893 interluissar
1375 4820 1426 4883 aed
1446 4821 1506 4881 stne
1535 4816 1618 4879 nobis

828 4924 905 4985 lectt
924 4935 977 4985 est.
1024 4952 1025 4955 ¹
1320 4926 1323 4938 '

865 5025 943 5088 Cum
971 5025 1000 5084 in
1026 5021 1194 5084 consistorio
1218 5020 1330 5083 s'eareto
1351 5019 1407 5081 diei
1434 5019 1484 5081 83.
1513 5019 1619 5081 mensis

82 5123 111 5160 ao
128 5110 185 5160 Vlll.
201 5110 281 5159 molto
298 5110 520 5175 evvedutamente
537 5110 559 5157 sl
576 5110 682 5158 nomina
693 5109 759 5158 nella
825 5123 963 5202 januarpp,
982 5141 1033 5204 per
1050 5114 1108 5185 s&
1121 5120 1156 5183 D·
1173 5120 1208 5183 N·
1225 5121 1335 5200 pamm
1357 5121 1445 5184 verba
1465 5120 1614 5189 hubam,

829 5237 878 5287 tuv
901 5226 936 5287 da
954 5223 1127 5286 adventu-et
1153 5220 1432 5301 compromitti.
1454 5219 1616 5282 cardinalis

82 5355 103 5400 ι.
754 5305 761 5327 ’
792 5307 797 5390 i
828 5327 863 5388 de
883 5328 991 5400 Fuso,
1013 5328 1063 5404 qui
1083 5344 1101 5385 a
1123 5325 1170 5389 lei.
1192 5343 1252 5388 rec.
1271 5323 1358 5389 Sixto
1382 5323 1431 5386 lv.
1459 5339 1515 5390 una
1546 5338 1615 5383 cnm
