3764 6036
39 287 150 373 (asan

46 428 146 490 canda
158 456 168 501 3
188 445 258 490 cum
281 430 386 509 quibus
401 435 486 492 etiam
508 445 571 494 erat
591 435 664 495 uss.
685 435 713 494 in
735 434 829 497 Crista

43 529 75 590 Ρ.
98 528 134 589 D.
156 529 281 592 loannes
311 521 414 601 Petrus
435 535 830 614 episeopus'Urbinetensis,

42 640 70 690 et
90 629 196 691 ibidem
218 632 312 692 multa
343 633 421 695 dieta
446 647 514 695 sunt
536 637 579 698 rei
603 635 828 710 ¹convenientia,

42 741 71 791 et
92 731 170 792 inter
190 732 266 805 ulla,
288 734 366 811 quod
388 745 508 815 propter
527 735 582 796 88.
598 736 640 797 D.
659 735 693 796 Ν.
718 746 748 797 et
766 732 829 812 ejus

43 831 251 902 infirmitatem,
266 833 391 895 Ferrum
405 836 500 915 ipsum
517 848 612 917 posset
627 856 686 918 per
695 847 778 917 prata
792 837 829 897 od

44 932 217 994 Palatiolum
241 933 277 1001 de
299 934 434 1015 spinellis
455 946 535 998 extra
557 951 671 1018 portam
694 936 829 998 viridarii

41 1034 165 1095 conduci
184 1043 215 1096 et
244 1033 308 1096 inde
339 1054 409 1096 cum
428 1036 618 1116 processione
638 1037 752 1119 portari
774 1058 827 1119 per

43 1134 220 1214 praedictam
242 1136 288 1195 vel
310 1155 365 1216 per
383 1136 543 1212 Castrum,
564 1139 640 1218 quod
659 1150 689 1201 et
702 1151 829 1220 propter

43 1245 159 1314 tempus
173 1244 257 1296 ''nuuc
276 1237 498 1313 calidissimum,
520 1242 567 1302 vel
582 1242 605 1300 si
621 1241 696 1303 iorte
716 1242 830 1320 plueret

42 1356 74 1398 ea
96 1336 164 1408 die,
185 1347 275 1415 prout
300 1334 485 1413 jammutns
514 1341 614 1403 diebus
645 1343 734 1416 lecit,
756 1361 829 1422 pro·

42 1450 107 1517 pter
131 1440 244 1511 lutum,
266 1441 446 1517 processioni
462 1443 621 1521 plurimum
643 1445 830 1523 conveniret,

42 1540 87 1600 vel
110 1538 188 1616 quod
211 1539 358 1617 processio
378 1540 466 1603 luerit
487 1541 657 1624 da'l’opulo
681 1544 829 1623 usquead

40 1639 194 1699 basilicam
209 1637 241 1699 8.
264 1639 345 1701 Petri
363 1642 395 1701 io
416 1647 611 1721 paramentis,
639 1647 693 1706 vel
717 1647 830 1706 clerum

41 1739 131 1803 Urbis
152 1741 258 1820 pedes,
275 1753 304 1803 et
325 1761 378 1822 per
400 1761 498 1806 omues
520 1746 555 1807 de
575 1746 712 1827 Coppelle
734 1747 831 1826 Papae

39 1849 153 1919 equos,
189 1853 280 1921 prout
307 1844 335 1902 in
366 1847 549 1908 coronatione
569 1845 739 1908 Pontificum
771 1845 831 1908 lieri

42 1943 135 2014 solet,
160 1945 313 2022 coopertis
328 1945 476 2007 dumtaxat
496 1949 621 2029 exceptis
640 1947 744 2027 quibus
763 1958 831 2009 ute·

43 2055 147 2104 rentur
159 2045 371 2120 communibus,
384 2049 492 2117 nonde
506 2050 660 2111 boacicloo
672 2050 749 2123 albo,
760 2068 832 2111 con·

43 2145 164 2204 venire:
185 2153 216 2205 et
246 2146 337 2208 videri
360 2148 436 2226 quud
458 2148 583 2228 Sanguis
603 2148 710 2211 Christi
731 2152 759 2209 in
779 2169 832 2210 cc·

42 2246 129 2306 clasis
141 2243 343 2318 lateranense,
355 2259 383 2308 et
394 2249 510 2309 'l'itulus
525 2250 553 2309 ia
567 2250 688 2312 ecelesia
704 2250 735 2310 S.
750 2248 832 2311 Cru-

43 2347 85 2406 cis
107 2347 134 2405 in
152 2348 339 2412 Hierusalem
354 2349 504 2415 existentes
522 2351 637 2412 obviant
652 2351 728 2412 dicto
739 2351 831 2413 Ferro

42 2447 297 2531 processionaliter
312 2461 509 2529 portarentur.
530 2452 595 2533 Ego
613 2452 698 2517 etlam
713 2454 781 2533 ipsis
796 2441 835 2511 ad

43 2548 217 2630 memoriam
249 2549 352 2610 reduxi
384 2570 417 2610 ea
445 2570 519 2638 quse
550 2571 667 2633 nuper,
699 2554 833 2614 videlicet

45 2661 152 2725 quarta
175 2646 275 2727 liujus,
298 2651 326 2710 iu
347 2650 544 2713 cardinalium
566 2654 601 2713 ad
632 2654 687 2716 buc
709 2654 833 2734 depens-

44 2760 145 2811 torum
171 2753 417 2831 congregatione,
443 2752 518 2814 dicta
539 2754 677 2827 luerunt,
700 2753 833 2816 videlicet

44 2851 123 2929 quod
143 2863 263 2931 propter
280 2851 397 2922 lamam,
418 2870 492 2930 qnae
512 2857 541 2915 in
561 2856 743 2917 Alemanniae
762 2874 832 2935 par·

45 2952 144 3026 tibus,
161 2952 291 3014 videlieet
313 2950 519 3034 Nurimberga,
539 2966 567 3016 et
589 2955 682 3016 Gullia
703 2966 775 3016 esset
797 2954 833 3016 de

43 3051 140 3112 Ferro
157 3049 323 3129 hujusmodi
334 3055 418 3134 ,apud
440 3073 488 3115 eos
507 3058 661 3127 existente,
676 3065 705 3117 et
725 3055 763 3115 ob
782 3055 832 3116 in·-

45 3151 214 3215 llrmitatem
236 3152 292 3214 88.
311 3153 346 3213 D.
369 3153 414 3226 Ν..
436 3156 561 3219 Ferrum
584 3158 638 3218 boc
657 3158 687 3216 in
708 3153 833 3226 Narnia,

45 3254 92 3314 sel
116 3255 144 3312 in
175 3253 298 3315 eeclesia
332 3255 363 3315 Β.
386 3255 496 3316 blaritte
529 3257 564 3318 de
585 3257 699 3337 Populo
729 3255 833 3315 dimitti

44 3364 98 3413 aut
117 3364 231 3415 secreto
245 3353 396 3415 Sancdtati
411 3356 488 3416 Suae
504 3358 649 3435 reportari
660 3356 788 3426 deberet,
804 3364 834 3414 et

46 3472 132 3532 penes
153 3471 220 3514 eum
243 3455 389 3530 retineri3
412 3457 526 3517 interim
547 3457 692 3536 diligentia
720 3455 783 3516 fleri
803 3466 834 3516 ut

47 3555 158 3616 veritas
183 3554 343 3617 haberetur
364 3556 450 3633 quale
469 3560 579 3618 verum'
595 3568 668 3618 esset
688 3557 834 3627 Ferrato,

44 3667 74 3716 et
89 3656 141 3716 ubi
155 3655 329 3734 quaesitum,
350 3658 375 3716 si
395 3657 450 3718 boc
471 3677 532 3719 esse
552 3657 834 3737 posset31uncillud

45 3758 124 3817 omni
148 3757 332 3818 veneratione
352 3767 381 3819 et
402 3757 511 3819 bonore
531 3759 638 3837 absque
672 3756 832 3837 cujuspiam

49 3857 258 3919 detrectatione
278 3855 416 3936 recipiet
437 3860 600 3921 conoervari
621 3859 733 3920 debere.
760 3859 832 3920 Rev.

45 3959 109 4020 DD.
143 3957 314 4037 praedicti,
347 3958 466 4038 singuiis
498 3951 672 4031 intellectis,
703 3959 835 4023 dixeram

45 4062 143 4120 omnia
165 4057 220 4119 88.
232 4058 267 4118 D.
279 4058 313 4119 Ν.
328 4061 517 4139 exposituros.
538 4060 657 4139 insuper
681 4061 835 4120 convenire

46 4158 141 4219 rideri
153 4158 231 4236 quod
247 4159 277 4218 io
291 4159 387 4238 vigilia
404 4158 585 4219 'ascensionis
596 4154 744 4238 proximae
758 4170 835 4219 totus

46 4259 172 4339 populus
182 4269 300 4343 propter
312 4258 504 4339 receptionem
516 4254 683 4334 hujusmodi
689 4258 773 4318 Ferri
785 4256 835 4336 jef-

43 4356 151 4434 junare
163 4358 291 4432 deberet3
301 4358 444 4438 respondi,
457 4359 647 4437 receptionem
660 4359 835 4438 praedictam

46 4479 114 4522 cum
128 4461 233 4521 laetitia
247 4461 346 4540 populi
360 4442 423 4522 fleri
442 4458 557 4532 debere,
570 4469 600 4520 et
610 4478 678 4520 cum
690 4460 764 4537 inter
773 4453 836 4516 Pa·

45 4560 117 4621 scba
140 4571 170 4621 et
191 4559 303 4619 Pascha
325 4577 381 4619 non
400 4560 455 4619 sint
471 4557 608 4638 jejunia,
630 4569 743 4638 possent
761 4559 836 4621 forte

46 4662 148 4740 plures
164 4670 282 4739 propter
294 4655 442 4734 jejunium
457 4657 624 4734 hujusmodi
642 4661 836 4734 commoveri,

46 4772 77 4823 et
100 4761 167 4822 loco
190 4759 348 4840 devotionis
368 4759 588 4839 blasphemare;
610 4758 751 4838 majorem
773 4762 835 4822 lae·

50 4861 143 4922 titiam
165 4862 267 4922 allerre
279 4855 471 4936 judicabam,
491 4862 536 4932 si,
559 4863 624 4922 loco
641 4859 759 4938 jejunii,
780 4862 835 4923 88.

48 4964 85 5022 D.
109 4961 143 5022 Ν.
166 4963 195 5020 in
214 4961 358 5039 aliquibus
376 4962 499 5041 plateis,
519 4960 570 5020 ubl
586 4964 731 5042 processio
752 4962 835 5023 tran·

50 5064 145 5123 siluro
165 5073 259 5134 esset,
285 5060 378 5123 latites
406 5063 462 5121 vini
494 5065 756 5142 pertranseuntium
787 5084 837 5125 re-

52 5164 192 5246 creationi
214 5161 277 5224 lleri
297 5163 467 5233 mundaret,
489 5167 618 5242 quamsi
636 5161 783 5240 jejunium
804 5185 839 5226 eo

52 5265 98 5327 die
119 5265 281 5338 induceret3
302 5264 379 5343 quod
395 5275 423 5325 et
438 5265 589 5325 Sanctitati
608 5267 685 5326 Suae
699 5284 728 5325 se
749 5284 837 5345 expo·

52 5366 159 5427 siturus
181 5363 332 5436 dixerun13
356 5364 404 5441 qui
431 5362 551 5438 deinde,
572 5365 704 5425 omnibus
726 5365 838 5427 intelle-

513 288 798 362 rainitrtcarus
819 299 1041 365 ΙΝΝΟΟΕΝΤΙΙ
1062 303 1216 369 OGTdVl.
1624 303 1684 403 llil

894 440 959 513 ctis,
971 442 1077 512 amiam
1087 439 1239 520 jejunandi
1255 441 1400 512 mundato,
1418 442 1564 503 mandavit
1578 443 1674 504 omnia

896 539 982 612 fleri,
1003 559 1078 620 quae
1098 561 1132 603 ex
1159 528 1259 602 tenore
1281 540 1451 602 sedularum
1472 545 1607 622 superius
1628 560 1680 602 re·

895 640 1100 719 gistratarum‚
1120 640 1265 700 ridentur.
1343 660 1347 668 ’

936 742 1021 803 Feria
1054 742 1177 821 quinta,
1206 740 1246 801 ul
1275 741 1363 813 mail,
1397 742 1469 802 lusto
1501 742 1682 804 Asceusionis

894 840 932 900 Ι).
953 840 987 902 Ν.
1003 840 1227 915 lesquristi,
1247 841 1322 902 bono
1343 860 1424 904 mene
1441 842 1496 904 88.
1519 843 1555 904 D.
1575 842 1610 904 Ν.
1632 844 1678 903 in·

896 941 983 1002 dutus
1004 942 1135 1015 amictu,
1156 942 1243 1015 alba,
1264 943 1409 1021 cingulo,
1443 944 1515 1004 stola
1547 943 1681 1023 preciosa

896 1042 961 1102 alba
982 1061 1071 1122 supra
1090 1042 1282 1122 capuccinum
1303 1043 1423 1115 album,
1445 1045 1680 1124 praecedentibus

895 1141 992 1203 Cruce
1023 1154 1052 1204 et
1092 1143 1292 1205 cardinalibus
1309 1152 1333 1216 ,'
1351 1145 1429 1206 venit
1459 1145 1495 1204 ad
1527 1147 1679 1215 ecclesiam

895 1244 929 1303 B.
951 1242 1060 1305 blaciae
1079 1243 1115 1304 de
1136 1243 1270 1323 Populo,
1286 1261 1347 1305 non
1369 1236 1421 1322 per
1444 1246 1519 1305 vium
1541 1244 1683 1317 fluminis,

896 1345 944 1407 sed
965 1354 1031 1406 ante
1051 1345 1200 1405 ecclesiam
1216 1344 1249 1405 8.
1263 1345 1352 1417 Celsi,
1367 1345 1472 1406 Turris
1488 1345 1681 1426 sanguineae,

897 1445 1015 1507 domum
1036 1443 1196 1506 cardinalis
1229 1445 1469 1524 l’ortugalensis,
1501 1444 1603 1508 deinde
1635 1447 1681 1506 via

898 1557 986 1607 recta.
1014 1543 1104 1604 Facta
1133 1545 1161 1604 in
1185 1544 1271 1605 'dicta
1303 1545 1423 1606 ecclesia
1456 1546 1585 1608 oratione
1617 1542 1683 1608 ante

897 1647 1007 1720 altare,
1026 1654 1156 1717 extracto
1178 1645 1233 1705 sibi
1255 1647 1436 1727 capuccino,
1458 1657 1568 1708 retenta
1590 1648 1682 1722 stola,

898 1748 1006 1826 accepit
1028 1745 1150 1826 desuper
1170 1746 1298 1826 pluviale
1313 1748 1501 1827 preciosum,
1522 1759 1552 1809 et
1566 1748 1682 1807 mitram

897 1850 1080 1930 preciosum;
1102 1851 1218 1912 interim
1240 1851 1348 1912 ibidem·
1371 1870 1470 1914 omnes
1492 1851 1684 1923 Cardluales,

897 1962 933 2025 et¹
946 1952 1065 2031 praelati
1091 1951 1167 2010 intra
1191 1961 1221 2010 et
1238 1963 1319 2012 extra
1337 1953 1488 2013 ecclesiam
1507 1962 1680 2032 acceperunt

897 2062 1063 2133 paramenta
1082 2050 1135 2110 sibi
1151 2051 1357 2124 convenientia,
1375 2063 1409 2112 et‘
1425 2052 1560 2113 officiales
1578 2069 1684 2130 super·
1726 2046 1728 2049 ’

897 2152 1020 2232 pellicia.
1042 2150 1119 2211 Turn
1139 2150 1195 2212 88.
1214 2150 1249 2210 D.
1271 2141 1309 2211 lt.
1328 2152 1577 2231 processionaliter
1594 2151 1682 2223 veuit,

899 2262 992 2312 tamen
1014 2251 1073 2312 sine
1093 2249 1266 2311 baldachino
1285 2262 1408 2331 propter
1438 2251 1591 2312 maximam
1613 2269 1686 2331 pro·

898 2353 1054 2413 cessionem
1083 2352 1204 2431 populi,
1232 2350 1469 2430 praecedentibus
1496 2340 1686 2423 officialibus,

898 2452 1016 2527 Cruce,
1045 2453 1203 2532 praelatis,
1234 2463 1264 2513 et
1290 2436 1522 2527 'Cardinsttbos‚
1555 2470 1590 2512 ac
1621 2452 1685 2512 aliis

899 2571 980 2616 more
1000 2555 1084 2614 solito
1104 2562 1184 2613 extra
1211 2563 1325 2632 portam
1350 2552 1385 2613 de
1412 2552 1525 2633 Populo
1551 2552 1587 2610 ad
1615 2569 1683 2631 spu·

898 2657 976 2715 cium
1006 2654 1217 2733 quadraginta,
1242 2653 1286 2716 vel
1309 2653 1410 2726 circa,
1443 2670 1605 2732 passuum,
1636 2650 1685 2710 ubi

899 2754 1011 2814 stabant
1042 2748 1103 2813 itit.
1127 2752 1188 2812 DD.
1208 2753 1376 2839 Cardinales
1397 2753 1428 2812 S.
1451 2751 1530 2812 Petri
1552 2751 1589 2811 ad
1611 2750 1682 2811 Vin-

900 2857 982 2928 eulu,
1000 2866 1028 2915 et
1050 2854 1249 2918 Ulixboneusis
1267 2855 1296 2914 iu
1314 2853 1373 2914 auis
1402 2854 1597 2933 paramentis,
1616 2869 1684 2911 cum

899 2973 1002 3016 eorum
1024 2953 1161 3027 lamiliis,
1181 2953 1313 3034 pluribus
1334 2952 1487 3013 intorticiis
1507 2951 1681 3013 ardentibus.

898 3054 1158 3135 -lppropinquante
1179 3053 1234 3114 88.
1262 3052 1298 3113 D.
1324 3051 1359 3112 Ν.
1385 3061 1588 3133 processerunt
1613 3049 1685 3110 dicti

900 3156 959 3217 duo
990 3156 1158 3217 Cordinnles
1178 3152 1303 3234 Legati,
1335 3152 1371 3212 ad
1401 3151 1538 3213 Narniam
1567 3150 1622 3210 bac
1652 3149 1687 3210 de

901 3273 987 3316 causa
1009 3275 1103 3335 nuper
1123 3255 1212 3327 missi,
1228 3253 1265 3313 ad
1283 3251 1315 3314 S.
1339 3252 1373 3312 D.
1390 3251 1443 3327 Ν.;
1457 3263 1486 3314 et
1501 3251 1533 3312 8.
1549 3250 1629 3313 Petri
1650 3250 1709 3309 ad*

900 3357 1021 3418 Vincula
1036 3357 1163 3416 Ferrum
1178 3356 1206 3414 in
1222 3354 1409 3416 tabernaculo
1424 3352 1592 3425 cristallino,
1607 3350 1685 3429 quod

901 3458 929 3515 in
953 3458 1014 3515 suis
1036 3454 1166 3514 manibus
1187 3453 1321 3524 tenebat,
1346 3452 1401 3513 88.
1429 3452 1464 3512 D.
1484 3452 1518 3513 Ν.
1533 3496 1546 3525 ,
1562 3448 1688 3530 quibus·

900 3557 967 3616 dom
1005 3555 1143 3617 brevibus
1179 3553 1276 3615 verbis
1314 3554 1351 3613 ad
1389 3555 1443 3615 hoc
1481 3551 1685 3616 convenienter

901 3658 1088 3738 compositis,
1108 3657 1221 3717 obtulit.
1241 3655 1296 3717 88.
1311 3653 1415 3728 ult,
1433 3654 1559 3735 deposita
1582 3652 1683 3726 mitra,

900 3760 987 3821 etlam
1009 3759 1148 3821 brevibus
1179 3757 1275 3819 verbis
1304 3757 1470 3837 respondit,
1503 3755 1614 3834 accepit
1637 3763 1684 3813 ta·

900 3861 1089 3925 bernaculum
1108 3877 1176 3919 cum
1198 3858 1308 3930 Ferro,
1330 3870 1359 3919 et
1380 3856 1451 3917 illud
1473 3855 1621 3917 osculatus
1643 3866 1685 3915 est

901 3972 1077 4022 reverenter.
1099 3959 1167 4019 lude
1188 3958 1319 4038 imposita
1340 3966 1383 4017 est
1403 3956 1627 4037 Papae'mitra,
1659 3969 1688 4017 et

899 4061 1047 4140 processio
1068 4078 1118 4140 per
1138 4059 1175 4119 lt.
1196 4058 1231 4118 D.
1252 4058 1453 4120 camerarium
1474 4057 1627 4131 ordinata,
1651 4057 1686 4116 ad

901 4178 989 4238 quana
1007 4159 1085 4238 Papa
1107 4176 1163 4225 non
1184 4160 1346 4237 composuit
1368 4142 1515 4216 incensum
1544 4173 1636 4234 neque
1658 4158 1685 4217 in

900 4259 1019 4322 ecclesia
1037 4259 1071 4320 de
1087 4259 1216 4338 Populo,
1232 4275 1324 4335 neque
1339 4268 1421 4316 extra
1435 4266 1550 4336 portam
1565 4268 1685 4337 propter

902 4356 1063 4418 tumultum
1083 4355 1155 4415 cleri
1175 4353 1289 4424 Urbis,
1310 4369 1378 4412 cum
1400 4352 1604 4425 societatibus,
1626 4352 1686 4414 sive

899 4455 1066 4518 confratriis
1079 4455 1258 4526 Salvatoris,
1273 4454 1492 4526 nonunciatae,
1512 4453 1689 4526 Corialonls,

901 4567 930 4618 et
952 4554 1085 4636 pluribus
1105 4556 1178 4614 aliis:
1194 4553 1260 4615 binc
1275 4554 1371 4614 omnia
1382 4573 1434 4633 per
1445 4552 1596 4615 ecclesiam
1607 4564 1691 4614 erant

901 4657 929 4715 ia
948 4667 1025 4717 tauta
1046 4654 1234 4725 romaniane,
1251 4653 1328 4731 quod
1346 4653 1499 4734 plusquam
1515 4653 1685 4733 perborum

901 4757 1109 4839 processionem
1143 4755 1303 4815 retardavit
1333 4765 1487 4831 antequam
1513 4760 1607 4832 posset
1635 4771 1687 4831 per

903 4859 938 4918 lt.
968 4858 1010 4918 D.
1035 4856 1238 4918 camerarium
1270 4855 1418 4927 ordinari3
1447 4872 1512 4914 nam
1539 4854 1691 4915 societates

902 4960 1036 5022 nolebant
1053 4957 1135 5035 sequi
1154 4957 1284 5027 clerum,
1304 4967 1333 5014 et
1349 4956 1433 5015 etiam
1454 4957 1529 5015 iuter
1547 4974 1577 5014 se
1598 4974 1685 5034 super

902 5061 1099 5142 praecedentia
1121 5055 1328 5118 contendebant
1338 5077 1349 5128 ;
1371 5056 1484 5115 taradem
1506 5054 1543 5115 ll.
1562 5056 1597 5116 D.
1611 5057 1690 5118 co·-

903 5164 1011 5235 diunle,
1030 5162 1111 5239 ipsis,
1133 5158 1211 5237 quod
1234 5159 1280 5218 rel
1301 5158 1490 5230 recederent,
1516 5158 1560 5218 vel
1583 5178 1691 5238 proce·

903 5264 1003 5325 dereot
1020 5262 1074 5322 sub
1095 5278 1184 5340 poena
1206 5257 1378 5330 mundante,
1406 5271 1635 5337 processerunt,
1661 5272 1688 5320 at

903 5366 992 5426 secuti
1013 5375 1079 5425 sunt
1101 5360 1192 5422 nostri
1213 5360 1312 5421 ordine
1334 5358 1494 5420 infradicto.
