3780 6030
151 2286 239 2348 Pario
257 2285 368 2364 quinta,
385 2280 424 2343 la
440 2278 544 2341 mensis
557 2274 689 2356 augusti,
707 2272 785 2334 inter
801 2270 904 2332 boraru

71 2418 76 2429 ·
110 2397 249 2467 quartam
271 2397 300 2447 et
321 2384 451 2462 quintana
471 2379 584 2451 noctis,
604 2377 650 2439 vel
672 2374 774 2445 circo,
794 2370 904 2433 Romae

112 2486 141 2547 io
177 2486 285 2566 palatio
319 2482 477 2563 apostolico
507 2477 584 2559 apud
611 2476 752 2538 Sanctum
782 2471 903 2533 Petrum

111 2589 141 2647 iu
172 2585 317 2665 superiori
350 2600 466 2646 caruero
492 2598 574 2651 ursa,
596 2595 687 2658 supra
702 2574 818 2637 eornm
839 2584 904 2637 ante

111 2685 315 2747 bibliothecam
353 2681 568 2763 respondente,
598 2678 670 2740 obiit
710 2673 904 2737 wnatiuimus

112 2787 141 2845 in
171 2785 287 2846 Cbristo
308 2795 392 2865 pater
421 2795 452 2843 et
482 2781 615 2842 dominus
636 2789 751 2850 noster,
771 2775 905 2837 domirms

111 2886 211 2946 Sinus
231 2883 329 2945 divino
355 2881 538 2964 providentia
559 2879 638 2960 Papa
659 2887 795 2956 quartus,
818 2872 905 2953 crrjus

109 2987 224 3046 animae
245 2982 432 3065 Omnipotens
453 3000 505 3043 sua
524 2982 629 3062 pietate
649 2977 782 3039 misereri
803 2975 906 3056 digne·

112 3097 173 3169 tur.
193 3087 293 3146 Amen.

154 3184 221 3255 Quo
241 3183 387 3256 defuncto,
400 3192 541 3244 renuant
554 3180 592 3242 ad
606 3178 751 3240 Palatium
766 3193 906 3237 reveren·

109 3284 220 3344 dimini
246 3284 353 3344 doruini
380 3281 547 3344 cor-otnues
574 3281 602 3340 iu
633 3278 713 3342 Urbe
741 3285 906 3356 praesentes

110 3403 234 3455 omncs,
255 3393 285 3444 et
305 3401 357 3463 per
379 3399 542 3454 carnarum,
557 3381 586 3440 in
608 3397 665 3458 qua
686 3376 838 3438 defunctus
855 3373 906 3453 ja-

111 3482 197 3543 cebat
218 3500 306 3562 supra
329 3481 446 3554 lectuna,
466 3492 543 3542 reste
566 3479 691 3559 quadam
712 3478 798 3557 longo
817 3494 905 3556 supra

111 3582 262 3643 camisiam
285 3580 414 3651 indutas,
433 3599 521 3661 supra
542 3591 643 3661 pectus
661 3597 781 3640 cracem
800 3576 906 3638 babens

112 3681 250 3743 manibus
266 3682 442 3761 compositis,
461 3680 598 3741 defuncto
620 3680 811 3741 reverentiam
833 3697 906 3758 pro·

110 3783 233 3844 lundam
254 3780 396 3843 iaciebant
421 3776 651 3856 cardinalarem;
678 3793 739 3841 trrrn
761 3777 907 3840 intrabant

111 3883 214 3944 auiam
232 3901 367 3962 magnam
384 3879 475 3963 prope
490 3881 597 3942 dictam
612 3901 770 3955 canteram,
784 3898 839 3961 pro
855 3898 906 3940 re·

112 3985 170 4045 bus
190 3982 356 4044 ordinandis
376 3983 506 4044 locuturi
527 3979 583 4064 (l).

155 4082 318 4162 Deputatus
337 4083 393 4141 luit
413 4082 563 4161 episcopus
591 4081 735 4162 Septeusis
755 4078 801 4164 (ι)
823 4079 905 4160 copi·

111 4194 238 4256 tanaus,
265 4182 325 4244 sire
355 4181 535 4263 gubernator
567 4181 703 4263 Capitolii
717 4205 729 4256 3
755 4182 905 4262 episcopus

154 4461 193 4516 (t)
210 4476 220 4496 ·
239 4455 260 4506 ιι
275 4456 299 4505 la
315 4460 389 4505 nolte
407 4455 588 4515 reuendo,ira
606 4455 630 4504 lo
648 4457 662 4504 ι
678 4467 693 4504 e
712 4454 734 4503 le
751 4454 765 4503 5
782 4465 828 4502 ore
838 4453 905 4515 Papa

110 4536 185 4590 sisto
208 4533 293 4595 mori,
309 4546 324 4582 e
341 4534 412 4596 dopo
428 4536 453 4583 la
470 4539 555 4584 morte
577 4547 626 4597 per
645 4534 743 4597 ispazio
759 4531 786 4582 di
803 4532 901 4582 nu'ora

111 4613 252 4664 andarouo
264 4626 279 4662 s
290 4612 399 4662 Palazzo
413 4614 473 4662 tutti
485 4613 493 4661 i
506 4613 672 4672 cardinalia
690 4613 763 4662 molti
775 4611 835 4662 altri
847 4610 908 4660 Pre-

112 4695 180 4750 lati;
196 4706 210 4742 e
226 4694 307 4743 Roma
323 4692 453 4742 comincid
470 4692 504 4742 ad
520 4694 620 4744 andare
636 4694 663 4743 iu
677 4690 821 4754 ‘bisbiglio,
837 4693 864 4738 et
881 4692 906 4740 io

110 4774 213 4834 questo
224 4768 250 4819 di
263 4770 285 4820 si
298 4769 428 4819 comiaclo
439 4783 454 4819 s
465 4768 570 4820 battere
589 4770 702 4821 Paliauo.
719 4790 730 4814 ι
748 4769 789 4818 Sic
808 4769 834 4818 iu
844 4767 907 4823 Dto2

110 4852 156 4902 rio
180 4849 209 4898 di
234 4850 311 4900 borno
327 4849 370 4900 del
392 4849 487 4907 Notajo
504 4849 530 4900 di
546 4850 704 4912 Aatlporto,
728 4850 754 4898 lu
770 4847 908 4900 ιιιιυτοιιι

110 4931 211 4982 neom
225 4928 376 4979 italicorum
385 4927 542 4989 Scriptores,
556 4931 615 4978 ιοιιι.
628 4927 667 4979 ιιι.
682 4940 710 4989 p.
721 4927 751 4977 il.
761 4938 821 4989 pop.
839 4925 908 4976 1088.

152 5010 192 5067 (2)
208 5005 314 5056 Duobus
331 5005 412 5056 Codd.
427 5007 494 5057 MSS.
511 5007 606 5069 legitur
621 5005 846 5067 Septempedoous
858 5004 909 5054 scd

113 5089 206 5138 miuus
223 5091 313 5142 rector
329 5098 388 5135 nam
405 5085 524 5136 Ecclesia
547 5084 771 5148 Septempedaua,
793 5082 909 5135 testibus

114 5166 252 5230 Ugbellio,
273 5169 299 5214 at
314 5167 416 5214 Joauue
432 5164 528 5214 carolo
545 5164 659 5216 Gentilio
681 5163 801 5224 eiusdem
817 5162 911 5213 Eccle-

113 5247 175 5297 siae
193 5245 397 5303 illustratore,a
414 5243 487 5293 Sixto
502 5243 571 5306 Papa
588 5243 606 5292 ll
622 5243 673 5294 luit
690 5243 723 5294 ad
739 5243 910 5305 episcopatus

113 5328 249 5375 bonorem
268 5327 362 5372 crecta
380 5323 455 5372 aunis
473 5323 543 5376 1586.

972 2267 1150 2344 (ἶεινιοιιειι,
1162 2273 1327 2351 capitaneus
1346 2282 1447 2353 portae
1465 2271 1569 2336 Palatii
1583 2274 1662 2356 opud
1679 2273 1758 2337 San·

970 2382 1049 2434 ctum
1068 2372 1191 2434 Petrum
1201 2394 1213 2446 3
1234 2374 1270 2435 ad
1291 2374 1419 2455 singulas
1439 2387 1538 2455 portas
1559 2360 1647 2439 Urbis
1664 2374 1758 2456 depu-

971 2475 1023 2536 tati
1039 2475 1211 2558 Scriptores
1231 2476 1395 2557 apostolici,
1416 2477 1552 2548 curiales,
1564 2486 1595 2538 et
1609 2477 1686 2538 ciras
1701 2495 1758 2537 ro·

971 2577 1047 2637 marri
1080 2577 1211 2650 mixtim,
1239 2577 1483 2655 commissumque
1518 2587 1551 2636 ut
1580 2574 1758 2638 scriberetur

970 2676 1103 2739 onanibus
1123 2676 1307 2758 Principibus
1326 2688 1382 2739 etc.
1404 2688 1434 2739 et
1453 2677 1553 2739 Terris
1567 2687 1597 2739 et
1617 2673 1760 2738 Officiali·

971 2778 1025 2838 bus
1045 2789 1101 2840 etc.
1122 2777 1158 2841 de
1178 2778 1259 2840 obitu
1291 2777 1397 2858 Papae.
1426 2777 1563 2860 Deputeti
1591 2790 1659 2840 sont
1687 2781 1760 2839 certi

970 2876 1136 2939 Gardiuales
1149 2897 1204 2959 pro
1220 2877 1348 2940 emtodia
1367 2877 1486 2952 Palatii,
1506 2891 1536 2942 et
1552 2896 1658 2942 rerum
1671 2897 1760 2958 expe·

971 2979 1093 3053 ditiorre,
1114 2997 1187 3058 quaa
1207 2990 1406 3041 occurrerent.

1013 3079 1085 3141 Post
1104 3080 1233 3158 quintani
1257 3079 1360 3140 borum
1380 3078 1524 3144 lohannes
1550 3078 1643 3141 biario
1664 3079 1760 3141 socius

971 3183 1112 3254 meus-in
1132 3180 1222 3244 domo
1235 3199 1300 3241 mea
1317 3199 1362 3243 me
1385 3182 1512 3254 vocarit,
1527 3199 1595 3243 eum
1617 3199 1678 3259 qao
1695 3181 1761 3242 reni

970 3282 1007 3342 od
1034 3282 1174 3362 palatium
1197 3279 1379 3361 praedictum
1403 3281 1439 3342 ad
1465 3281 1658 3343 ordinandum
1684 3298 1760 3360 quae

971 3384 1130 3446 necessaria
1161 3393 1245 3444 erant
1269 3401 1325 3463 pro
1356 3383 1506 3463 sepultura
1533 3380 1679 3456 deiuncti3
1711 3379 1762 3442 scd

971 3496 1054 3547 autea
1077 3495 1197 3544 venerat
1216 3482 1252 3543 ad
1268 3483 1414 3546 Palatium
1435 3482 1693 3546 reverendissimus
1706 3479 1762 3540 do·

971 3588 1066 3648 orbus
1086 3585 1359 3658 vicecancellarius,
1380 3596 1421 3658 et,
1441 3602 1476 3655 es
1496 3599 1600 3656 ruore,
1621 3593 1761 3660 stampato

972 3706 1027 3766 pro
1041 3684 1184 3747 bullandis
1205 3686 1296 3745 literis
1310 3685 1484 3764 apostolicis,
1496 3700 1599 3745 nornen
1614 3677 1762 3742 Pontibcis

973 3788 1098 3851 defuncti
1117 3786 1318 3860 continentem,
1336 3785 1432 3865 tregit.
1453 3784 1641 3862 Congregatis
1663 3778 1762 3842 deinde

972 3888 1172 3952 &ruralibus
1187 3887 1216 3947 in
1232 3889 1296 3948 loco
1312 3886 1470 3967 praedicto,
1481 3884 1649 3953 hullatenus,
1666 3897 1761 3952 naras,

972 4008 1058 4053 aures
1078 4001 1108 4050 et
1128 3990 1288 4069 posteriora
1310 3987 1459 4059 defuncti,
1479 3984 1609 4046 bombice
1634 3983 1763 4043 baisam

973 4088 1102 4161 intincta,
1123 4098 1344 4166 constupuerunt,
1361 4104 1417 4158 ac,
1438 4082 1640 4164 adjuvantibus
1660 4082 1763 4163 poeni·

974 4190 1111 4251 teutiariis
1142 4187 1297 4248 ordinariis
1325 4186 1456 4246 basilicae
1478 4183 1579 4246 Sancti
1599 4182 1696 4258 Petri,
1710 4182 1762 4259 qui

971 4289 1086 4350 interius
1106 4288 1234 4349 officium
1258 4286 1461 4348 defunctorum
1488 4286 1568 4348 circa
1594 4284 1762 4346 defunctum

971 4388 1100 4450 dixerant
1120 4388 1259 4464 submissa
1282 4405 1363 4458 roae,
1379 4386 1551 4466 intelligibili
1574 4396 1760 4454 tamencum

971 4498 1088 4567 eopcrta
1111 4486 1189 4556 lecti,
1210 4498 1238 4547 et
1258 4487 1383 4564 quodam
1405 4504 1511 4566 panno,
1532 4485 1666 4564 quiante
1687 4501 1760 4564 por·

972 4603 1031 4652 tam
1046 4607 1176 4650 camerae
1191 4586 1354 4667 praedictae
1376 4585 1542 4666 pandiderat
1563 4584 1597 4645 de
1618 4585 1704 4654 lecto,
1726 4578 1761 4643 de

972 4709 1087 4757 cornera
1108 4687 1253 4770 praedicta
1281 4688 1318 4748 ad
1346 4705 1490 4748 cameram
1513 4683 1661 4764 Papagalli
1686 4679 1763 4741 inte·

971 4794 1081 4856 riorem
1102 4799 1311 4870 portaverunt,
1338 4797 1366 4848 et
1389 4785 1494 4847 ibidem
1515 4784 1542 4844 iu
1564 4782 1658 4844 medio
1673 4799 1764 4860 supro

972 4909 1099 4955 mensam
1114 4890 1229 4968 longam
1252 4888 1360 4949 nardum
1382 4895 1550 4967 posuerunt,
1565 4883 1644 4944 eirca
1658 4881 1762 4943 boram

973 4995 1122 5056 decimam.
1138 4987 1233 5050 Abbas
1252 4986 1351 5052 Sancti
1370 4983 1540 5058 uebasusui,
1555 4983 1687 5056 sacrista,
1707 4980 1762 5042 ba·

974 5098 1036 5158 buit
1057 5097 1164 5156 lectum
1186 5108 1253 5153 cum
1274 5086 1468 5156 iornirueutis,
1491 5085 1559 5145 licet
1579 5081 1617 5143 ad
1634 5082 1762 5143 officium

974 5208 1106 5260 nostrum
1130 5193 1224 5273 potius
1245 5189 1411 5270 pertineret.
1433 5185 1497 5246 Alia
1517 5184 1633 5257 omnia,
1655 5201 1762 5262 quam·

975 5299 1102 5377 priruum
1134 5291 1284 5354 defunctus
1315 5307 1348 5348 ex
1382 5304 1497 5348 camera
1529 5295 1662 5365 portatus
1686 5281 1762 5353 luit,
