3764 6036
191 258 251 320 tte
438 285 453 301 -
652 259 939 326 ruuututcattts
959 261 1187 330 lNllOCEll'l’ll
1206 261 1361 325 octavi.

187 394 372 467 secretarius,
388 395 515 474 scriptor
532 397 721 476 apostolicos,
736 398 923 461 abbreviator
940 400 975 461 de

187 499 281 576 prima
304 496 439 569 visione,
458 496 628 579 sollicitator
657 501 812 562 literarum
829 502 975 583 apostoli-

188 616 315 670 carum,
335 599 474 658 collector
488 598 614 678 plumbi,
639 612 668 663 et
698 603 837 681 magister
860 605 975 683 registri

188 699 338 760 bullarum
356 699 427 772 luit,
446 717 520 778 quae
542 703 639 762 omnia
662 722 709 762 sex
730 705 822 765 officia
841 723 893 784 per
911 704 976 766 obi·

190 810 253 861 tum
272 820 358 862 suum
378 812 530 861 vacarunt.

230 902 381 964 Dominica
403 901 451 963 tt.
474 904 579 963 mensis
593 905 761 984 septembris
779 905 852 966 bora
866 906 975 968 decima

189 1002 235 1063 vel
262 1003 341 1062 eirca
361 990 506 1081 pertulum
534 1014 576 1065 est
606 1006 729 1068 cadaver
759 1007 806 1068 bo.
835 1027 889 1070 me
921 1009 977 1069 ,ll-

189 1103 291 1183 phousi
305 1103 428 1182 episcopi
443 1102 669 1184 Pampilonensis
681 1107 715 1167 de
733 1108 817 1170 domo
831 1128 899 1182 suae
920 1108 975 1169 ba-

191 1203 338 1266 bitatiouis
356 1223 407 1283 per
429 1204 535 1266 iratres
551 1191 794 1272 confraternitatis
816 1211 976 1274 Salvatoris

187 1304 225 1364 ad
253 1305 405 1366 ecclesiam
433 1305 466 1364 li.
487 1306 598 1368 lllariae
619 1308 654 1370 de
674 1311 806 1389 Populo,
824 1321 853 1372 et
871 1313 975 1374 ibidem

188 1407 217 1466 in
237 1407 364 1486 cappella
381 1417 461 1469 retro
481 1410 573 1469 altare
588 1409 681 1488 majus
697 1409 782 1488 juxta
803 1432 931 1487 murum,
948 1425 977 1475 et

188 1507 358 1568 memoriam
387 1508 530 1586 quondam
554 1509 663 1572 Urbani
689 1514 813 1594 episcopi
846 1515 975 1594 Foroju-

190 1609 287 1669 lieusis
301 1609 337 1668 ad
352 1594 501 1670 sinistram
514 1611 648 1672 intrantis
657 1616 822 1692 sepulturae
838 1616 975 1677 traditur·

186 1708 263 1768 ltem
285 1708 329 1769 die
351 1708 492 1771 dominica
522 1714 651 1792 proxime
673 1716 844 1794 praeterita,
870 1724 975 1794 quarta

190 1807 292 1885 hujus,
315 1809 456 1871 iullrmari
478 1814 624 1893 incoepit,
644 1826 672 1875 et
693 1818 772 1876 circa
795 1817 899 1876 horam
927 1837 974 1876 se-

189 1910 315 1978 cundam
338 1921 366 1971 et
389 1913 504 1974 tertiam
533 1916 625 1975 noctis
646 1917 774 1995 proxime
801 1918 974 1996 praeteritae

186 2011 320 2089 spiritum
343 2012 466 2072 reddidit
486 2014 641 2087 Creatori3
661 2017 822 2092 requiescat
843 2017 871 2076 ln
896 2035 974 2098 pace.

185 2109 339 2173 iufirmitas
350 2115 482 2174 omnibus
500 2116 632 2189 medicis,
648 2117 698 2196 qui
719 2137 786 2179 eum
803 2118 974 2194 visitarunt,

186 2214 236 2290 qul
252 2215 344 2275 multi
365 2213 499 2291 luerunt,
516 2217 661 2298 incognita
683 2219 747 2281 luit.

225 2312 281 2375 Die
302 2316 385 2377 lunae
401 2316 450 2378 li.
471 2320 658 2398 septembris,
685 2321 882 2387 anniversaria
913 2320 974 2382 dies

185 2416 377 2476 coronationis
396 2417 451 2477 SS.
471 2416 506 2477 D.
524 2418 558 2478 Ν.
572 2420 727 2482 iunocentii
746 2421 839 2501 Papae
855 2419 973 2494 Octavi,

185 2513 222 2574 li.
235 2515 271 2576 D.
284 2516 445 2577 Cardiualis
457 2518 674 2582 Beneventanus
687 2522 844 2583 celebravit
859 2523 973 2582 lllissam

186 2617 352 2689 solemnem,
368 2617 447 2696 Papa
462 2619 573 2681 absente
589 2665 597 2693 ,
613 2640 687 2699 qua,
706 2632 739 2681 et
752 2622 866 2682 licentia
882 2622 972 2683 Vice-

185 2717 351 2789 caucellari,
370 2717 562 2798 Neapolitani,
577 2721 611 2783 dc
626 2722 749 2784 Sabellis
771 2722 972 2783 cardinalium

185 2824 255 2877 ωηο
276 2820 497 2896 praesentium,
518 2822 645 2902 incoepta
655 2856 670 2896 ‚-
684 2834 838 2904 autequam
858 2818 972 2887 Gloria

186 2916 218 2976 iu
239 2920 371 2980 excelsis
396 2920 596 3000 inciperetur,
622 2924 761 3004 praedicti
784 2936 845 2988 tres
863 2926 970 2987 Cardi-

185 3019 261 3088 uales
283 3022 378 3080 vocati
400 3020 520 3082 luerunt
537 3022 575 3083 ad
595 3024 650 3086 SS.
664 3025 701 3087 D.
719 3027 751 3087 Ν.
773 3029 800 3088 in
822 3030 898 3091 lecto
918 3046 972 3090 suo
987 3051 1000 3062 .

184 3129 393 3196 aegrotantem,
408 3120 457 3180 ubi
473 3122 617 3184 Sanctitas
631 3126 692 3186 Sua
711 3129 741 3186 ln
755 3128 970 3207 praedictorum

184 3220 394 3293 Ulixboueusis,
409 3221 444 3284 de
464 3223 642 3298 Comitibus,
655 3228 808 3289 aleriensis
822 3273 830 3302 ,
845 3241 873 3291 et
895 3231 971 3290 Sau-

185 3334 247 3382 ctae
278 3324 441 3385 Anastasiae
468 3327 630 3404 praeseutia
661 3328 792 3406 providit
821 3327 971 3409 Pampilo·

182 3441 248 3482 ηοη.
270 3421 415 3484 Ecclesiae
428 3468 436 3496 ,
449 3424 484 3486 d'e
504 3426 618 3487 domino
638 3427 744 3491 Cesare
765 3431 871 3508 Dolgia
888 3432 972 3493 Sedis

183 3522 366 3601 apostolicae
398 3524 624 3588 Prothouotario
647 3528 675 3588 in
707 3529 819 3593 decimo
850 3533 971 3613 septimo

183 3624 285 3710 aetatis
303 3643 373 3688 suae
391 3644 482 3700 auno,
502 3637 530 3685 et
551 3628 646 3688 studio
668 3630 829 3691 Perusieusi
850 3633 972 3709 cousti-

185 3734 266 3799 tuto,
287 3725 428 3806 praedicti
449 3728 609 3789 Cardinalis
629 3731 864 3793 vicecancellarii
886 3732 970 3810 lilio,

184 3842 271 3903 quem
305 3828 455 3888 constituit
473 3828 500 3888 iu
522 3829 787 3891 administratorem
819 3851 909 3909 usque
940 3835 971 3894 iu

183 3928 324 4006 vigesimo
342 3929 465 4008 septimo
486 3932 587 3991 aetatis
600 3916 675 3992 'suae
697 3950 793 4004 anuo,
820 3932 919 3995 deinde
941 3937 969 3996 iu

182 4029 350 4110 episcopum
369 4040 398 4092 et
419 4044 563 4113 pastorem
573 4030 619 4117 (l)
626 4056 636 4107 ;
652 4052 711 4111 quo
731 4033 823 4106 lacto,
843 4035 911 4096 dum
927 4037 970 4097 E·

183 4132 349 4209 vangelium
359 4131 517 4205 diceretur,
530 4136 669 4214 praedicti
681 4135 847 4198 Cardiuales
863 4148 970 4218 septem

181 4227 218 4285 ad
243 4231 359 4289 missam
388 4245 454 4293 sunt
486 4237 616 4311 reversi,
645 4247 792 4298 manentes
811 4256 903 4317 usquc
934 4241 970 4300 ad

182 4326 261 4390 illius
278 4329 375 4405 littam,
398 4334 427 4393 iu
447 4354 504 4413 qua
524 4336 600 4398 dicta
619 4349 660 4400 est
679 4358 765 4419 prosa
780 4341 877 4400 etalia
890 4360 970 4403 more

183 4431 276 4491 solito.

224 4530 279 4591 Die
302 4532 426 4605 veneris,
451 4551 524 4594 nona
551 4535 659 4613 hujus,
683 4542 712 4600 iu
732 4520 844 4605 secreto
873 4548 969 4607 consi·

182 4630 274 4691 sturio
303 4632 454 4711 provisum
473 4627 519 4694 est
540 4656 591 4716 per
621 4639 676 4699 SS.
703 4641 738 4702 D.
770 4643 803 4703 Ν.
826 4645 970 4708 Ecclesiae

182 4729 386 4810 constantien,
396 4752 449 4815 per
468 4736 579 4809 obitum
594 4740 640 4801 bo.
656 4761 711 4804 me.
737 4745 852 4810 Domini
873 4745 970 4810 Otho·

182 4833 227 4893 uis
255 4832 290 4894 de
311 4833 486 4917 Stambergb
512 4841 637 4920 pastoris
665 4853 733 4906 tuuc
759 4847 860 4908 solatio
882 4847 970 4910 desti-

184 4991 967 5023 Μ-

223 5082 259 5142 tt)
276 5102 286 5126 ι
305 5085 360 5146 Quo
377 5092 502 5152 tempore,
514 5093 839 5157 Romae‚Pempeloneasis
851 5100 968 5154 Ecclesia

182 5158 285 5212 Aliensi
307 5165 416 5221 Carrillii
444 5169 516 5221 obitu
535 5186 635 5235 sacua,
651 5174 756 5226 Caesari
779 5178 886 5241 Borgiae
908 5184 969 5232 tuac

181 5237 405 5307 Prothonotario,
430 5249 524 5302 deiude
550 5254 702 5314 Cardioali‚
728 5257 814 5321 pridie
840 5258 899 5310 idus
926 5274 970 5314 se·

182 5321 312 5381 ptembrts
328 5329 508 5381 commendata
525 5337 566 5383 est
581 5355 600 5381 ι.
619 5339 747 5389 martana
763 5337 810 5389 loe.
827 5339 868 5388 cit.

1727 259 1832 363 (raon

1043 411 1132 473 tutae,
1157 400 1191 462 de
1213 418 1335 479 pmsotm
1360 399 1397 460 li.
1417 397 1516 465 Patris
1534 399 1570 462 D.
1594 400 1727 462 Tbomae
1759 400 1829 464 Cilic

1042 503 1167 580 ejusdem
1186 503 1323 563 ecclesiae
1339 501 1505 582 praepositi,
1522 500 1558 561 ad
1571 519 1636 562 eam
1650 520 1703 580 per
1716 501 1831 579 capitu·

1042 605 1104 664 lum
1130 603 1266 664 ecclesiae
1285 603 1375 681 ipsius
1395 603 1550 682 postulati,
1569 611 1599 662 et
1617 611 1771 663 reservata
1789 614 1830 663 est

1042 705 1093 765 sibi
1120 705 1319 784 praepositura
1342 702 1377 761 ad
1401 704 1489 762 vitam
1520 720 1669 768 unacum
1698 700 1826 763 Ecclesia

1044 805 1172 868 teueuda.
1199 805 1307 865 Eadem
1334 803 1399 876 die,
1426 815 1453 866 et
1478 805 1507 864 in
1528 787 1632 866 eodem·
1657 803 1826 865 consistorio

1043 908 1194 988 provisum
1212 918 1256 967 est
1270 925 1321 985 per
1331 904 1452 967 eundem
1468 904 1612 968 Ecclesiae
1622 905 1760 968 Curiansi
1774 903 1834 987 (P),

1044 1019 1113 1068 ωηο
1144 1026 1194 1087 per
1224 1005 1334 1067 obitum
1362 1005 1407 1064 bo.
1438 1024 1523 1066 ruem.
1561 1004 1597 1064 D.
1625 1002 1756 1065 Uttberii
1799 1004 1832 1066 da

1042 1107 1164 1184 Braudis
1178 1107 1278 1167 solutio
1297 1105 1460 1177 destitutae,
1480 1105 1513 1165 de
1532 1105 1709 1186 personali.
1736 1104 1771 1164 P.
1793 1103 1829 1166 D.

1043 1209 1160 1279 Heorici
1182 1204 1216 1269 de
1227 1207 1400 1268 Herroensis
1415 1203 1544 1282 ejusdem
1557 1195 1703 1278 canonici,
1718 1209 1832 1285 Argeu-

1045 1309 1163 1369 tineusis
1182 1307 1352 1368 custodiret
1367 1307 1507 1379 canonici,
1523 1326 1557 1367 ac
1573 1307 1829 1369 Constantieutium

1043 1410 1233 1468 ecclesiarum
1254 1408 1354 1467 decani
1373 1418 1401 1467 et
1418 1406 1548 1466 canonici
1566 1453 1574 1480 ,
1593 1406 1631 1467 ad
1650 1407 1759 1467 dictam
1774 1406 1830 1467 Ee-

1044 1510 1158 1572 clesiam
1174 1510 1291 1571 Curien.
1314 1526 1365 1586 per
1385 1506 1468 1588 illum
1490 1509 1651 1586 capitulum
1670 1506 1831 1579 electilii·

1043 1613 1109 1672 nito
1131 1622 1228 1671 antem
1248 1609 1426 1681 consistorio,
1447 1610 1613 1689 praedictus
1636 1607 1670 1667 8.
1693 1608 1730 1668 D.
1750 1606 1786 1667 Ν.
1807 1609 1830 1667 ia

1043 1710 1237 1771 iulirmitatem
1264 1709 1388 1779 incidit,
1409 1709 1437 1769 in
1463 1719 1547 1770 nocte
1572 1709 1705 1787 sequenti
1728 1725 1829 1787 magna

1048 1811 1121 1872 febri
1150 1822 1298 1891 gravatus.
1325 1809 1465 1870 Dominus
1484 1809 1602 1870 Electus
1631 1809 1831 1870 Constantian-

1042 1915 1081 1973 sis
1101 1913 1146 1985 die
1167 1915 1310 1990 sequenti
1326 1908 1414 1988 hujus
1432 1901 1593 1985 ,'dccima‚
1615 1910 1670 1971 sibi
1699 1929 1831 1972 coronam

1043 2010 1105 2072 lieri
1128 2012 1271 2091 permisit,
1285 2023 1316 2071 et
1333 2010 1482 2072 roccbetto
1503 2012 1544 2071 uti
1565 2011 1705 2090 incoepit,
1719 2028 1756 2071 ac
1770 2021 1830 2088 post

1042 2111 1195 2191 prandium
1211 2111 1247 2170 ll.
1264 2110 1300 2170 D.
1318 2109 1442 2195 Sanctae
1458 2111 1622 2171 Anastasiae
1633 2121 1828 2190 promotorem

1043 2224 1129 2273 suum
1156 2213 1270 2294 primo,
1293 2200 1396 2273 deiude-
1414 2212 1645 2295 Beneventanum
1668 2210 1830 2272 Cardiuales

1044 2315 1185 2374 visitavit.
1207 2313 1262 2374 SS.
1279 2313 1315 2374 D.
1337 2311 1371 2372 Ν.
1394 2314 1511 2375 visitare
1527 2331 1583 2373 nou
1597 2315 1694 2392 potuit
1715 2324 1829 2392 propter

1042 2410 1106 2489 ejus
1143 2411 1364 2473 inlirmitatemc
1398 2431 1471 2492 quas
1500 2414 1681 2475 visitationes
1707 2413 1778 2474 lecit
1803 2414 1828 2474 iu

1042 2513 1177 2572 mantello
1196 2531 1252 2572 non
1281 2513 1309 2571 in
1338 2531 1452 2592 cappa,
1483 2517 1551 2592 quia
1584 2514 1627 2574 sic
1658 2515 1758 2574 visum
1793 2523 1829 2573 est

1042 2613 1190 2692 praedicto
1212 2612 1358 2675 Cardiuali
1380 2612 1503 2673 Sanctae
1520 2614 1687 2673 Anastasius
1710 2627 1826 2694 promo·

1042 2713 1097 2772 tori
1114 2732 1176 2773 suo.
1189 2713 1431 2791 l'isitavitautem
1451 2714 1482 2774 8.
1499 2715 1535 2776 D.
1555 2713 1589 2775 Ν.
1613 2715 1699 2776 Ιηηοο
1723 2714 1828 2776 duode-

1041 2813 1116 2873 eima
1137 2810 1226 2889 hujus
1247 2825 1312 2874 aute
1332 2813 1435 2875 boram
1455 2814 1557 2876 lllissae
1577 2816 1606 2876 lu
1628 2816 1706 2877 lecto
1728 2814 1828 2891 jaceo·

1041 2926 1117 2991 tem,
1132 2934 1148 2974 a
1166 2932 1224 2992 quo
1246 2916 1389 2976 licentiam
1411 2917 1524 2986 habuit,
1539 2916 1618 2996 quod
1635 2916 1672 2978 R.
1696 2913 1735 2977 D.
1757 2917 1827 2980 Car·

1040 3015 1141 3075 dinalis
1174 3014 1371 3078 Uttmonensu
1400 3018 1493 3098 ipsum
1528 3030 1699 3079 consecret:
1731 3015 1827 3098 deiude

1041 3119 1117 3177 veuit
1137 3117 1173 3176 ad
1195 3102 1354 3197 cappellum
1378 3114 1452 3180 idem
1473 3116 1509 3179 D.
1532 3119 1653 3180 Electus
1681 3120 1712 3178 iu
1742 3137 1825 3198 cappa

1039 3219 1197 3301 pontificali
1232 3233 1390 3296 consueta,
1420 3225 1449 3285 iu
1481 3243 1538 3302 qua
1570 3225 1669 3286 locum
1692 3221 1828 3285 Oratoris

1039 3321 1228 3402 imperatoris
1248 3323 1423 3383 observavit.

1085 3422 1238 3482 Dominica
1273 3423 1321 3485 l8.
1355 3423 1458 3484 mensis
1494 3424 1662 3505 septembris
1701 3423 1824 3504 proximi

1038 3524 1213 3601 praeteriti,
1247 3523 1319 3585 Rev.
1351 3524 1438 3586 Pater
1465 3523 1513 3595 D..
1529 3524 1648 3585 Gabriel
1676 3526 1824 3604 episcopus

1038 3621 1172 3684 Adiacen.
1196 3624 1378 3685 consecravit
1410 3626 1560 3686 ecclesiam
1588 3625 1687 3687 Sancti
1716 3627 1819 3688 iuliani

1040 3723 1187 3802 hospitalis
1207 3724 1360 3785 Flandreu.
1383 3725 1418 3786 dc
1436 3724 1517 3787 Urbe
1539 3744 1607 3786 cum
1636 3727 1733 3788 tribus
1751 3730 1824 3789 alta·

1040 3824 1132 3895 ribus,
1155 3823 1289 3884 videlicet
1312 3821 1444 3900 majore,
1466 3837 1494 3886 et
1520 3829 1548 3886 iu
1570 3826 1712 3889 bonorem
1730 3829 1826 3889 Sancti

1039 3925 1160 3996 iuliani,
1181 3924 1210 3987 in
1233 3941 1291 4001 quo
1312 3928 1442 4004 reposuit
1463 3928 1603 4006 reliquias
1625 3926 1727 3990 Sancti
1755 3929 1826 3991 Gre-

1039 4026 1116 4106 gorii
1141 4027 1247 4106 Papae,
1262 4015 1296 4086 'et
1308 4020 1457 4089 vPra'tredis
1478 4028 1615 4108 Virginis,
1637 4030 1714 4105 alio,
1731 4031 1769 4090 ad
1788 4031 1826 4091 si-

1039 4129 1159 4188 nistram
1181 4128 1313 4186 intrantis
1335 4127 1442 4188 dictam
1457 4130 1625 4202 ecclesiam,
1641 4129 1670 4190 iu
1686 4130 1823 4196 honorem

1037 4229 1243 4308 Apostolorum
1265 4227 1345 4288 Petri
1372 4239 1401 4289 et
1430 4229 1538 4303 Pauli,
1557 4230 1588 4289 iu
1620 4248 1680 4308 quo
1700 4233 1826 4312 reposuit

1037 4329 1177 4407 reliquias
1194 4327 1225 4388 8.
1243 4328 1354 4390 Urbani
1370 4329 1475 4409 Papae,
1494 4341 1522 4391 ct
1545 4331 1685 4406 martiris,
1700 4341 1730 4392 et
1754 4333 1825 4393 San·

1038 4440 1100 4491 ctae
1119 4431 1246 4509 Agnetis,
1257 4431 1342 4491 tertio
1356 4431 1485 4512 opposito
1504 4432 1627 4493 securmo
1641 4432 1671 4492 in
1687 4432 1824 4496 bonorem

1037 4532 1071 4592 B.
1091 4531 1199 4592 lilariee
1215 4533 1363 4612 Virginis,
1387 4534 1415 4592 iu
1445 4553 1504 4612 quo
1525 4536 1656 4616 reposuit
1687 4538 1825 4616 reliquias

1038 4631 1070 4691 S.
1092 4632 1244 4704 Valentini,
1264 4644 1293 4695 et
1317 4633 1468 4694 Hermolai
1496 4621 1751 4715 presbyterorum,
1782 4653 1823 4696 ma

1038 4741 1185 4810 praesente
1204 4744 1232 4794 et
1251 4735 1447 4814 ministrante:
1469 4746 1497 4796 et
1516 4736 1686 4811 observarit
1708 4738 1738 4797 in
1769 4738 1821 4796 bu·

1035 4819 1164 4910 jusmodi
1190 4835 1403 4897 consecratione
1428 4836 1522 4897 omnia
1545 4848 1634 4917 prout
1656 4839 1687 4899 ia
1710 4837 1823 4919 pontifi·

1038 4936 1094 4996 cali
1105 4956 1116 5008 3
1136 4946 1166 4997 et
1186 4955 1220 4996 ea
1241 4935 1320 4997 tntu
1342 4938 1501 5000 celebravit
1526 4939 1643 5001 lllissam
1671 4944 1821 5003 solemnem

1078 5181 1224 5244 lutearia,
1241 5183 1328 5247 Cbor,
1345 5184 1415 5237 ltalis
1431 5187 1526 5249 Coie,
1543 5187 1609 5240 Urbs
1631 5189 1757 5243 ltbaetiac
1774 5192 1822 5255 pri·

1037 5264 1119 5314 maria
1136 5262 1170 5311 ad
1186 5263 1302 5314 ananum
1313 5264 1374 5315 ssav.
1391 5267 1643 5331 intercluserunt,
1654 5269 1818 5335 Brigantium.

1037 5343 1160 5407 'ligurum
1178 5348 1204 5393 et
1221 5342 1411 5408 Constantiam.
