3780 6030
184 254 225 312 68
680 245 965 312 POllTlFchTUS
986 247 1208 311 tnn'oountn
1227 247 1378 310 octavi.

150 404 154 411 ·
184 398 251 449 tuor
274 397 444 449 manserunt
464 404 515 466 pet·
539 388 625 460 riam,
647 386 695 446 alii
717 395 825 465 septem
838 394 975 464 expecta·

184 500 255 549 runt
276 488 304 547 in
325 488 471 559 baccano,
483 505 634 564 quousque
654 484 815 547 cardinalis
836 483 973 562 nudequ-

185 589 279 652 rensia
299 607 354 650 suo
374 587 477 650 ordine
496 587 608 649 Urbem
627 583 790 646 intraverit.

224 690 310 752 Faria
331 700 453 767 quarta,
475 705 548 747 notu
568 671 636 746 dicti
658 685 762 746 mensis
783 682 923 744 februarii
945 680 975 740 in

184 808 283 862 inane,
302 787 499 850 veneruntad
521 772 726 846 monasterium
746 782 850 842 Deatm
867 779 976 841 idat-iae

183 893 218 950 de
239 890 351 970 Populo
373 906 470 948 onitas
491 885 657 948 cardinales
681 896 709 945 et
731 883 835 944 ibidem
856 879 975 961 praeie-

183 1003 246 1052 tum
267 990 450 1053 cardinalem
477 988 713 1066 Andegat‘ensem
745 983 915 1061 recipientes
944 999 975 1041 se

184 1074 410 1170 congregarunt.
433 1085 578 1148 Omnibus
598 1084 782 1164 congregatis
802 1082 896 1160 ipsum
911 1085 975 1140 dn-

184 1192 372 1269 degavensem
393 1186 521 1247 medium
543 1187 616 1246 inter
637 1185 710 1246 duos
731 1186 840 1264 pritnos
865 1183 975 1243 Diaco-

184 1308 235 1351 nos
257 1285 423 1350 Cardinales
442 1291 471 1347 in
490 1287 596 1348 ultimo
616 1288 682 1347 loco
702 1286 862 1362 equitantes
883 1300 976 1360 usque

183 1388 221 1448 ad
242 1387 384 1449 Palatium
406 1386 443 1447 ad
464 1386 631 1467 cappellam
649 1385 749 1451 Sancti
769 1383 878 1446 llieolai
893 1403 976 1445 asso·

185 1491 318 1560 cierunt,
338 1488 388 1549 ott
404 1531 414 1560 ,
433 1506 468 1547 eo
491 1489 564 1548 inter
586 1486 659 1547 duos
683 1484 815 1564 juniores
834 1485 977 1545 Diaconos

184 1590 298 1661 relicto,
320 1587 368 1648 alii
386 1604 486 1647 omnes
508 1588 655 1647 intrarunt
675 1587 710 1645 ad
725 1583 908 1656 Pontificem,
925 1582 977 1661 qui

185 1686 286 1750 deinde
301 1687 337 1746 ad
358 1687 509 1767 pubiicum
524 1687 735 1748 consistorium
750 1688 872 1767 venitin
889 1685 975 1746 tertia

184 1791 252 1850 aula
270 1788 340 1849 dicti
356 1788 455 1867 palatii
475 1777 691 1859 celebrandum,
706 1788 734 1847 in
751 1806 810 1865 quo
826 1788 885 1866 ipse
899 1784 976 1846 Cot·-

185 1889 288 1949 diunlis
297 1887 511 1967 andegavensis
522 1899 655 1966 receptus
665 1899 707 1947 est
719 1906 801 1948 more
815 1886 901 1946 solito
915 1882 971 1967 (l).

228 1991 336 2055 Eadem
348 1988 404 2063 die,
417 1988 496 2048 circa
510 1988 614 2049 boram
631 2004 697 2048 xxi.
712 1984 976 2047 intraruntUrbent

184 2111 236 2171 per
258 2102 376 2171 portam
397 2087 534 2149 viridarii
553 2099 661 2167 septem
682 2087 731 2147 elii
753 2084 902 2148 Oratores
918 2085 975 2147 Se·

185 2190 286 2252 renim.
299 2189 388 2267 Regis
406 2188 546 2250 Ftuttciae
566 2187 603 2247 od
622 2187 823 2267 praestandam
835 2185 977 2248 obedien·

184 2291 253 2350 tiatn
276 2289 308 2349 S.
328 2288 365 2349 D.
387 2286 422 2347 Ν.
443 2287 531 2361 missi,
554 2287 661 2365 quibus
683 2287 807 2348 familiae
827 2286 859 2346 S.
880 2285 917 2345 D.
940 2283 975 2345 Ν.

184 2409 218 2452 ac
231 2390 268 2450 li.
287 2389 480 2451 Domitiorum
490 2386 690 2469 cardinalium
702 2386 820 2447 obviam
835 2398 976 2449 venerunt

184 2505 214 2554 et
231 2510 280 2554 eus
301 2490 483 2551 sauciarunt
498 2507 579 2549 more
594 2488 693 2548 solito:
707 2486 757 2548 sed
775 2499 805 2547 et
820 2486 856 2546 tt.
871 2486 977 2546 Domi-

185 2610 239 2653 nus
260 2589 422 2652 Cardimlis
442 2587 652 2666 burdegal-uisis
681 2587 757 2647 uenit
784 2586 976 2664 personaliter

184 2709 277 2770 usque
297 2700 378 2751 extro
398 2687 702 2768 portampraedietam
713 2686 813 2757 Urbis,
829 2684 879 2745 ubi
894 2681 977 2745 Ora·

185 2803 264 2854 tores
285 2793 361 2873 ipsos
379 2789 554 2868 expectavit,
568 2806 602 2849 ae
613 2789 752 2867 primum,
769 2785 819 2864 qui
839 2784 898 2845 luit
915 2783 976 2846 Co·

188 2911 248 2953 mos
280 2889 403 2961 Delbni,
425 2891 535 2971 recepit
561 2906 643 2949 more
663 2888 749 2948 solito
768 2904 842 2947 aco
869 2883 977 2945 dextris

184 2991 309 3072 ejusdem
341 2990 461 3054 cernitis
491 2989 632 3067 equitavit
665 3008 757 3067 usque
787 2987 823 3046 od
857 2985 977 3045 domum

183 3112 283 3173 suam,
300 3093 357 3155 boe
377 3101 421 3153 est
441 3090 531 3170 ipsius
551 3090 736 3162 cardinalis3
753 3088 804 3148 alii
822 3104 870 3147 sex
890 3085 977 3164 equi·

185 3206 286 3256 terunt
302 3193 410 3272 singuli
431 3193 505 3253 inter
525 3192 597 3253 dnos
618 3192 762 3272 praelatos
783 3188 906 3260 Palatii,
926 3186 977 3248 alii

184 3301 259 3356 inter
281 3295 443 3374 praelatum
464 3292 568 3353 Palatii
589 3312 606 3352 a
628 3293 758 3365 dextris,
777 3303 805 3353 et
829 3308 978 3364 onumen

184 3396 267 3456 dietis
286 3392 461 3455 Oratoribus
482 3395 511 3453 in
532 3392 662 3454 Romana
676 3377 765 3454 curia
787 3389 975 3452 residentibus

184 3514 200 3553 a
221 3494 352 3554 sinistris.
373 3493 437 3553 lior
458 3493 558 3555 ordine
578 3495 748 3572 equitarunt
764 3490 907 3574 usquead
920 3490 976 3551 do·

186 3612 268 3655 atum
299 3590 461 3654 cardinalis
488 3586 728 3671 *Andegerensin
758 3591 806 3651 ttbi
836 3591 977 3652 remansit

186 3694 427 3755 cardinaliaeum
441 3682 549 3752 familia
563 3709 617 3753 sua
637 3710 686 3751 seu
709 3690 789 3750 illius
804 3700 894 3769 parte.
916 3688 977 3751 Co·

188 3813 248 3856 mes
271 3813 343 3854 vero
362 3804 391 3853 et
412 3792 462 3853 alii
482 3811 531 3852 set
549 3790 689 3852 Oratores
710 3790 832 3870 praelati
847 3789 979 3851 associati

188 3895 308 3956 luerunt
325 3892 427 3954 ordine
447 3893 532 3952 solito
554 3911 571 3951 u
591 3892 742 3972 praelatis,
763 3902 791 3950 et
812 3890 874 3951 aliis
896 3887 978 3950 Ora-

186 3994 299 4057 toribus
321 4010 417 4073 mque
434 3994 470 4053 ed
493 3993 611 4054 motum
633 4011 688 4071 pro
706 3992 881 4052 habitatione
895 3987 977 4067 ejtts·

187 4096 252 4158 dam
272 4095 393 4158 comitis
414 4097 626 4175 praeparatam,
644 4095 766 4173 positam
781 4110 838 4153 non
859 4092 977 4169 longea

92 4261 93 4264 ,
187 4197 328 4270 biinerre,
344 4194 404 4267 ubi,
423 4197 496 4256 setis
516 4193 629 4273 gratiis,
648 4204 827 4254 recesserunt
840 4202 978 4253 consueto

191 4296 336 4359 Oratores
352 4292 528 4372 hujusmodi:
543 4294 659 4355 Primus
678 4294 692 4352 i
693 4293 736 4354 uit
747 4292 906 4354 cardinalis
916 4288 983 4352 tm

187 4397 365 4477 degarensis,
377 4408 409 4457 ut
422 4395 594 4474 praefertur.
617 4395 768 4456 Secundus
789 4394 892 4456 Comes
906 4394 979 4455 Del-

187 4496 246 4559 fini.
259 4495 375 4558 Tertius
390 4495 424 4553 il.
444 4495 659 4574 'Dlipisoopus
671 4495 862 4556 Attraicensis
877 4492 977 4564 Ouar-

190 4609 236 4659 tus
247 4609 275 4660 et
285 4599 416 4676 quintus,
428 4594 681 4658 Commendatot·es
692 4596 978 4659 duorumdomorom

187 4697 393 4777 religiosarum
404 4694 523 4757 Ordinis
537 4695 639 4756 Sancti
648 4696 775 4770 Antonii,
788 4697 902 4757 sirecte
913 4713 978 4756 ιιιο-

187 4799 266 4859 mini.
300 4796 405 4859 Sextus
424 4809 453 4858 et
473 4796 615 4876 septimus
634 4795 801 4857 consiliarii
819 4795 853 4857 de
872 4795 977 4855 Parla-

186 4909 282 4961 mento
315 4895 493 4971 Parisiensi,
524 4907 647 4958 eeteros
673 4884 856 4958 Secretmius
889 4895 977 4975 Regis

185 4997 340 5059 armeus·
351 4995 397 5058 -Et
414 5009 485 5058 nuta
504 4997 583 5077 quod
603 4996 766 5058 cardinalis
784 4997 978 5075 audegaven-

872 5159 979 5168 ——0

227 5247 261 5303 tt)
280 5241 317 5293 Dc
334 5242 410 5293 Cord.
436 5243 635 5306 andegavensis
661 5244 789 5308 legatione
811 5229 902 5294 contar
924 5246 975 5307 Ap·

187 5323 264 5386 pand.
812 5333 815 5338 ·

1722 247 1830 331 (itaut

1045 384 1083 443 sis
1097 402 1131 445 ert
1146 385 1273 464 proprie-
1284 382 1473 455 authoritate,
1486 392 1601 462 praeter
1612 386 1726 448 -settom
1737 394 1770 444 et
1780 402 1832 444 or·
1886 389 1887 394 ’

1042 481 1216 545 dinationem
1238 484 1270 543 S.
1291 481 1327 541 D.
1351 480 1459 555 Nostri,
1474 493 1507 541 ut
1527 482 1703 562 praefertur,
1716 483 1832 551 obrhm

1044 585 1124 644 renit
1138 583 1241 645 cainiti
1254 582 1400 664 praelum
1414 581 1448 644 de
1462 600 1522 661 quo
1540 584 1568 643 in
1588 601 1623 644 ao
1641 602 1658 643 a
1673 584 1833 663 quamplu-

1044 685 1125 744 ribus
1145 702 1201 743 non
1223 684 1371 758 immerito
1389 681 1580 761 reprehensus
1602 682 1666 743 iuit.
1761 702 1765 712 ·

1085 785 1171 845 Faria
1191 794 1281 854 senta,
1303 799 1349 843 ιιι.
1364 783 1432 843 dieti
1455 784 1558 843 nantis
1578 782 1731 854 februarii,
1753 800 1834 845 mooe

1044 896 1109 945 onte
1128 883 1240 942 batam
1251 883 1430 955 consistorii,
1448 881 1551 944 comes
1566 880 1671 956 Delbni
1687 901 1759 944 eum
1773 884 1835 944 aliis

1043 1003 1078 1046 ex
1088 981 1264 1044 Oratoribus
1273 983 1461 1062 collegissttis
1481 985 1559 1044 seuit
1572 983 1608 1042 ad
1626 983 1749 1044 ιιιιιιιιιιιι
1757 983 1833 1045 Car·

1045 1082 1146 1143 dinalis
1165 1082 1405 1161 indagarensis,
1437 1100 1505 1144 eum
1524 1102 1584 1161 quo
1601 1084 1772 1162 equitarunt
1797 1083 1835 1144 at

1044 1182 1202 1254 retortum,
1221 1180 1323 1243 Comes
1344 1183 1502 1243 asinistris
1522 1183 1702 1257 carditalis,
1721 1194 1752 1245 et
1771 1194 1836 1264 post

1044 1302 1093 1343 eus
1108 1282 1156 1342 alii
1173 1279 1314 1342 Oratores
1325 1301 1370 1361 pr.
1381 1282 1558 1356 suoordine,
1568 1284 1702 1345 associati
1716 1303 1736 1343 a
1748 1301 1835 1363 prae·

1045 1383 1109 1443 lotis
1130 1383 1454 1462 quampluribus-ipsos
1473 1384 1703 1457 bomtanubus,
1731 1403 1767 1445 ae
1788 1385 1835 1444 ia·

1044 1485 1121 1545 milia
1142 1484 1175 1544 S.
1197 1483 1233 1543 D.
1246 1483 1282 1544 Ν.
1299 1502 1334 1543 ae
1356 1485 1492 1565 praelatis
1502 1484 1615 1558 Palatii,
1632 1488 1694 1564 qui,
1705 1486 1744 1549 ad
1760 1505 1830 1564 per·

1043 1587 1203 1646 suasionem
1222 1585 1347 1665 episcopi
1368 1584 1558 1646 Tornacensis
1579 1604 1629 1645 seu
1651 1586 1750 1658 eiecti,
1765 1604 1833 1667 pos-

1043 1689 1194 1748 sessionem
1228 1686 1373 1747 Ecclesiae
1394 1703 1464 1749 suae
1486 1686 1640 1747 lareribus
1665 1686 1833 1766 hujusmodi

1044 1788 1157 1865 assequi
1176 1786 1379 1859 desiderantis,
1400 1770 1517 1865 praeter
1536 1785 1775 1848 eomuetudioem
1800 1805 1834 1847 aa

1034 1886 1132 1948 'bonas
1153 1887 1345 1949 caerimonias
1363 1888 1400 1947 ad
1421 1887 1477 1949 boe
1500 1899 1658 1962 renerunt3
1676 1887 1833 1949 desemda·

1045 1999 1115 2048 runt
1143 2005 1178 2047 ex
1207 1989 1289 2066 equis
1309 1988 1339 2047 io
1360 1987 1474 2049 Palatio
1498 1990 1525 2048 iu
1547 2007 1583 2049 eo
1609 1989 1693 2062 meo,
1720 1990 1751 2048 io
1776 2006 1834 2066 qao

1044 2088 1212 2151 cardinales
1233 2088 1528 2159 descendereselent,
1549 2100 1578 2150 et
1597 2089 1658 2149 illic
1677 2107 1714 2150 eo
1734 2088 1836 2158 ordine

1043 2199 1073 2250 et
1091 2188 1199 2262 simili,
1217 2201 1250 2251 ut
1272 2200 1434 2261 venerunt,
1455 2189 1635 2251 ascendentes
1654 2190 1691 2249 ad
1714 2192 1836 2270 ριίιιιιιιι

1045 2288 1184 2370 mojorem
1198 2291 1296 2349 oolam
1311 2288 1414 2349 Palatii
1430 2292 1461 2350 et'
1471 2289 1511 2348 ab
1528 2290 1585 2349 alia
1604 2302 1688 2370 perte
1715 2290 1835 2352 desueu-

1045 2390 1152 2464 dentes,
1168 2388 1362 2451 veneruntad
1375 2390 1472 2453 aulum
1487 2406 1684 2463 camerarum,
1699 2392 1763 2450 sire
1778 2389 1833 2452 ca·

1046 2509 1143 2553 metae
1164 2484 1403 2571 Apostolicorum
1424 2509 1493 2569 qua,
1511 2491 1633 2553 diodone
1646 2492 1704 2553 illis
1725 2502 1832 2572 septem

1046 2588 1222 2653 Oratoribus
1244 2592 1372 2669 collegis·
1384 2592 1454 2664 suis,
1473 2590 1634 2654 Cardinalis
1654 2592 1785 2654 mcertdit
1800 2590 1834 2651 ed

1045 2711 1190 2753 canmrsm
1216 2692 1364 2772 Popagolli
1394 2690 1562 2754 Potuiiieem
1582 2705 1756 2774 exportans,
1786 2693 1833 2772 qui

1045 2811 1150 2874 parum
1185 2805 1271 2875 post,
1293 2811 1410 2856 cantura
1436 2813 1488 2856 sua
1515 2796 1630 2868 exiens,
1652 2797 1725 2857 illuc
1760 2795 1833 2858 venit

1045 2906 1213 2974 pat-amenta
1234 2907 1428 2974 recepturos,
1449 2908 1481 2957 nt
1504 2897 1532 2956 in
1554 2895 1710 2975 publicum
1730 2895 1834 2958 Consi·

1046 2996 1171 3056 sterium
1189 2997 1308 3058 reniret.
1324 2997 1443 3063 interitu
1458 2989 1523 3059 orta
1544 3009 1587 3059 est
1603 2998 1677 3060 inter
1691 2999 1738 3061 lll.
1752 2997 1836 3060 Prio-

1046 3098 1118 3177 eipis
1150 3096 1312 3158 Sabaudiue
1341 3109 1370 3158 et
1399 3096 1551 3159 deuotast
1577 3097 1670 3158 Ducis
1697 3095 1835 3160 Oratores

1045 3217 1134 3279 super.
1153 3198 1351 3278 praecedentia
1374 3199 1516 3277 quaestio,
1543 3215 1595 3260 seo
1622 3198 1769 3259 diuturne
1790 3217 1835 3259 re·

1046 3311 1167 3371 novnta,
1185 3317 1242 3378 qua
1257 3318 1309 3379 per
1326 3300 1546 3361 Sanctisslmum
1563 3300 1599 3360 D.
1618 3297 1652 3359 Ν.
1675 3301 1834 3370 intellecta,

1046 3400 1192 3461 ordinarit
1202 3413 1231 3461 et
1248 3400 1395 3461 mandarit
1405 3401 1438 3463 S.
1450 3401 1511 3462 Sua
1530 3400 1608 3479 quod
1619 3419 1674 3480 pro
1688 3399 1748 3461 boe
1758 3417 1835 3460 mane

1047 3498 1157 3562 Orator
1168 3500 1257 3560 Ducis
1269 3500 1420 3562 Mediolani
1432 3504 1529 3563 locutu
1541 3501 1624 3562 daret
1635 3498 1835 3573 Sabaudiemi,

1045 3613 1074 3661 et
1090 3601 1167 3678 quod
1187 3601 1318 3680 deinceps
1330 3602 1478 3662 alternatis
1496 3601 1605 3661 tisibus
1625 3600 1768 3673 uenirent,
1783 3618 1834 3660 uns

1046 3698 1091 3760 die
1103 3697 1244 3760 Oratores
1256 3699 1481 3773 Mediolani,alia
1493 3701 1712 3776 Subuudieuses3
1723 3702 1772 3762 cui
1781 3720 1833 3761 ore

1047 3800 1181 3862 dinatioui
1200 3801 1415 3882 biediolaaeosis
1440 3802 1571 3882 parendo
1588 3802 1718 3872 messit,
1739 3800 1834 3863 etalii

1048 3901 1145 3962 locam
1161 3900 1246 3961 dedit.
1258 3899 1367 3962 Deinde
1379 3901 1434 3962 SS.
1446 3888 1587 3962 Dominus
1599 3912 1706 3974 noster,
1720 3911 1836 3981 paratus

1048 4020 1130 4062 more
1151 4002 1249 4075 solito,
1266 4002 1392 4063 tenit‘ad
1413 4002 1567 4084 publicum
1578 4001 1789 4064 consistorium
1811 4003 1836 4061 iu

1042 4103 1193 4181 primum,
1214 4099 1357 4180 majorem
1378 4103 1512 4173 videlicet
1528 4147 1540 4176 ,
1557 4104 1655 4165 aulam
1671 4101 1773 4164 Palatii
1784 4121 1837 4182 pro

1048 4201 1165 4283 publico
1178 4202 1356 4264 Caesistorio
1376 4215 1590 4283 praeparatam.
1603 4205 1649 4264 ‘ln
1666 4223 1737 4282 quo,
1762 4205 1836 4265 laeta

1047 4324 1100 4384 per
1110 4304 1277 4365 Cardinales
1289 4303 1623 4385 ¹rerere'ntia‘eonsueta',
1635 4304 1784 4383 proposita
1795 4314 1836 4364 est

1048 4424 1146 4479 causa,
1168 4416 1200 4464 ut
1222 4403 1310 4464 moris
1331 4415 1376 4464 est
1386 4426 1396 4477 3
1419 4417 1559 4466 venerunt
1579 4404 1614 4463 od
1633 4398 1710 4464 idem
1730 4401 1835 4465 cnosi-

1047 4508 1199 4569 storiuma
1214 4504 1354 4584 praelatis
1366 4522 1448 4566 more
1469 4504 1554 4573 solito
1568 4489 1719 4575 moesiam
1731 4503 1836 4566 eona

1046 4602 1151 4664 Dellini
1179 4616 1209 4664 et
1234 4602 1283 4662 alii
1307 4623 1354 4666 ses
1385 4600 1528 4664 Oratores
1553 4621 1598 4683 pr.
1622 4603 1760 4683 'collegae
1780 4604 1836 4676 soi,

1047 4703 1153 4781 quibus
1178 4703 1275 4762 auiam
1302 4703 1470 4767 consistorii
1491 4700 1739 4783 ingredientibus,
1763 4700 1836 4782 pro·

1048 4806 1130 4868 remit
1146 4803 1182 4864 ad
1198 4802 1367 4866 Pontificem
1386 4804 1549 4868 coodioalis
1562 4803 1785 4884 indagaveosis
1801 4803 1837 4864 ad

1046 4905 1163 4966 solitum
1180 4905 1254 4983 ipsos
1273 4902 1418 4965 Oratores
1432 4906 1559 4985 eollepm
1570 4923 1654 4967 auos·
1664 4905 1772 4968 ibidem
1785 4925 1837 4967 es·

1046 5016 1172 5085 pectam.
1193 5002 1306 5073 Quibus
1324 5003 1493 5091 ¹orrttsibm,
1513 5005 1667 5067 cardinale
1693 5018 1817 5087 excepto

1046 5107 1086 5166 od*
1103 5105 1202 5188 pedis,
1226 5123 1337 5181 munus,
1358 5117 1386 5167 et
1407 5090 1467 5167 oris
1485 5108 1636 5182 osculum,
1659 5126 1744 5169 more
1765 5126 1820 5169 coo

1046 5219 1128 5285 sueto
1149 5207 1284 5288 receptis,
1296 5207 1458 5270 cardinalis
1470 5194 1529 5288 ipse
1551 5202 1747 5288 praesentarit
1758 5209 1814 5268 Pr·

1048 5308 1116 5369 t-iiici
1138 5310 1238 5370 literas
1250 5307 1340 5385 Regis
1356 5306 1496 5387 praedicti
1515 5310 1542 5368 iu
1563 5309 1750 5372 Fratteorotu
1765 5328 1784 5369 ιι
1810 5338 1814 5361 ι
