3780 6030
51 276 164 361 (ιιιι)

51 412 215 474 cardinalis
228 409 312 489 eujus
324 423 407 473 erant
419 412 640 491 reponebantur.
656 410 724 490 ligo
739 412 785 474 rel
797 431 847 472 so·

52 514 114 575 cius
134 531 233 584 tneus,
255 511 444 573 emeleristas
469 512 547 573 illius
568 511 740 585 cardinalis,
759 508 846 588 ,eujus

50 625 117 675 erat
130 623 255 687 cornuta
268 613 447 685 roearlmus,
458 613 561 691 quibus
572 628 641 673 eum
651 630 704 673 sua
718 623 844 673 aurosus

51 731 146 774 rmus
166 710 396 782 advenientibus,
417 714 519 791 aperui
539 713 711 791 sportellam
730 711 796 773 ostii
808 710 845 772 ab

51 814 139 882 intus,
150 822 178 873 et
189 813 233 873 illi
247 811 283 874 de
301 821 406 888 quarta
427 810 556 872 custodia
574 812 611 872 ab
622 823 716 884 extra,
727 823 756 873 et
771 830 844 873 cou-

51 913 190 975 claristae
209 911 263 994 ipsi
280 912 318 971 ab
332 915 419 984 intra,
433 896 752 975 cornutascuslodlbus
766 932 841 993 por·

50 1012 206 1091 rigebant,
227 1012 299 1088 qui,
317 1022 417 1091 aperta
439 1024 575 1084 cornuta,
595 1013 710 1091 singula
734 1030 770 1073 ex
791 1012 842 1072 iila

50 1110 218 1183 trahentes,
246 1110 387 1190 ponebant
414 1129 502 1190 supra
537 1130 658 1191 parvam
693 1130 844 1185 tueusam,

50 1211 156 1274 ibidem
164 1209 248 1288 juxta
269 1213 375 1272 ostium
397 1213 543 1273 concissis
564 1225 777 1293 praeparatam,
794 1211 842 1273 ubi

50 1330 125 1374 unus
141 1313 317 1386 custodum,
328 1331 380 1392 per
395 1313 466 1373 alios
484 1313 522 1371 ad
536 1313 595 1375 boc
608 1314 769 1394 deputatus,
793 1335 843 1377 re·

47 1412 187 1493 spiciebat
217 1412 330 1491 singula
365 1414 505 1474 solvendo
526 1413 600 1475 sessa
620 1416 701 1493 panis
726 1425 757 1476 et
783 1417 841 1475 mi-

48 1524 172 1582 usstras,
187 1513 341 1591 aperiendo
361 1515 479 1591 pullos,
497 1512 650 1576 scindendo
671 1532 794 1587 carnes,
813 1527 843 1576 et

46 1630 133 1692 panes
150 1658 160 1687 ,
180 1623 209 1673 et
230 1624 348 1685 tortas,
364 1613 413 1672 ubi
434 1613 501 1693 ipsis
523 1615 694 1689 ridebatur,
715 1635 751 1677 ae
772 1636 842 1696 per·

44 1713 193 1794 spiciendo
217 1713 307 1786 vitra,
329 1712 391 1774 sire
412 1714 531 1775 caradas
557 1713 623 1777 vini.
647 1713 719 1776 Nam
742 1716 840 1776 vinum

45 1831 102 1872 non
125 1814 155 1871 in
176 1811 301 1886 llascbis,
316 1824 367 1871 aut
379 1813 408 1872 in
420 1831 606 1893 quocumque
624 1817 682 1876 aiio
697 1835 777 1887 raso,
791 1817 839 1878 sed

46 1914 73 1972 in
92 1912 175 1972 sitris
191 1912 359 1992 discunentis
375 1913 555 1988 mittebatur,
576 1917 636 1975 sive
657 1916 838 1996 portebatur.

46 2000 202 2073 blineslrae
220 2032 290 2073 reru
309 2014 451 2093 inperiis
470 2017 535 2076 ollis
557 2028 590 2078 ut
608 2019 769 2097 plurimum
785 2019 839 2078 da·

46 2112 162 2173 bantur.
175 2111 298 2190 Singula
312 2132 364 2192 per
379 2132 429 2175 eos
450 2113 520 2178 bene
544 2118 619 2190 risa,
632 2117 711 2177 nobis
728 2119 840 2178 clericis

47 2219 278 2277 ceremoniarum
310 2217 443 2277 custodes
465 2218 518 2298 ipsi
546 2221 751 2300 porrigebant,
785 2241 838 2303 per

48 2315 219 2396 sportellam
240 2316 314 2375 ostii.
343 2315 399 2377 Nos
422 2338 492 2379 vero
514 2319 562 2380 iila
595 2321 762 2402 recipientes
783 2342 838 2402 po·

47 2416 158 2475 suinrus
179 2407 267 2496 supra
290 2416 465 2477 credentiam
486 2430 615 2480 nostram
629 2439 776 2499 magnam,
789 2421 838 2481 ubi

47 2515 239 2574 conclaristae
256 2516 454 2595 expectabant,
467 2519 556 2594 stilla
579 2520 765 2598 recipiebant,
781 2540 837 2601 po·

49 2625 144 2674 nentes
166 2614 195 2673 in
217 2632 269 2674 sua
292 2627 428 2687 cornuta,
452 2636 539 2696 quam
570 2619 608 2678 ibi
631 2619 762 2682 tenebant
782 2639 838 2699 pa-

48 2724 151 2787 ratam,
172 2731 240 2774 cum
262 2733 319 2792 qua
341 2719 434 2776 otnaia
457 2719 494 2778 od
515 2737 644 2783 cameras
672 2741 740 2781 suas
763 2702 836 2803 por·

47 2814 144 2875 tabant
153 2836 164 2884 ς
177 2832 245 2876 curn
262 2817 290 2875 ln
312 2836 378 2878 sero
400 2808 509 2878 cibaria
533 2821 661 2882 venirent
672 2813 725 2902 pro
737 2842 836 2897 coena,

47 2916 238 2976 conclaristae
251 2917 427 2996 exponebant
447 2938 515 2978 rasa
535 2933 672 3001 argentea
688 2934 715 2984 et
735 2926 837 2998 vitrea,

47 3033 129 3092 quae,
144 3017 172 3074 in
185 3033 266 3096 mane
284 3008 467 3096 acceperant,
484 3038 572 3105 super
592 3020 765 3083 credentiam
782 3020 836 3091 n'o-

46 3127 137 3177 stram
157 3114 187 3174 in
209 3117 356 3189 conclavi,
376 3129 405 3178 et
425 3137 480 3197 ego
502 3120 552 3180 illa
574 3123 759 3184 restituebam
781 3143 836 3203 pa-

46 3214 230 3277 relraenariis
244 3216 282 3275 ab
302 3228 383 3276 extra
398 3219 612 3296 expectantibus
626 3239 728 3280 vacua.
745 3222 836 3284 Panes

44 3315 130 3387 enim,
150 3325 180 3374 et
202 3314 279 3386 siria,
294 3332 328 3373 ac
350 3333 450 3377 earnes
465 3319 563 3400 salsas,
576 3330 604 3379 et
620 3321 675 3380 alia
691 3340 765 3400 quae
780 3342 835 3402 po·

46 3423 138 3475 terant
160 3418 344 3490 conservari,
367 3437 417 3478 tros
439 3419 537 3479 clerici
560 3425 789 3484 ceremoniarum
806 3426 835 3485 in

46 3535 110 3577 rasa
132 3527 242 3590 nostra,
264 3535 337 3596 quae
357 3517 396 3579 ad
413 3518 521 3580 boc'in
543 3522 710 3582 conclavem
731 3534 835 3601 porta·

44 3617 149 3690 rimus,
171 3620 375 3696 reposuimus3
401 3631 588 3698 portatorem
609 3623 684 3682 enim
708 3641 833 3700 parvum

44 3716 224 3779 butticeliunt
235 3737 290 3797 pro
307 3721 373 3779 vino
387 3720 559 3798 colligendo,
571 3732 599 3783 et
612 3739 699 3781 unam
718 3740 832 3802 capsam

44 3833 178 3896 maguam
199 3835 254 3897 pro
273 3835 344 3897 pane
370 3829 398 3878 et
420 3817 596 3898 hujusmodi,
610 3840 698 3900 quam
717 3823 832 3902 reposui

45 3918 69 3977 ia
91 3935 211 3978 camera
233 3917 423 3990 medicorum,
439 3938 490 3998 per
512 3938 599 3996 quam
622 3922 718 3982 ibatur
734 3922 771 3982 ud
786 3924 833 3983 la-

44 4021 131 4079 trinas
157 4018 187 4077 in
211 4018 332 4095 angulo,
353 4017 430 4077 circa
453 4018 559 4078 ostium
585 4023 739 4082 conclavis.
768 4022 830 4081 atis

44 4130 149 4191 autern,
172 4118 280 4178 seilicet
302 4117 480 4190 minestrnm,
502 4137 634 4194 caraem,
659 4124 719 4182 sire
740 4123 830 4201 pisces

45 4230 196 4289 recentes,
218 4228 248 4277 et
266 4199 377 4278 ¹similia
399 4229 479 4278 extra
503 4218 635 4299 dedimus
662 4221 830 4281 custodibus

44 4318 212 4397 praedictis3
236 4315 309 4377 idem
331 4315 469 4377 faciebam
491 4317 519 4377 iu
540 4312 624 4378 marte
643 4318 678 4378 de
700 4320 774 4378 rasis
801 4322 830 4379 in

43 4437 103 4480 tero
125 4417 261 4496 receptis.
284 4414 518 4487 Parsiraenarii,
538 4419 582 4478 vel
606 4418 653 4478 alii
675 4420 831 4480 servitores

44 4517 240 4601 Cardinalium
261 4515 544 4596 expectabant'circa
559 4518 713 4580 secundam
730 4531 831 4582 custo·

46 4618 118 4680 diam
145 4622 174 4678 in
200 4636 283 4679 tuaac
309 4627 338 4678 st
364 4637 450 4690 sero,
473 4620 534 4696 quix
549 4621 756 4682 arvisebantur
778 4641 830 4702 per

45 4736 93 4781 uos
113 4731 144 4781 et
163 4718 294 4778 custodes
315 4718 349 4778 de
371 4716 468 4788 bora,
490 4720 605 4798 quando
626 4721 734 4781 cibaria
756 4741 832 4801 por·

45 4821 126 4881 tanda
143 4830 247 4890 essent,
260 4829 288 4879 et
307 4821 428 4879 arrisati
444 4817 607 4900 portabant,
619 4834 647 4883 et
668 4840 724 4882 non
739 4825 828 4903 prius.

42 4921 110 4983 llam
122 4922 197 4982 bora
210 4920 293 4980 firma
314 4937 369 4979 non
391 4931 504 5000 poterat
525 4923 565 4982 eis
582 4924 721 5001 assignari
740 4941 829 4995 exeo,

45 5026 119 5102 quod
132 5022 300 5084 cardinales
313 5021 468 5099 aliquando
489 5022 584 5093 eitius,
600 5022 754 5100 aliquando
765 5033 830 5082 tnr-

44 5124 104 5184 dius
126 5142 190 5185 rem
211 5140 293 5182 suam
314 5122 494 5202 expediebant
506 5143 517 5196 ;
540 5108 671 5184 custodes
692 5124 831 5203 praedicti

43 5322 125 5386 burlis
154 5323 329 5403 praedictis,
355 5325 402 5387 sed
431 5325 479 5402 qui
505 5327 586 5405 prior
616 5328 743 5391 ueniebat
763 5348 830 5391 curn

508 272 714 338 couubtvu
735 272 837 340 rust
860 275 1010 342 sixtutt
1030 276 1232 351 durarunt.
1655 284 1696 345 bl

919 414 1052 486 cibariis,
1071 413 1155 475 illum
1177 415 1272 494 primo
1294 416 1500 492 remittebant,
1517 419 1580 481 aire
1601 420 1706 499 primi,

916 513 977 574 alre
998 514 1111 586 ultimi,
1132 524 1182 574 aut
1203 512 1415 593 cujtlscumque
1437 517 1598 579 Cardinalis
1618 519 1706 579 iami-

916 613 995 675 lierls
1021 623 1093 675 esset
1103 634 1115 686 ι
1137 612 1223 675 iidem
1254 616 1386 676 custodes
1416 627 1537 695 quartae
1559 616 1705 680 erutodiae

914 713 1033 792 singulis
1054 712 1153 774 diebus
1168 713 1241 775 duos
1255 716 1329 775 inter
1347 733 1397 776 eos
1417 715 1602 798 deputabant,
1612 735 1705 778 unum

914 830 969 891 pro
989 811 1132 892 prandio,
1154 823 1183 874 et
1203 814 1294 875 alium
1315 832 1370 893 pro
1392 827 1479 877 coena
1494 818 1575 894 ,qui
1596 816 1705 878 cibaria

914 910 1122 992 perspiciebat,
1141 925 1174 973 ut
1195 931 1307 993 supra,
1327 915 1391 975 aliis
1411 916 1465 975 sibi
1495 917 1698 978 assistentibus.

914 1011 1018 1074 Nullan
1039 996 1283 1097 concleristarum
1295 1033 1480 1094 quocumque
1500 1028 1639 1096 tempore,
1652 1030 1705 1079 aut

913 1130 948 1172 ex
976 1114 1080 1190 quavis
1106 1130 1191 1174 causa
1220 1115 1425 1179 admittebatur
1446 1118 1495 1177 ed.
1508 1119 1703 1196 sportellam,

913 1212 972 1276 sire
992 1224 1127 1292 apertum
1142 1225 1224 1287 esset,
1245 1216 1306 1277 sive
1327 1217 1471 1292 clausum,
1492 1220 1627 1281 etiamad
1638 1219 1705 1281 eol·

912 1313 1087 1391 loquendum
1106 1330 1175 1374 cum
1191 1333 1376 1394 quocumque
1396 1330 1477 1379 extra
1495 1319 1700 1381 existentesine

912 1431 1044 1492 expressa
1063 1413 1181 1474 lieentia
1199 1415 1381 1494 collegii3si
1402 1421 1515 1497 aliquae
1530 1420 1631 1481 literae
1651 1441 1704 1483 ra·

912 1513 1025 1574 aiebant
1043 1514 1078 1573 ad
1100 1513 1273 1595 Collegium,
1295 1535 1369 1594 quae
1387 1538 1439 1598 per
1461 1518 1594 1582 duur-um
1615 1524 1704 1600 'spor-

911 1615 971 1675 telli
984 1615 1072 1694 recipi
1094 1632 1150 1675 non
1170 1627 1312 1695 poterant,
1330 1619 1498 1696 aperuimus
1515 1621 1702 1699 sportellam,

912 1725 951 1787 et,
963 1714 1053 1775 literis
1071 1715 1204 1794 receptis,
1215 1718 1272 1778 cito
1284 1719 1464 1779 seclusimus.
1478 1719 1591 1780 luiterus
1605 1731 1702 1781 autem

911 1812 1065 1887 dabamus,
1087 1815 1198 1894 collega
1220 1835 1311 1890 meus,
1332 1820 1376 1879 rel
1396 1838 1462 1897 ego,
1481 1820 1604 1898 collegio
1625 1819 1702 1881 car-

911 1912 1060 1986 dinalium,
1082 1915 1105 1973 si
1127 1917 1211 1976 simul
1234 1927 1328 1989 erant,
1350 1920 1396 1978 rei
1419 1918 1582 1979 dicebamus
1598 1919 1703 1992 tribus,

909 2025 962 2093 aut
982 2023 1108 2091 quatuor
1123 2013 1324 2078 cardinalibus
1342 2017 1512 2091 senioribus,
1533 2037 1584 2079 nos
1603 2018 1701 2079 literas

910 2111 1016 2175 habere
1044 2112 1080 2172 ud
1101 2113 1276 2194 Collegium,
1296 2135 1379 2194 quas,
1400 2118 1423 2178 si
1445 2119 1583 2197 placeret,
1605 2118 1702 2181 daturi

908 2231 1033 2274 ememus
1054 2215 1146 2292 priori
1168 2217 1375 2278 cardinalium.
1398 2216 1431 2279 st
1452 2221 1518 2297 quis
1544 2230 1641 2279 autem
1664 2219 1701 2278 ab

907 2323 988 2373 extra
1015 2312 1123 2391 aliquid
1149 2314 1226 2375 intus
1252 2314 1401 2378 notificare
1436 2317 1571 2390 solebat,
1601 2319 1701 2390 clauso

907 2403 1048 2493 sportello
1071 2411 1256 2501 loquebatur,
1277 2427 1305 2476 et
1328 2434 1402 2494 unus
1420 2437 1454 2479 ex
1473 2417 1554 2488 uobis
1569 2418 1701 2492 duobus,

907 2531 942 2572 eo
968 2512 1090 2584 audito,
1112 2513 1185 2573 iliud
1206 2513 1350 2576 rescrebat
1371 2515 1569 2580 cardinalium
1590 2518 1700 2595 priori,

906 2611 1022 2685 tribus,
1046 2624 1095 2673 aut
1116 2625 1243 2691 quatuor
1264 2634 1298 2675 ex
1328 2617 1391 2676 aliis
1416 2616 1639 2689 cardinalibus,
1665 2637 1700 2681 eo

905 2714 990 2774 etiam
1019 2712 1161 2772 intimato.
1194 2714 1303 2794 Aperta
1333 2718 1474 2794 sportella
1502 2735 1556 2795 pro
1585 2716 1700 2777 cibariis

906 2812 1073 2892 recipiendis
1102 2823 1131 2875 et
1151 2815 1225 2876 vasis
1245 2816 1438 2894 exponendis,
1459 2804 1610 2897 diligenter
1644 2818 1700 2878 ad·

905 2915 1071 2986 vertimus,
1098 2931 1134 2975 ne
1161 2914 1226 2991 quis
1251 2919 1495 2978 conclaristarum
1517 2936 1574 2980 non
1603 2920 1698 2980 solnm

904 3016 1043 3093 sportella
1064 3014 1323 3093 appropinquaret,
1345 3017 1394 3076 sed
1415 3027 1445 3076 et
1466 3018 1606 3078 necllum
1628 3037 1699 3096 per-

903 3115 1027 3195 spiceret
1047 3114 1161 3192 signum
1185 3113 1313 3192 aliquod,
1335 3116 1371 3175 ab
1393 3117 1492 3195 aliquo
1511 3127 1592 3178 extra
1614 3136 1699 3178 rece·

903 3225 1019 3295 pturus.
1038 3213 1113 3276 cum
1126 3214 1211 3273 missa
1231 3215 1344 3296 publiea
1365 3235 1417 3296 per
1439 3216 1599 3277 sacristam
1617 3216 1698 3279 dice·

903 3313 1013 3387 batur,
1044 3331 1143 3375 omnes
1165 3315 1378 3387 marturinae,
1402 3317 1447 3377 rel
1469 3319 1518 3394 qui
1539 3317 1696 3385 volebant,

904 3416 1018 3474 missam
1033 3417 1123 3494 ipsam
1135 3413 1235 3473 audire
1258 3424 1400 3493 poteraut,
1421 3426 1501 3476 extra
1521 3417 1695 3476 lumertostia

903 3515 1048 3594 cappellae
1074 3513 1214 3584 minoris,
1241 3512 1269 3572 iu
1295 3532 1353 3592 qua
1384 3515 1468 3575 missa
1495 3516 1696 3577 celebrabatur

902 3616 939 3675 ad
960 3616 1105 3695 primam,
1124 3624 1152 3674 et
1172 3613 1329 3674 secundam
1352 3616 1449 3676 attium
1472 3616 1621 3677 conclavis
1642 3635 1694 3678 re·

902 3717 1068 3797 spondentia
1086 3726 1212 3788 stantes,
1234 3727 1262 3776 et
1284 3717 1399 3778 interim
1417 3734 1485 3776 cnm
1507 3717 1601 3792 missa,
1613 3716 1695 3776 diee-

903 3830 998 3890 retur,
1019 3818 1116 3878 nullus
1135 3815 1171 3875 ad
1192 3817 1297 3875 ostium
1321 3816 1466 3876 conclavis
1486 3815 1629 3895 pulsabat.
1643 3813 1694 3873 Si·

902 3919 1010 3978 militer
1031 3916 1100 3977 dum
1122 3915 1298 3976 scrutinium
1321 3913 1413 3987 beret,
1435 3917 1518 3975 missa
1541 3913 1631 3987 linita,
1658 3935 1692 3975 ac

902 4018 1032 4080 scabellis
1050 4034 1105 4095 pro
1123 4015 1244 4093 singulis
1255 4013 1455 4075 cardimlibus
1467 4032 1535 4075 cum
1552 4014 1623 4075 lolio
1639 4033 1696 4094 pa·
1764 4012 1765 4019 ’

901 4119 966 4197 piri,
978 4127 1070 4189 carta,
1081 4118 1141 4175 sire
1152 4117 1274 4185 calamo,
1291 4125 1320 4174 et
1341 4116 1509 4188 inclaustro,
1525 4125 1554 4175 et
1567 4113 1692 4176 candelis
1721 4177 1725 4184 ,

901 4219 999 4296 persis
1021 4214 1143 4288 duabus,
1165 4225 1214 4274 eut
1237 4213 1329 4275 tribus
1348 4213 1499 4287 ordinatis,
1520 4232 1619 4275 omnes
1642 4234 1691 4277 re·

901 4317 999 4377 dibant
1019 4316 1056 4376 ad
1078 4315 1236 4394 cappellam
1252 4311 1403 4390 naaj0reau,
1426 4314 1454 4374 in
1477 4307 1535 4393 qua
1555 4314 1693 4378 reclude·

903 4416 1009 4476 bantur
1031 4435 1083 4494 per
1105 4433 1156 4475 nos
1178 4414 1298 4474 clericos
1319 4417 1550 4476 ceremoniarum
1576 4434 1692 4487 omnes,

902 4513 1103 4577 cardinalibus
1125 4514 1153 4572 in
1176 4515 1403 4592 eurtgregatione
1420 4513 1611 4576 existentibus.
1628 4513 1692 4593 Ego

900 4614 935 4674 ad
957 4616 1063 4675 ostium
1084 4613 1194 4694 primae
1216 4614 1299 4675 aulae
1322 4614 1516 4676 custodiebam
1539 4613 1593 4689 ita,
1615 4613 1693 4691 quod

900 4718 973 4778 inter
994 4716 1091 4775 aulam
1113 4714 1238 4783 tertiam,
1253 4715 1282 4772 in
1304 4732 1360 4792 qna
1383 4715 1620 4793 congregationes
1640 4711 1694 4774 lie·

901 4820 980 4893 bant,
1001 4829 1031 4880 et
1052 4835 1109 4888 me,
1124 4826 1188 4876 erut
1207 4814 1332 4878 secunda
1353 4816 1419 4875 aula
1443 4815 1551 4886 media,
1572 4825 1601 4874 et
1623 4812 1692 4872 dum

903 4939 949 4982 me
961 4937 1066 4980 rorare
1077 4916 1222 4989 volebam,
1234 4916 1440 4993 campanellam
1458 4915 1591 4996 pulsabat
1607 4930 1695 4988 unus,

901 5034 930 5084 et
943 5022 1028 5083 alter.
1044 5016 1253 5089 cardinalium,
1268 5017 1359 5095 aliqui
1379 5018 1434 5078 soli
1457 5019 1485 5077 in
1507 5016 1620 5078 cellulis
1635 5014 1694 5076 suis

901 5118 1237 5191 comedebant,uliicum
1259 5117 1321 5176 aliis
1345 5133 1380 5177 ιι.
1404 5134 1452 5177 ιιι.
1475 5134 1534 5177 ιιιι.
1559 5116 1605 5175 rel
1623 5116 1693 5193 plu·

901 5227 982 5285 ribus
1002 5224 1097 5285 simui.
1257 5293 1259 5296 Α

947 5326 1069 5388 Peracto
1083 5321 1214 5404 prandio,
1233 5321 1276 5384 die
1295 5321 1404 5383 sabbati
1416 5319 1562 5401 praedicte
1575 5317 1616 5380 ab
1631 5335 1689 5378 au·
