3758 6030
73 218 192 308 (ιιθι)
566 225 854 292 ronttutcttus
875 226 1100 292 rennuunt
1120 228 1246 307 suxit.
1661 230 1720 292 att

75 361 170 421 noluit
191 362 266 424 inira
290 361 391 427 Credo
412 374 537 438 mutare,
558 384 593 427 ιιι
614 385 748 429 errorem
770 367 867 446 ipaum
899 363 903 404 ¹
988 365 1145 426 Publiaatis
1175 364 1388 444 indulgentiis,
1424 364 1550 446 Legatos
1584 364 1724 446 aignando

75 480 176 522 omnes
208 463 427 542 intelligerent,
449 483 536 543 quem
557 468 627 527 alias
658 469 743 547 pauci
770 468 868 528 conai-
933 467 1026 528 altare
1047 467 1140 538 dixit,
1162 466 1314 529 Dominae
1337 469 1516 541 vobiscum,
1543 476 1572 527 et
1601 466 1725 527 dicendo

74 564 262 625 dataverunt.
291 565 384 626 Finita
407 577 462 626 etc.
488 568 682 645 praefatione,
713 567 775 628 ιιιι
795 568 868 628 aedit
898 567 970 638 ,ιι
988 569 1153 649 principio
1178 579 1247 629 erot
1267 571 1391 630 verbnm
1412 580 1470 629 etc.
1492 569 1544 628 ivit
1576 567 1612 626 ad
1634 568 1721 628 laidi·

76 680 144 724 cum
167 682 276 724 corona
296 665 404 741 absque
424 685 459 726 eo
482 667 559 743 quod
589 667 695 728 diceret
719 667 867 741 Sanetus,
898 646 901 751 ι
933 672 1079 742 atorium,
1100 668 1231 748 deposuit
1253 681 1420 748 paramenta
1449 669 1545 728 omnia
1566 687 1671 742 sacra,
1692 680 1721 730 et

75 784 129 845 per
151 765 388 826 inadvertentium
412 777 444 826 ut
465 786 552 846 anpra
574 765 629 851 (l).
658 769 818 831 incensatio
838 781 867 829 et
897 755 901 783 ¹
932 772 1043 851 accepit
1065 788 1195 850 cappam.
1217 770 1337 830 iuterim
1357 770 1418 831 Rex
1439 781 1595 830 coronatus
1615 787 1719 830 aecen-

73 866 240 927 dietributio
263 868 341 945 pacis
368 869 442 927 iacto
469 868 589 929 luerunt
610 869 709 931 ordine
731 875 867 950 superius
935 870 977 929 dit
998 871 1034 930 ad
1066 873 1179 943 altore,
1211 871 1293 950 prins
1324 867 1496 949 corporale,
1528 889 1563 931 ex
1591 870 1722 929 manibus

74 968 154 1039 dato,
170 979 286 1046 excepto
307 968 384 1045 quod
398 968 433 1027 l).
452 968 618 1031 [leonardus
637 969 781 1050 Capociua
795 990 867 1052 cap·
934 970 1036 1051 legati
1052 972 1216 1032 deosculato
1229 967 1247 1042 ,’
1270 981 1299 1030 ιι
1324 973 1454 1050 signatus
1482 967 1567 1046 juxta
1589 971 1719 1033 ordinem

75 1070 206 1148 peliacus
227 1069 263 1128 ιιι
285 1068 389 1128 baculo
408 1071 544 1149 pastorali
567 1073 718 1143 serviens,
737 1072 788 1150 qui
810 1092 864 1151 pa·
931 1074 1067 1153 nuperius
1089 1073 1221 1144 dictum,
1248 1083 1276 1134 et
1297 1073 1392 1146 aedit3
1427 1073 1531 1149 ortibus
1556 1072 1597 1132 aia
1617 1071 1723 1131 aeden·

74 1187 138 1231 cem
161 1178 225 1229 erat
248 1169 312 1228 aliis
334 1168 466 1242 daturus,
488 1189 544 1231 non
565 1172 727 1252 expectavit
749 1172 784 1231 D.
805 1174 866 1233 Ar·

79 1270 295 1349 chlepiaeopum
315 1269 554 1350 Neapolitanum,
576 1293 610 1346 ex
632 1273 759 1350 eoquod
791 1272 864 1352 Regi

75 1390 149 1450 pace
162 1370 226 1430 dato
242 1371 278 1429 od
296 1373 393 1433 locum
408 1391 492 1433 suum
509 1375 616 1449 rediit3
632 1376 679 1436 sed
694 1377 787 1437 statim
804 1376 865 1437 riso

74 1471 156 1552 ,quod
178 1472 239 1536 Rex
261 1492 360 1552 pacem
382 1487 558 1555 acceperat,
579 1477 656 1537 dedit
684 1494 783 1557 pacem
805 1476 865 1538 Pa·

72 1573 220 1635 triarchae
254 1576 457 1648 Antiocheno.
492 1587 522 1637 et
553 1579 617 1638 aliia
649 1580 785 1658 praelatis
811 1597 864 1639 auo

933 1174 1008 1235 tibua
1029 1175 1168 1236 Dominus
1182 1174 1326 1235 lohannes
1340 1174 1595 1252 Pontanua.Regis
1614 1173 1722 1233 Secre-

932 1277 1033 1349 tarius,
1048 1296 1083 1336 ex
1098 1275 1223 1354 quadam
1243 1277 1366 1348 cedula,
1383 1294 1471 1354 quam
1491 1274 1621 1334 manibus
1638 1283 1720 1334 tene·

930 1377 992 1451 bat,
1005 1388 1081 1437 stans
1102 1377 1138 1436 ad
1159 1378 1304 1438 sinistram
1321 1376 1408 1457 Regia
1430 1377 1458 1435 in
1478 1376 1570 1455 gradu
1590 1374 1720 1435 interiori

929 1478 1053 1549 altaria,
1075 1479 1280 1558 pronunciarit
1302 1478 1335 1539 de
1359 1477 1448 1538 verbo
1468 1477 1505 1536 ad
1528 1476 1671 1548 acerbum,
1691 1473 1742 1536 et¹

930 1579 1075 1639 Haraldus
1107 1578 1197 1657 Regis
1230 1579 1266 1637 ad
1306 1578 1452 1638 sinistram
1487 1577 1609 1638 Pontani
1639 1559 1721 1643 atone

71 1675 195 1736 ordina:
219 1693 253 1736 ex
275 1694 335 1753 quo
357 1696 433 1755 ego,
457 1677 512 1739 hoc
535 1679 619 1753 riso,
640 1678 863 1758 Archiepiscopo
929 1679 1027 1739 eadem
1060 1679 1147 1741 ιιιιι
1181 1680 1342 1739 successive
1375 1680 1595 1759 proclamabat,
1628 1689 1660 1740 ut
1680 1678 1717 1736 ab

71 1776 223 1856 praedicto
244 1777 281 1835 ad
304 1778 401 1838 locunt
425 1797 510 1839 auum
533 1798 651 1842 rerereo
677 1779 740 1841 dedi
762 1799 862 1858 pacem
890 1853 892 1857 y
930 1781 1064 1842 omnibus
1098 1781 1350 1859 intelligerentur:
1388 1799 1423 1841 eo
1455 1780 1542 1841 modo
1579 1779 1718 1859 praedixit

16 1865 18 1869 ⁷
69 1879 165 1941 eidem
188 1897 256 1938 cum
279 1878 354 1939 Pace
376 1879 484 1958 Regia,
517 1892 545 1942 et
568 1881 625 1960 ipae
656 1882 712 1941 aiio
735 1883 863 1961 praelato
930 1881 1077 1942 Pantanus
1110 1881 1199 1941 verba
1233 1882 1359 1942 lleraldo
1392 1883 1594 1961 proclamanti,
1627 1892 1716 1961 prout

70 1981 100 2040 in
121 1997 239 2040 scamno
261 1998 314 2039 suo
335 1991 364 2040 et
387 1982 433 2041 ille
455 1983 538 2042 alteri
555 1992 625 2053 ιιι,
641 1982 741 2042 deinde
759 1983 861 2043 Pacem
925 1980 1128 2059 juramentum
1151 1982 1224 2061 Regi
1255 1985 1427 2062 perlegerat.
1450 1983 1595 2045 Sententia
1617 1995 1714 2043 autem

68 2080 162 2161 ipsam
195 2080 226 2140 io
258 2085 350 2144 altare
379 2083 504 2161 reposui,
526 2081 587 2144 Rex
610 2083 686 2143 venit
717 2083 753 2142 ad
775 2102 863 2144 coro·
929 2085 1200 2164 pronunciationum
1222 2096 1250 2145 ιι
1267 2085 1526 2162 proclamationum
1550 2081 1717 2159 ltttjttsmodi

72 2183 230 2254 nationem,
252 2184 551 2253 communicatorem,
574 2193 603 2243 et
622 2182 793 2262 purificatus
809 2202 862 2243 or·

71 2283 135 2343 dioc
157 2283 333 2363 supradicto.
354 2284 418 2343 Don
439 2283 607 2344 Fridericus
627 2302 740 2364 semper
772 2284 862 2363 depo·

68 2387 149 2458 suit,
170 2395 199 2445 et
221 2385 355 2463 imposuit
377 2383 451 2462 Regi
478 2388 621 2444 coronam'
638 2397 668 2446 et
689 2396 862 2464 sceptrum,

69 2495 100 2548 et
121 2503 241 2565 pomum
264 2485 300 2543 ab
322 2504 356 2544 eo
378 2485 486 2564 carpit,
500 2496 529 2545 at
550 2484 575 2545 ei
590 2484 692 2546 deinde
712 2485 860 2546 restituit:

70 2598 102 2648 et
123 2587 192 2664 quia
211 2587 246 2647 D.
262 2587 382 2647 Cantilia
404 2586 564 2665 Virginius,
585 2584 621 2646 ud
643 2587 792 2648 tenendam
809 2606 863 2647 co·

72 2705 172 2749 ronam
187 2688 338 2767 deputatus
349 2687 407 2770 (i),
418 2706 473 2748 non
490 2688 587 2767 potuit
604 2686 721 2766 propter
738 2687 861 2766 impedi·

70 2800 201 2850 mentum
221 2790 365 2868 podagrae
389 2808 424 2849 ex
440 2789 567 2850 tltalamo
582 2789 734 2849 ambulare
746 2786 861 2866 quando

68 2903 135 2951 anta
168 2891 262 2950 altare
294 2891 447 2968 praemissa
476 2901 559 2950 ιιιιιι
579 2908 596 2949 a
616 2889 695 2969 Rege
718 2890 862 2968 reeipien-

67 2992 127 3065 da,
148 3009 285 3053 coronam
320 2992 385 3053 Don
406 2992 542 3054 Jolredua
562 2992 692 3071 Dorgio,
714 3001 861 3072 sceptrum

66 3092 133 3154 ιιοιι
165 3093 301 3163 Hector,
332 3105 360 3152 et
393 3111 511 3171 pomum
545 3092 580 3153 t).
604 3092 746 3154 ilenricus
774 3109 862 3171 prae-

67 3195 139 3256 dicti
172 3196 316 3257 tenebant.
351 3195 443 3254 Finita
475 3195 585 3266 llisaa,
615 3206 644 3254 et
665 3193 862 3255 benedictione

68 3317 120 3377 per
141 3296 284 3375 Legatum
307 3295 385 3367 data,
402 3296 459 3375 ipae
481 3294 622 3374 laegatus,
645 3297 746 3374 rigore
768 3295 861 3356 bullae
893 3340 896 3375 ,

67 3399 123 3460 aibi
146 3415 318 3468 concessae,
345 3398 408 3459 aire
429 3399 574 3458 taculum
596 3397 672 3476 apud
693 3398 786 3456 altare
807 3414 861 3475 ap·
893 3380 896 3482 ξ

67 3518 169 3579 pensae
190 3494 322 3578 superine
344 3499 514 3577 registratae
530 3544 538 3572 ,
557 3501 695 3560 concessit
716 3498 860 3577 plenarias

67 3601 264 3680 indulgentias
300 3620 372 3680 qttas
402 3601 475 3663 Der.
498 3602 583 3661 Dom.
607 3600 769 3680 Stephanus
799 3597 862 3659 ιι·-

68 3702 267 3783 chlepiacopua
286 3704 484 3776 Putracensis,
504 3704 527 3764 ai
552 3713 629 3765 recta
650 3703 782 3775 memini,
803 3720 860 3780 pu-

71 3804 192 3865 blicarit
212 3804 266 3864 sub
289 3802 458 3880 hujusmodi
483 3804 586 3875 ιιιιιιι.

112 3928 128 3959 ι
148 3903 185 3964 El
207 3905 279 3966 lter.
302 3908 330 3966 in
351 3907 446 3967 Crista
467 3917 549 3985 patre
563 3917 592 3965 ιι
609 3904 732 3984 signore
753 3903 861 3966 Joanne

75 4004 163 4065 titulo
189 4005 223 4067 da
249 4007 355 4066 Sancta
376 4006 506 4066 Sne-atina
522 4005 692 4085 presbytero
707 4005 859 4066 Car-dinule

68 4103 104 4168 de
125 4105 292 4186 dlonregule
308 4107 382 4169 della
399 4107 473 4167 Sede
494 4107 658 4185 Apostolica
679 4104 801 4184 Legato,
822 4105 859 4166 dri

68 4217 98 4266 ιι
120 4209 242 4269 concede
274 4226 324 4286 per
353 4211 456 4286 vigore
489 4207 562 4266 della
595 4207 706 4267 ιιιοιιι
740 4207 859 4267 adesso

68 4323 240 4366 concessae
264 4307 398 4366 ciascuou
421 4321 540 4382 persona
572 4304 621 4380 qui
643 4315 773 4382 presente
795 4305 860 4382 ple-

67 4407 149 4466 naria
169 4405 215 4469 de'
229 4408 294 4466 tutti
311 4407 420 4486 peccati
439 4405 614 4477 remissione,
629 4416 658 4466 et
684 4404 859 4484 indulgentia

70 4508 99 4567 in
121 4509 215 4568 torma
239 4507 312 4568 della
336 4508 429 4570 chiesa
451 4518 609 4567 consueta:
637 4519 755 4587 pregate
776 4507 858 4567 lddio

68 4628 120 4689 per
144 4610 172 4671 lo
193 4609 275 4670 ieliec
292 4619 367 4670 stato
389 4608 595 4670 delluSantitri
614 4608 659 4669 del
675 4608 753 4688 Papa
772 4609 858 4669 Alea·

69 4709 175 4769 sundro
197 4709 298 4782 Sesto,
320 4710 348 4768 di
381 4708 442 4770 Sua
464 4709 579 4770 ttevoa
598 4709 756 4788 signoria,
784 4709 856 4771 dello

71 4808 181 4870 Maesti
203 4811 248 4872 del
271 4809 314 4871 ιιι
340 4811 482 4882 attonso,
515 4820 543 4870 ιι
565 4808 640 4869 della
674 4808 706 4871 S.
725 4811 857 4872 llomana

71 4910 172 4972 Cltieaa
194 4936 220 4973 n.

114 5168 150 5223 (tt
166 5164 229 5215 Vide
247 5180 327 5229 supra
345 5180 401 5229 pag.
420 5167 472 5217 303.

69 5276 76 5283 =
111 5249 147 5308 tet
164 5245 220 5307 Pag.
235 5248 289 5296 ιιι.
307 5250 400 5296 auctor
416 5246 520 5295 dixerat
536 5244 678 5308 Virginium
701 5243 854 5306 deputatum
878 5267 881 5277 ·

70 5326 106 5377 ad
123 5326 262 5379 tenendum
281 5331 426 5391 sceptrum.

928 2186 992 2245 luit.
1002 2184 1086 2254 Quod
1098 2183 1169 2255 Rex,
1181 2184 1218 2242 ob
1229 2184 1385 2263 singularia
1398 2190 1500 2245 merita
1512 2195 1568 2245 ιιι.
1581 2184 1641 2245 ιιιιι
1653 2184 1719 2245 lecit

929 2288 1039 2348 crearit
1059 2283 1114 2347 ιἰι.
1138 2286 1271 2346 illustria.
1290 2284 1326 2344 D.
1348 2284 1506 2344 ,iohannem
1527 2283 1635 2362 Borgia
1648 2281 1715 2340 Du-'

929 2407 993 2450 cem
1013 2387 1137 2448 Caudina
1159 2385 1326 2445 Sanctitatis
1346 2385 1381 2444 D.
1403 2383 1437 2444 Ν.
1461 2383 1575 2454 lilium,
1598 2382 1716 2442 Princi-

928 2510 992 2571 pem
1021 2489 1216 2549 Tricutensem
1253 2485 1300 2568 (3)
1334 2486 1476 2548 Comitem
1506 2485 1719 2557 Claremontia,

927 2589 1069 2652 Comitem
1090 2587 1214 2649 ιιιιιιιιι
1228 2632 1238 2662 ,
1254 2600 1283 2650 ιι
1304 2588 1445 2649 Comitem
1464 2587 1625 2648 Carinolae.

970 2692 1041 2751 ltem
1063 2689 1148 2750 simili
1171 2689 1256 2749 modo
1274 2708 1325 2768 per
1347 2690 1434 2750 aliam
1456 2688 1600 2759 cedulam,
1614 2696 1648 2747 ut
1662 2703 1716 2745 au·

928 2810 980 2872 pra
1003 2792 1225 2872 pronunciatum
1246 2801 1275 2852 et
1297 2792 1527 2871 proclamatum,
1548 2789 1610 2850 ilex
1629 2806 1716 2849 crea·

930 2895 993 2964 eit,
1021 2893 1169 2953 constituit
1189 2903 1244 2955 etc.
1277 2891 1314 2951 oi)
1336 2892 1439 2951 similia
1472 2890 1575 2951 merita
1597 2900 1652 2949 ιιι.
1674 2889 1718 2948 ll-

930 2996 1052 3055 lnstrem
1066 2994 1100 3052 D.
1115 2993 1267 3054 Jolredum
1288 2991 1397 3069 Dorgia
1419 2987 1547 3066 ejusdem
1564 2987 1619 3049 SS.
1634 2988 1670 3046 D.
1682 2985 1717 3048 tt.
1771 2969 1778 2989 '

929 3095 1082 3157 Alexandri
1101 3083 1197 3173 Papae
1212 3095 1258 3154 tit.
1274 3092 1359 3153 etiam
1374 3091 1476 3164 lilium,
1493 3090 1527 3151 de
1544 3088 1719 3148 domodra-

929 3198 1051 3279 goniae,
1073 3209 1100 3257 et
1117 3196 1185 3258 iecit
1202 3196 1297 3274 ipsum
1313 3193 1473 3272 principem
1491 3192 1640 3269 Squillati,
1656 3189 1717 3250 Co-

930 3301 1027 3360 mitem
1051 3298 1198 3368 Curiatae,
1212 3308 1241 3358 et
1256 3295 1347 3374 Regni
1366 3295 1483 3355 Siciliae
1497 3295 1569 3354 eitra
1585 3291 1716 3350 Pharum

930 3399 1212 3470 Prothonotarium,
1234 3409 1262 3457 et
1283 3397 1559 3457 Locttmtenentem:
1584 3411 1644 3473 quo
1666 3403 1715 3451 ta·

930 3502 995 3563 liter
1018 3500 1218 3581 pronunciato,
1239 3499 1312 3560 idem
1330 3498 1394 3559 Don
1409 3496 1545 3557 lofredus
1563 3491 1717 3574 gennllexlt

929 3620 1027 3663 coram
1049 3602 1150 3680 Rege,
1172 3601 1224 3679 qui
1252 3600 1388 3679 imposuit
1409 3599 1463 3659 eibi
1496 3599 1633 3659 elmetum
1654 3597 1716 3656 aiva

929 3707 1062 3783 galeam,
1078 3714 1107 3764 et
1120 3714 1238 3780 accepto
1259 3719 1337 3773 enac,
1355 3699 1416 3760 Rex
1431 3718 1498 3760 cum
1519 3708 1626 3778 puncta
1641 3697 1717 3757 ensis

928 3806 1030 3868 leviter
1052 3804 1147 3883 tetigit
1165 3804 1278 3883 galeam
1310 3819 1400 3879 supra
1422 3818 1523 3860 aurem
1546 3797 1715 3865 sinistram,

927 3917 957 3968 ιι
978 3907 1089 3967 crearit
1114 3924 1182 3966 eum
1204 3904 1325 3963 militem
1352 3902 1466 3962 dicens:
1489 3899 1583 3960 iddio
1600 3907 1629 3958 et
1648 3896 1716 3956 Son

930 4007 1066 4088 Giorpio
1096 4005 1123 4065 n·
1151 4005 1258 4086 saceio
1278 4004 1383 4063 buono
1410 4000 1582 4061 covoliero.
1609 3994 1716 4056 Deinde

928 4107 1064 4187 imposuit
1084 4105 1136 4165 siti
1160 4105 1263 4164 stolam
1279 4102 1373 4162 albam
1392 4119 1459 4161 cum
1479 4142 1603 4158 .....
1624 4113 1715 4173 supra

928 4228 985 4286 qua
1007 4209 1079 4267 ιιοιι
1096 4216 1162 4265 ante
1179 4205 1384 4283 impositionem
1403 4198 1518 4277 jurarit
1539 4197 1717 4274 vellecupi·

927 4311 988 4369 tola
1018 4309 1095 4366 illius
1116 4305 1259 4366 societatis
1280 4303 1444 4364 observare.
1479 4299 1577 4369 Tum,
1599 4306 1715 4374 recepto

926 4409 961 4469 ab
982 4427 1027 4479 eo,
1048 4419 1077 4467 et
1098 4426 1150 4487 per
1172 4407 1265 4484 ipsum
1288 4404 1352 4462 Don
1367 4400 1518 4464 lairadum
1539 4416 1627 4477 cuper
1649 4396 1714 4457 col-

926 4512 1020 4572 lunam
1048 4524 1167 4569 aureum
1200 4504 1345 4564 societatis
1374 4499 1545 4562 llermellini
1578 4495 1715 4576 praestito

922 4607 1114 4686 juramento,
1135 4605 1214 4685 qood
1234 4605 1301 4666 velit
1323 4605 1448 4683 capitula
1469 4596 1616 4661 societatis
1637 4597 1715 4656 illiue

924 4711 1093 4773 llertnellini
1115 4708 1289 4780 observare,
1323 4705 1384 4767 Rex
1415 4702 1544 4766 eamdem
1571 4700 1713 4760 collaoam

955 4894 960 4896 ,
963 4887 1282 4897 ......-.......--·—--..--
1285 4882 1439 4892 ——ss—-a

965 4996 1002 5058 (3)
1015 4995 1042 5044 ιι
1059 4995 1170 5057 epistola
1187 5005 1234 5043 sua
1250 4990 1380 5041 iohannes
1397 4989 1498 5052 Borgia
1509 4998 1577 5037 anno
1590 4985 1659 5040 1496.
1675 4983 1712 5046 (iu

925 5090 981 5126 mea
998 5075 1167 5134 Bibliotheca)
1183 5075 1221 5122 sic
1238 5084 1298 5122 aesc
1316 5070 1429 5131 appellat
1446 5070 1489 5117 lo:
1506 5065 1590 5126 Boreo
1606 5062 1715 5113 Gocatoa

924 5154 1081 5214 conataeque
1098 5153 1168 5212 Duc,
1187 5150 1327 5211 Tironiana
1343 5148 1464 5209 Princeps
1479 5158 1510 5196 oc
1527 5142 1603 5205 ιιιριι
1616 5140 1717 5192 Siciliae

924 5236 1010 5298 ltopm
1021 5233 1203 5285 comestabilia.
1221 5229 1370 5294 tegendum
1384 5228 1462 5291 igitur
1475 5224 1651 5282 theanensem,
1663 5232 1725 5303 oon·

926 5316 1101 5367 Tricotomam.
