3758 6030
172 217 236 277 eoa
302 166 309 175 ’
655 206 937 276 rourtrrcarus
958 211 1183 277 maaianai
1205 215 1331 277 snxrr.

175 359 224 420 bet
246 355 417 419 vindicare:
444 366 474 417 et
493 356 562 417 nibil
585 374 713 435 unquam
735 356 893 436 accipiam,
913 357 958 416 vel

176 459 286 520 habebo
319 478 369 519 seu
402 458 561 531 retinebo,
600 457 644 518 let
678 468 772 538 petam
804 459 958 537 accipere,

177 560 283 622 habere
317 571 369 620 aut
402 569 587 620 manutenere
618 560 647 618 in
678 559 734 619 illis
755 577 848 636 neque
868 559 958 618 ullam

177 663 389 742 potestatium,
416 660 588 742 capitaniam
612 660 656 721 vel
685 658 860 730 rectoriam,
892 659 960 718 nul·

177 764 299 841 lumque
323 763 401 823 uliud
422 762 550 822 officium
572 761 726 839 recipiam,
752 778 804 819 seu
831 758 959 838 recipere

176 863 314 943 potamia
332 862 453 934 eisdem,
469 881 518 922 seu
536 862 663 941 ipsorum
676 861 787 938 aliquo;
806 879 857 920 uec
874 861 959 920 etiam

177 965 333 1044 acceptabo
351 974 402 1023 aut
424 964 568 1042 acceptari
591 945 766 1042 primitiam,
785 979 835 1022 seu
857 963 960 1022 lucium

176 1065 342 1143 praemissa,
363 1064 409 1124 vel
431 1073 543 1143 partem
564 1064 693 1140 aliquam
711 1061 892 1133 eorumdem,
908 1079 960 1122 nec

178 1166 228 1227 illa
249 1165 401 1239 offendam,
420 1167 471 1230 velv
487 1164 656 1236 molestabo,
673 1183 725 1226 nec
747 1165 834 1225 etiam
850 1164 961 1223 Roma·

178 1284 244 1326 num
265 1265 426 1328 Ecclesiam
441 1273 557 1345 quoque
579 1266 633 1327 sub
655 1267 792 1327 censuris
807 1265 961 1345 poenisque

176 1367 375 1447 spiritualibus
398 1377 427 1428 et
460 1367 691 1447 temporalibus,
725 1367 755 1425 in
787 1364 962 1445 supradictis

177 1468 387 1529 conditionibus
420 1479 448 1529 ct
478 1468 668 1529 infeudatione
703 1465 864 1536 contentis,
891 1481 962 1541 quas

178 1567 225 1628 bie
248 1568 354 1631 babere
374 1571 442 1631 volo
468 1570 497 1629 in
524 1570 644 1648 singulis
671 1568 730 1627 suis
757 1565 886 1647 portibus
908 1582 962 1644 pro

178 1668 346 1749 specificatis
363 1680 392 1730 et
412 1671 561 1750 repetitis,
581 1681 609 1730 et
635 1668 787 1748 expressist
803 1665 963 1727 scismatico

179 1788 228 1831 scu
246 1770 390 1831 haeretico
401 1770 594 1848 cuicumque,
609 1770 652 1831 vel
671 1787 686 1827 a
704 1767 759 1828 fide
774 1767 869 1839 devio,
883 1775 913 1826 et
926 1764 963 1823 ab

178 1871 238 1950 ipso
259 1871 388 1933 Ecclesia
409 1871 560 1951 praeciso,
575 1868 696 1948 ejusque
714 1866 894 1947 sequacibus,
909 1874 966 1923 aut·

180 1973 312 2032 dantibus
331 1975 370 2034 eis
392 1972 556 2046 consilium,
577 1974 728 2045 auxilium,
754 1972 799 2031 vel
820 1970 963 2041 savorem,

179 2091 245 2132 non*
257 2073 330 2134 dabo
354 2075 568 2152 quovismodo
587 2094 637 2154 per
654 2092 710 2145 me,
728 2072 773 2132 vel
796 2071 963 2151 paralium,

178 2193 230 2234 seu
248 2176 329 2247 alios,
348 2176 456 2236 directe
477 2180 520 2237 rel
540 2177 695 2249 indirecte,
711 2174 825 2270 publice
845 2172 890 2231 rel
909 2188 962 2231 uc·

146 2335 149 2342 ,
178 2277 256 2338 culte
275 2278 419 2337 auxilium
442 2279 595 2339 consilium
612 2278 657 2337 rel
678 2277 832 2345 savorem,
852 2291 904 2334 nec
925 2271 962 2332 ab

177 2375 253 2450 aliis,
265 2389 404 2454 quantum
421 2380 449 2437 in
472 2397 517 2438 me
537 2378 638 2448 fuerit,
656 2379 679 2435 si
698 2375 836 2454 impedire
850 2383 962 2452 potero,

177 2474 241 2536 dari
272 2482 463 2556 permittam,
485 2477 534 2538 sed
555 2496 604 2538 eos
629 2475 714 2552 juata
739 2493 841 2554 posse,
872 2472 962 2532 donec

178 2588 404 2652 convertantur,
435 2596 591 2656 persequar
608 2624 615 2651 ‚
632 2589 660 2638 et
686 2575 828 2634 invadam.
849 2572 898 2632 Sic
917 2590 962 2631 me

177 2675 255 2737 Deus
282 2674 425 2754 adjuvet,
455 2690 485 2739 et
518 2677 588 2739 baec
621 2679 726 2738 Sancta
752 2677 804 2737 net
827 2675 963 2752 Evange-

171 2776 224 2836 lia.
247 2777 353 2839 Datum
368 2778 479 2840 Romae
493 2779 570 2858 apud
592 2778 732 2838 Sanctum
752 2777 873 2838 Petrum
889 2791 963 2834 anno

176 2877 382 2940 lucarnatioais
393 2881 509 2942 Domini
532 2897 563 2940 ιι.
578 2897 664 2940 cccc.
678 2895 843 2940 cxxxxttt.
858 2887 962 2954 quarto

177 2974 291 3040 decimo
324 2979 461 3041 kalendas
482 2980 634 3054 ianuarii,
656 2977 844 3040 Pontificatus
871 2977 961 3036 nostri

175 3098 251 3140 anno
271 3082 396 3143 secundo
417 3107 444 3141 ι.

217 3180 307 3243 becta
325 3184 432 3257 Rulla,
453 3183 564 3244 accedit
592 3183 652 3244 Rex
674 3195 703 3244 et
725 3200 826 3243 corum
848 3178 960 3258 Legato

176 3301 264 3362 super
283 3285 430 3345 cussinum
446 3284 624 3364 genuflexus,
643 3304 678 3344 ex
699 3283 791 3355 libro,
811 3283 871 3341 sire
891 3281 960 3341 lolio

176 3384 213 3442 ad
232 3385 288 3446 boc
305 3386 451 3458 ordinato,
470 3387 540 3465 legit
556 3386 590 3447 de
613 3385 704 3446 verbo
720 3385 757 3444 ad
773 3383 894 3445 verbum
906 3382 959 3462 ju-

68 3479 72 3487 “
179 3499 342 3547 ramentum
364 3487 418 3547 sub
441 3488 494 3548 bac
516 3488 625 3547 forma:

218 3613 236 3645 e
252 3588 316 3669 Ego
327 3589 491 3668 alphonsus
506 3590 558 3650 Dei
573 3590 670 3670 gratia
681 3590 742 3650 Rex
754 3588 880 3662 Siciliae,
895 3589 960 3668 ple·

178 3710 249 3752 num
270 3693 457 3772 homagium,
475 3692 575 3769 ligium
590 3704 618 3753 et
636 3692 839 3770 vassallagium
854 3691 963 3771 iaciens,

178 3792 233 3854 88.
255 3794 291 3855 D.
314 3812 378 3855 meo
406 3792 529 3854 Donrino
553 3793 716 3853 Alexandro
749 3793 843 3871 Papae
864 3792 903 3852 vt
930 3803 959 3853 et

174 3887 321 3960 Ecclesiae
337 3897 482 3959 Romanae
504 3915 560 3977 pro
582 3896 683 3975 Regno
700 3894 837 3968 Siciliae,
853 3904 882 3954 et
899 3903 957 3952 tota

173 4009 264 4076 terra,
279 4012 411 4081 quaeest
431 4004 504 4062 citra
527 4001 681 4074 Pharum,
697 3997 780 4076 juata
807 4009 836 4059 et
855 4014 958 4057 secun-

172 4101 242 4162 dum
257 4102 341 4164 illum
356 4112 463 4162 statum
479 4121 564 4180 quem
580 4101 672 4163 tenuit
691 4112 720 4162 et
734 4098 859 4180 possedit
874 4114 957 4158 reco-

173 4201 272 4264 lendae
293 4204 448 4264 memoriae
468 4202 668 4265 Perdinandus
690 4202 805 4262 Siciliae
826 4199 888 4259 Rex
903 4217 958 4277 ge·

103 4329 105 4333 ’
172 4301 250 4361 nitor
271 4321 352 4364 meus
371 4304 402 4363 in
424 4303 500 4363 dicta
521 4314 599 4364 terra
621 4305 694 4364 citra
710 4285 850 4376 Pharum,
865 4317 957 4377 usque

172 4401 208 4461 ad
230 4401 351 4463 confinia
372 4414 519 4465 terrarum
538 4405 627 4485 ipsius
646 4404 811 4476 Ecclesiae,
840 4412 958 4480 excepta

173 4504 292 4564 civitate
310 4503 506 4565 Renemntana
533 4524 602 4566 cum
634 4517 694 4567 toto
716 4503 890 4575 territorio,
922 4520 956 4562 uc

172 4605 305 4665 omnibus
325 4604 502 4665 districtibus
520 4616 548 4666 et
569 4607 744 4687 pertinentiis
760 4607 836 4677 suis,
850 4620 956 4664 secun-

172 4706 241 4767 dum
260 4707 394 4787 antiquos
414 4705 485 4768 fines
503 4709 646 4768 territorii
668 4709 906 4787 pertinentiarum
929 4715 958 4766 et

171 4805 320 4869 districtus
339 4810 462 4871 civitatis
476 4806 604 4886 ejusdem
627 4828 678 4888 per
693 4810 838 4870 Romanos
851 4808 956 4868 Ponti·

172 4908 239 4972 lices
253 4911 411 4983 distinctos,
425 4922 454 4971 et
471 4912 499 4970 in
517 4923 664 4991 posterum
682 4909 906 4988 distinguendos,
920 4907 956 4966 ub

173 5012 227 5072 ltac
244 5013 316 5074 bora
333 5014 361 5073 in
376 5025 457 5076 antea
472 5011 584 5085 fidelis,
604 5022 632 5072 et
652 5012 786 5073 obediens
800 5032 852 5072 ero
867 5012 957 5071 Reuto

173 5113 262 5176 Petro
277 5125 306 5177 et
321 5116 425 5189 Paulo,
439 5127 469 5178 et
484 5115 538 5176 88.
557 5116 592 5175 D.
608 5113 642 5174 tl.
657 5114 780 5176 Domino
794 5111 957 5173 Alexandro

173 5216 267 5296 Papae
277 5216 364 5280 Serto
376 5219 492 5296 suisque
502 5218 715 5279 successoribus
726 5214 864 5276 Romanis
876 5213 956 5273 Pon·

174 5315 299 5379 tificibus
320 5322 455 5383 cauortice
476 5319 658 5394 intrantibus,
681 5316 860 5394 sanctaeque
875 5314 956 5394 Apo·

1712 217 1821 300 (teor)

1036 356 1153 418 stolieae
1167 355 1312 418 Romanae
1326 355 1482 420 Ecclesiae.
1499 355 1562 418 Non
1577 375 1629 422 ero
1650 360 1676 419 in
1694 363 1822 435 consilio,

1037 457 1082 516 vel
1105 475 1255 530 consensu,
1272 476 1322 519 seu
1343 460 1431 533 lacto,
1454 468 1487 520 ut
1510 460 1599 520 vitam
1619 462 1753 542 perdant,
1772 482 1823 531 seu

1036 557 1212 631 membrum,
1227 559 1274 619 vel
1291 560 1443 638 capiantur
1465 562 1540 621 mala
1560 564 1702 642 captione;
1726 563 1819 624 consi-

1038 655 1108 715 lium
1130 658 1207 735 quod
1226 658 1298 719 mibi
1313 660 1453 721 credituri
1467 673 1552 723 erunt
1570 670 1623 743 'per
1639 682 1680 736 se,
1697 673 1750 723 aut
1771 683 1820 744 per

1037 758 1156 818 nuncios
1169 777 1247 830 suos,
1263 761 1307 821 vel
1322 780 1375 841 per
1394 763 1503 837 literas,
1513 763 1549 822 ad
1562 782 1668 825 eorum
1685 766 1819 837 damnum

1036 859 1159 920 scienter
1180 860 1283 921 nemini
1305 862 1448 940 pandam,
1475 874 1504 924 et
1524 865 1548 925 si
1568 866 1663 926 sciero
1690 863 1754 927 steri
1777 870 1820 929 rel

1037 959 1208 1037 procurari,
1225 980 1274 1021 seu
1289 965 1411 1023 tractari
1426 964 1535 1044 aliquid
1550 966 1628 1044 quod
1643 967 1673 1026 in
1693 967 1821 1046 ipsorum

1037 1060 1174 1122 damnum
1199 1060 1283 1123 cedat
1296 1107 1305 1137 ,
1334 1063 1408 1123 illud
1434 1083 1493 1145 pro
1525 1085 1606 1146 posse
1639 1068 1679 1129 eis
1714 1067 1823 1148 signifi·

1038 1177 1105 1222 care
1127 1163 1258 1237 curabo;
1282 1162 1421 1244 Papatum
1442 1165 1630 1240 Romanum,
1651 1178 1682 1229 ct
1703 1167 1822 1248 Regalis

1038 1261 1136 1333 Sancti
1157 1262 1258 1336 Petri,
1281 1274 1339 1323 tam
1362 1264 1390 1324 in
1415 1265 1518 1346 Regno
1545 1266 1664 1328 Siciliae
1684 1279 1713 1329 et
1734 1271 1819 1330 terris

1038 1363 1201 1441 praedictis,
1224 1381 1311 1441 quum
1332 1365 1400 1425 alibi
1422 1367 1619 1442 consistentia,
1640 1366 1761 1447 adjutor
1782 1372 1819 1432 eis

1038 1480 1090 1523 ero
1104 1463 1140 1522 ad
1157 1464 1350 1537 retinendum,
1370 1461 1589 1541 defendendum,
1603 1480 1631 1530 et
1647 1487 1822 1550 recuperan-

1039 1562 1130 1635 dum,
1165 1583 1214 1625 ac.
1234 1577 1405 1645 recuperata
1443 1570 1686 1631 manutenendum
1723 1583 1820 1633 contra

1039 1683 1153 1726 omnem
1177 1664 1334 1740 hominem3
1357 1667 1506 1729 universas
1526 1679 1555 1730 et
1576 1671 1706 1750 singulas
1725 1671 1820 1732 condi·

1038 1766 1128 1825 tiones
1152 1776 1299 1827 contentas
1329 1767 1357 1827 in
1394 1768 1498 1829 litteris
1530 1770 1703 1850 Apostolicis
1740 1773 1820 1833 lnno·

1040 1867 1145 1937 centii,
1168 1866 1392 1945 praedecessoris
1414 1865 1601 1946 hujusmodi,
1632 1888 1724 1952 super
1747 1873 1818 1952 ipso·

1040 1984 1106 2024 rum
1119 1965 1209 2044 Regni
1225 1975 1253 2027 et
1265 1966 1374 2029 Terrae
1389 1970 1574 2054 ‚concessione
1588 1981 1617 2032 et
1629 1971 1814 2036 infeudatione

1039 2067 1109 2127 mibi
1124 2069 1210 2140 lacta,
1226 2069 1374 2142 coniectis,
1388 2089 1423 2130 uc
1437 2073 1543 2145 omnia,
1564 2082 1594 2134 et
1614 2073 1735 2152 singula
1749 2094 1813 2154 quae

1039 2170 1067 2229 in
1082 2170 1186 2230 eisdem
1204 2170 1293 2231 literis
1310 2172 1495 2234 continentur
1510 2175 1637 2254 plenarie
1651 2174 1815 2256 adimplebo,

1038 2280 1067 2331 et
1080 2272 1281 2334 inviolabiliter
1295 2274 1465 2346 observabo,
1475 2285 1504 2337 et
1516 2277 1598 2338 nullo
1609 2295 1741 2354 unquam
1753 2289 1817 2340 tem·

1038 2392 1109 2453 pore
1129 2374 1240 2434 verrium
1264 2385 1365 2435 contra
1386 2395 1418 2436 ea
1425 2398 1435 2449 3
1452 2395 1507 2437 non
1530 2379 1698 2457 procurabo
1714 2399 1766 2459 per
1781 2399 1817 2440 me

1039 2477 1083 2536 vel
1099 2476 1189 2535 ulium
1203 2494 1253 2537 seu
1268 2477 1341 2538 alios
1358 2479 1460 2556 quovis
1479 2481 1577 2555 modo,
1597 2491 1630 2540 ut
1651 2482 1764 2560 eliger,
1779 2483 1815 2542 vel

1039 2577 1170 2637 nominer
1196 2578 1225 2637 in
1243 2597 1341 2657 regem
1359 2579 1404 2640 vel
1424 2580 1631 2662 Imperatorum
1650 2582 1815 2654 Romanum,

1037 2696 1087 2739 seu
1107 2679 1216 2757 Regem
1233 2671 1412 2742 Tbentoni'ae
1433 2683 1662 2745 autDonainum
1679 2681 1816 2745 Lombar·

1038 2778 1101 2841 diae
1118 2784 1161 2842 vel
1178 2780 1301 2842 Tusciae
1322 2800 1372 2842 seu
1391 2779 1511 2859 maioris
1532 2785 1624 2863 partis
1643 2784 1813 2846 eorumden:

1036 2883 1100 2943 etsi
1116 2882 1218 2942 electio
1235 2885 1279 2942 rel
1298 2882 1456 2946 nominatio
1475 2884 1511 2943 ad
1524 2869 1685 2965 Imperium
1703 2887 1750 2947 vel
1765 2885 1815 2947 Re·

1037 3001 1128 3062 gnnm
1150 2981 1329 3044 Tbeutoniae
1356 2995 1408 3046 aut
1430 2985 1589 3046 dominium
1610 2985 1815 3060 Lomburdiae,

1037 3087 1084 3146 vel
1099 3086 1222 3146 Tusciae
1236 3103 1287 3145 seu
1304 3082 1423 3162 majoris
1438 3075 1529 3167 partis
1544 3089 1717 3151 eorumdem
1733 3089 1766 3150 de
1777 3107 1814 3148 nte

1038 3186 1179 3246 celebrari
1201 3186 1364 3266 contigerit,
1387 3189 1500 3249 nullum
1515 3187 1686 3266 hujusmodi
1706 3191 1814 3251 electio·

1038 3287 1084 3361 ni,
1108 3305 1158 3346 seu
1188 3287 1373 3347 nominationi
1394 3298 1446 3348 aut
1469 3289 1652 3369 postulationi
1677 3308 1815 3351 assensum

1038 3387 1211 3467 praestabo,
1233 3405 1285 3448 uec
1302 3387 1491 3449 intromittam
1502 3409 1556 3451 ⁴me
1571 3391 1674 3468 aliquo
1691 3391 1774 3452 modo
1787 3390 1816 3451 de

992 3493 994 3497 ’
1036 3507 1163 3561 eorum,
1186 3489 1232 3549 vel
1254 3485 1381 3565 alicujus
1402 3490 1533 3569 ipsorum
1555 3492 1715 3570 regimine,
1736 3509 1816 3569 neque

1037 3592 1122 3652 etium
1134 3590 1168 3650 de
1182 3590 1297 3650 civitate
1315 3590 1526 3665 Beneventano,
1541 3603 1570 3653 et
1584 3592 1644 3652 suis
1659 3593 1818 3663 territoriis,

1037 3691 1214 3752 districtibus
1229 3701 1257 3751 et
1273 3691 1472 3769 pertinentiis,
1490 3711 1541 3755 seu
1557 3692 1592 3753 de
1602 3692 1771 3773 Campania,
1785 3693 1815 3754 de

1036 3792 1203 3863 Maritima,
1222 3791 1339 3853 Ducatu
1359 3792 1533 3873 Spoletaao,
1563 3793 1696 3855 blarcbia
1728 3796 1818 3855 Anco·

1036 3893 1148 3966 altana,
1166 3893 1344 3953 Patrimonio
1362 3894 1445 3954 Beati
1461 3895 1540 3956 Petri
1556 3897 1584 3956 in
1597 3896 1719 3969 Tuscia,
1732 3897 1817 3957 Massa

1036 3993 1200 4067 Trabario‚
1223 4012 1316 4071 neque
1336 3994 1547 4069 Romaudiola‚
1562 3998 1648 4058 'alma
1670 3998 1775 4071 Urbe,
1792 3997 1818 4056 in

1035 4096 1200 4156 civitatibus
1212 4095 1627 4171 Perusina,CivitatcCastelli,
1640 4099 1819 4171 Bononiensi,

1035 4198 1222 4269 Ferrariensi,
1235 4197 1435 4270 Avenionensi,
1448 4198 1493 4260 vel
1505 4197 1653 4260 Comitatu
1669 4199 1819 4271 Venusino,

1034 4316 1084 4359 seu
1105 4299 1168 4359 aliis
1186 4300 1272 4359 terris
1288 4298 1522 4376 quibuscumque
1537 4299 1659 4379 praefati
1673 4299 1730 4361 88.
1743 4300 1818 4361 tttl.

1035 4400 1129 4480 Papae
1161 4399 1314 4472 dominiis,
1346 4419 1396 4461 seu
1429 4400 1520 4461 feudis
1553 4402 1645 4481 ipsius
1676 4401 1820 4464 Ecclesiae

1035 4501 1153 4562 ubilibet
1174 4502 1347 4575 constitutis,
1369 4522 1403 4562 ex
1424 4503 1624 4576 successione,
1644 4504 1692 4564 vel
1716 4505 1818 4583 legato,

1034 4623 1084 4663 seu
1105 4603 1270 4676 donatione,
1293 4613 1345 4663 aut
1365 4603 1548 4676 venditione,
1570 4605 1614 4664 rel
1634 4604 1693 4666 alio
1715 4606 1816 4683 quovis

1034 4707 1134 4777 titulo,
1147 4706 1191 4766 vel
1208 4716 1376 4779 contractu,
1392 4705 1464 4765 nibil
1483 4706 1554 4765 mibi
1571 4724 1703 4784 unquam
1719 4704 1817 4782 acqui·

1038 4825 1119 4879 rum,
1142 4807 1189 4866 vel
1215 4805 1379 4880 vindicabo,
1401 4825 1450 4866 seu
1473 4817 1567 4886 petam
1588 4806 1756 4884 acquirere,
1778 4804 1816 4865 rel

1035 4908 1249 4985 quomodolibet
1271 4906 1443 4979 vindicare,
1464 4918 1493 4969 et
1513 4907 1585 4968 nihil
1616 4925 1748 5000 unquam
1770 4925 1815 4966 re·

1034 5011 1138 5090 cipiunt
1162 5011 1207 5069 rel
1229 5008 1359 5082 habebo,
1382 5027 1433 5068 scu
1464 5010 1618 5081 retinebo,
1647 5010 1694 5069 vel
1726 5018 1815 5088 petam

1033 5114 1183 5192 recipere,
1204 5111 1348 5186 retinere,
1371 5127 1424 5172 nec
1444 5112 1530 5172 etiam
1555 5110 1661 5172 babere
1683 5110 1711 5168 in
1740 5109 1816 5179 illis,

1010 5201 1014 5213 '
1034 5233 1126 5293 neque
1145 5216 1236 5275 ullum
1252 5212 1450 5294 potestatium,
1465 5211 1637 5294 capitaulam
1656 5212 1702 5273 rel
1722 5219 1816 5272 recto·

1033 5316 1125 5391 riam,
1147 5317 1318 5394 nullumquc
1340 5314 1419 5376 aliud
1440 5314 1566 5376 officium
1588 5314 1742 5394 recipiam,
1766 5326 1813 5372 seu
