3764 6036
29 271 141 355 (raso)

34 405 247 488 baptizandae,
265 404 380 466 interim
401 406 497 466 dicens
519 407 554 466 in
575 405 700 467 nomine
715 405 824 468 Patris
870 465 873 467 Α

32 514 87 569 elo.
110 507 206 568 Finito
223 507 338 580 adimo,
360 506 503 586 baptizata
531 506 568 564 ad
591 507 709 565 domum
731 506 825 585 patris

32 617 182 686 reportata
201 615 255 679 est,
275 617 303 665 et
324 605 489 667 Cerdinales
513 622 611 665 omnes
629 606 665 664 ad
687 624 739 665 sua
770 624 824 685 pa·

33 707 101 767 latia
126 706 285 785 redierunt,
306 706 414 778 tribus,
434 706 644 778 Beneventano,
662 706 782 777 Ursino,
796 715 825 765 et

35 806 68 865 S.
87 804 255 864 Anastasiae
286 804 428 884 demptis,
448 807 518 883 qrri,
540 807 563 864 si
586 817 666 866 recle
686 804 822 877 memini,

32 906 205 985 priusquam
227 904 262 962 nd
285 923 336 964 sna
358 906 462 984 palatia
482 906 622 978 redirent,
644 905 824 984 praedictum

32 1005 227 1065 Franciscum
248 1004 320 1066 Cibo
332 1048 342 1078 ,
363 1002 446 1081 cujus
468 1004 525 1066 filia
545 1007 685 1085 baptizata
707 1018 769 1078 est,
798 1009 825 1066 ia

33 1109 142 1186 palatio
163 1125 216 1166 suo
236 1106 434 1167 visitaverunt.

76 1209 163 1267 Festo
183 1206 372 1286 lipipbnniae,
393 1207 424 1266 6.
443 1204 598 1282 januarii,
619 1209 699 1268 circa
723 1206 825 1267 boram

34 1305 217 1386 vigesimam,
238 1317 386 1385 portatum
407 1318 449 1368 est
468 1307 503 1392 nd
523 1307 671 1367 basilicam
686 1308 718 1366 S.
736 1306 826 1380 Petri,

34 1407 188 1477 cadaver,
208 1406 268 1465 sire
289 1423 398 1485 corpus
425 1406 563 1467 lobannis
586 1408 619 1469 de
646 1405 827 1468 lanfredinis

37 1505 175 1567 Orator-is
196 1506 415 1567 communitatis
436 1508 694 1580 Florentinorum,
712 1506 747 1583 ad
770 1507 825 1567 SS.

36 1607 73 1667 D.
90 1606 124 1665 N.
138 1605 247 1665 dudum
269 1606 411 1678 destinati,
433 1607 484 1685 qui
505 1607 567 1668 beri
588 1620 650 1687 post
671 1607 826 1687 prandium

35 1709 113 1768 diem
136 1707 241 1766 clausit
263 1714 434 1766 extremum.
456 1706 654 1767 linbumatum
676 1707 732 1766 fuit
757 1710 827 1766 cor·

38 1828 94 1887 pus
115 1804 179 1881 ejus
201 1817 229 1868 et
251 1807 362 1866 viscera
384 1809 505 1886 sepulta3
526 1825 631 1886 corpus
655 1825 725 1866 vero
746 1815 828 1884 post·

36 1911 127 1986 qnam
151 1910 178 1965 ln
200 1907 350 1966 ecclesiam
373 1919 520 1985 portatum
550 1907 628 1978 fuit,
650 1918 681 1968 et
702 1905 827 1966 officium

36 2028 73 2067 ac
92 2025 190 2067 sermo
211 2005 356 2086 completi,
378 2006 537 2084 depositum
562 2009 617 2088 luit
643 2008 672 2066 in
703 2006 828 2084 quadarn

35 2124 133 2186 capsa,
157 2107 213 2166 tela
232 2106 315 2183 nigra
337 2106 536 2178 circumdata,
557 2119 587 2167 et
608 2125 693 2186 capsa
716 2107 776 2184 ipsa
800 2109 829 2167 in

35 2206 169 2285 cappella
189 2204 220 2265 8.
243 2205 351 2265 blariae
372 2207 407 2266 de
417 2207 563 2279 Floribus,
582 2209 642 2267 sive
660 2225 750 2286 prope
766 2225 829 2266 eam

37 2307 175 2384 reposita,
191 2308 257 2384 qnia
280 2308 354 2366 infra
369 2297 476 2386 paucos
490 2307 549 2367 dies
568 2307 743 2368 Florentiam
757 2325 829 2386 por-

37 2407 159 2467 tandum
180 2415 255 2478 erat,
268 2419 358 2485 prout
371 2411 456 2468 etiam
476 2408 531 2468 fuit
552 2421 710 2488 portatum.
733 2408 831 2468 lnter·

36 2509 161 2567 fuerunt
175 2509 299 2569 larniliae
321 2509 375 2568 88.
398 2509 434 2569 D.
458 2506 492 2568 N.
514 2521 542 2571 et
564 2509 627 2568 ltlt.
643 2509 705 2568 DD.
722 2508 831 2570 Cardi-

36 2608 162 2691 nolimu,
181 2626 215 2668 ac
235 2606 375 2668 Oratores
394 2608 422 2667 in
446 2627 565 2669 romana
590 2610 672 2669 cnria
691 2628 833 2688 praesen·

37 2718 96 2769 tes:
128 2710 264 2787 praelati,
284 2722 313 2768 et
335 2706 475 2771 Oratores
496 2719 712 2790 congregarunt
744 2729 774 2770 se
804 2711 831 2769 iu

38 2811 134 2888 prima
156 2828 271 2869 camera
301 2820 365 2889 post
385 2812 493 2883 aulam,
514 2814 542 2870 in
562 2829 620 2888 qua
640 2811 726 2870 etiam
748 2810 831 2872 sede·

39 2911 109 2969 bant
132 2922 188 2970 tres
208 2897 323 2983 funesti,
337 2909 429 2984 filius,
442 2913 564 2972 maritus
584 2912 668 2984 filiae,
691 2922 719 2972 et
740 2913 832 2973 frater

40 3014 143 3071 uraris
175 3029 265 3084 suae3
298 3029 404 3091 corpus
435 3009 610 3088 jacebatin
643 3013 709 3072 aula
743 3031 831 3092 supra

40 3130 168 3172 mersam
188 3130 271 3172 inore
291 3112 401 3184 solito,
420 3124 448 3172 et
471 3116 548 3173 circa
574 3113 639 3174 binc
663 3113 727 3174 inde
749 3114 833 3174 sede·

39 3212 110 3271 bant
125 3210 282 3271 familiares
300 3212 346 3271 sui
367 3213 469 3272 funesti
481 3204 607 3274 'circiter
620 3214 730 3287 decem,
745 3217 835 3278 fone·

41 3312 153 3371 ralibus
175 3315 274 3392 pannis
294 3312 395 3372 induti.
417 3314 613 3375 interfuerunt
634 3316 740 3375 fratres
757 3335 833 3394 qua-

40 3423 111 3473 tuor
124 3425 330 3486 conventuum,
343 3412 374 3472 S.
386 3413 494 3475 lliarine
506 3414 540 3477 de
551 3415 676 3495 Populo,
691 3419 833 3491 Aracaeli,

43 3514 80 3574 de
100 3514 247 3585 llinerva,
265 3523 295 3574 et
317 3514 348 3574 S.
366 3516 531 3594 Augustini,
551 3515 721 3589 beneficiali,
732 3527 760 3576 et
772 3519 834 3577 cle·

43 3616 99 3675 rici
120 3615 215 3675 dictae
235 3613 369 3674 basilicae
388 3614 419 3674 S.
442 3615 529 3676 Petri.
549 3617 685 3678 Canonici
706 3615 832 3695 ejusdem

43 3717 183 3776 ccclesiae
205 3706 348 3775 venerunt
364 3719 391 3775 ei
417 3715 532 3776 obviam
563 3736 655 3795 usque
682 3700 725 3776 ud
744 3721 835 3779 scalas

43 3814 176 3893 ejusdem
199 3815 330 3877 basilicae
341 3837 353 3890 3
373 3830 591 3896 praecesserunt
619 3819 669 3881 lo.
692 3820 834 3881 intorticia

45 3928 110 3996 post
127 3917 228 3989 fonto,
250 3935 323 3994 quae
342 3929 517 3979 mercatores
539 3919 680 3981 florentini
699 3939 716 3979 a
738 3923 835 4000 seipsis

43 4018 169 4078 ordinati
191 4017 351 4096 portabanc
366 4017 449 4078 lbani
464 4021 568 4099 singuli
587 4021 756 4095 familiarem
771 4021 835 4100 pri·

44 4137 110 4178 anus
142 4128 207 4180 erat
229 4119 330 4192 vilior,
352 4122 512 4180 successive
545 4123 748 4194 ascendentes,
770 4135 835 4201 post

45 4221 184 4280 ultimum
196 4218 393 4303 familiarium,
407 4219 484 4281 filius
495 4221 620 4299 defuncti
634 4223 746 4283 medius
761 4226 834 4284 inter

43 4321 117 4381 duos
140 4321 283 4401 praelatos
303 4320 406 4381 Palatii
423 4340 441 4380 e
461 4322 604 4395 dexteris,
625 4334 653 4384 et
673 4321 835 4386 Oratorem

44 4421 134 4501 Regis
155 4422 327 4482 Fer-dinundi
349 4421 487 4496 Siciliae,
509 4423 609 4485 deinde
626 4425 717 4485 frater
739 4426 835 4486 uxoris

44 4523 174 4584 defuncti
200 4523 287 4582 etiam
309 4522 516 4585 medius‘inter
534 4527 678 4606 praelatos
698 4526 799 4585 Palatii
817 4546 834 4585 a

45 4623 198 4696 dexteris,
224 4636 252 4684 et
286 4621 445 4684 Oratorem
470 4644 487 4684 a
518 4627 648 4687 sinistris.
682 4628 758 4688 Tum
787 4631 833 4690 alii

45 4727 169 4804 praelati
188 4736 217 4785 et
237 4723 379 4786 Oratores
399 4744 453 4786 sao
473 4727 581 4790 ordine.
598 4728 737 4791 Candelae
754 4730 836 4792 datae

48 4837 116 4887 sunt
138 4826 282 4906 religiosis
303 4825 331 4885 in
353 4829 425 4887 ostio
446 4826 580 4889 basilicae
602 4831 786 4910 praedictae,
807 4832 835 4892 in

46 4929 133 5008 eujus
153 4928 280 4990 medium
301 4930 338 4989 ad
364 4932 462 4992 locum
493 4932 611 4992 solitum
638 4932 763 5010 positum
793 4948 838 4994 est

46 5030 158 5104 funus,
185 5042 214 5092 et
239 5031 299 5093 filio
320 5049 354 5091 ac
375 5033 439 5093 nlils'
458 5031 576 5094 funestis
598 5033 676 5092 circa
696 5033 837 5094 stantibus

48 5144 199 5193 cantatum
226 5146 269 5194 est
286 5134 324 5196 1r.
340 5135 461 5196 bibero
482 5153 528 5192 mc
544 5133 700 5206 contine,-
724 5135 836 5194 interim

45 5235 189 5313 praelnti,
210 5246 238 5295 et
265 5233 407 5296 Oratores
428 5236 544 5303 iverunt
565 5234 603 5293 ad
624 5234 748 5296 eborum
771 5246 836 5298 ante

45 5335 142 5396 altare
165 5335 270 5398 Bealae
290 5335 399 5400 biarlae
421 5336 647 5409 canonicorum,
675 5347 704 5397 et
732 5338 835 5399 ibidem

493 266 776 332 consulemus
796 267 1020 333 tnfllocutlln
1041 263 1194 328 octavi.
1622 255 1682 318 lta

892 416 997 465 stantes
1016 400 1093 479 justa
1115 401 1231 469 altare,
1253 413 1354 458 versus
1372 395 1407 455 ad
1424 395 1567 474 praelatos
1581 391 1684 453 domi·

891 525 945 566 nus
954 503 1059 564 Petrus
1074 500 1203 570 blarcus,
1222 497 1257 556 lt.
1279 496 1314 555 D.
1333 494 1492 556 Cardinalls
1507 494 1539 582 S.
1562 491 1682 579 Georgii

892 605 1096 684 cappellanus,
1123 616 1282 660 sermonem
1312 595 1379 657 fecit
1400 595 1434 656 de
1464 595 1536 654 vita,
1556 592 1687 654 defuncti

892 724 974 765 rnore
996 712 1140 783 consueto
1153 699 1265 763 Fuisset
1281 695 1374 775 magis
1393 693 1594 774 commodum,
1605 690 1684 769 qnod

892 805 972 865 linito
993 798 1173 883 responsorio
1194 815 1290 858 sermo
1322 797 1469 875 incoeptus
1491 803 1587 863 esset,
1615 792 1683 868 quia

894 917 999 967 cantus
1009 905 1127 963 illorum
1143 900 1220 967 bunc
1236 897 1415 977 impediebat.
1436 895 1577 955 Sermone
1591 890 1685 974 linita,

893 1007 997 1067 funesti
1017 1023 1036 1061 a
1056 1002 1114 1061 suis
1135 1003 1233 1060 amieis
1248 1017 1298 1060 nec
1317 997 1460 1077 praelatis,
1472 1013 1523 1054 nec
1544 978 1684 1053 Oratori-

895 1107 949 1166 bus
969 1100 1114 1173 assnciati,
1138 1100 1288 1160 redierunt
1309 1098 1346 1156 ad
1367 1093 1685 1168 domum,similiter.et

895 1206 1039 1286 praelati,
1060 1201 1264 1286 Oratoresnue
1296 1200 1333 1258 ad
1360 1198 1460 1258 domos
1480 1212 1546 1253 snas
1573 1192 1684 1253 reversi

893 1316 981 1376 sunt,
1003 1302 1101 1363 deinde
1122 1302 1208 1361 funus
1225 1310 1371 1379 portatum
1391 1305 1435 1356 est
1456 1306 1485 1355 et
1505 1290 1683 1371 depositum,

895 1419 1040 1484 utsupra.
1066 1403 1200 1464 iiiortuns
1229 1410 1326 1460 aulem
1346 1407 1390 1460 est
1411 1397 1496 1456 domn
1519 1389 1641 1468 Aciajoli
1657 1390 1685 1450 in

892 1506 994 1584 Bnrgo
1016 1522 1072 1565 non
1088 1504 1174 1580 longe
1196 1520 1213 1559 a
1235 1503 1330 1579 platea
1353 1499 1385 1558 S.
1405 1497 1499 1570 Petri,
1512 1512 1601 1574 quam
1616 1491 1686 1570 qui·

895 1607 959 1665 dem
985 1605 1021 1665 D.
1043 1603 1182 1664 Antonius
1201 1602 1235 1662 de
1258 1601 1388 1662 Forlivio
1405 1598 1543 1659 Camenae
1561 1595 1688 1674 Aposto-

895 1708 965 1767 licae
985 1707 1109 1767 clericus
1133 1701 1318 1772 inhabitavit,
1338 1708 1371 1773 et·
1387 1718 1421 1759 ex
1439 1697 1537 1759 eudem
1552 1697 1638 1756 domo
1651 1694 1688 1754 ad

895 1808 1001 1867 dictam
1022 1805 1169 1865 basilicam
1190 1802 1358 1880 deportatus
1376 1810 1427 1859 est.

938 1908 990 1966 llis
1008 1906 1110 1967 diebus
1130 1912 1229 1964 exorta
1251 1902 1349 1979 aliqua
1369 1899 1511 1960 contentio
1530 1900 1603 1957 inter
1618 1914 1684 1956 ma·

896 2008 1034 2087 gnilicum
1056 2007 1092 2065 D.
1112 2003 1271 2065 iohannem
1294 2001 1470 2060 de-Stndieo
1499 1999 1640 2069 militem,
1661 2010 1689 2058 et

896 2113 1057 2179 doctorem,
1077 2109 1151 2185 ligae
1170 2104 1306 2173 Sveriee,
1328 2104 1389 2163 sire
1417 2103 1448 2162 S.
1473 2100 1590 2179 Georgii
1602 2096 1691 2158 Ora·

896 2222 1000 2277 torem,
1012 2220 1040 2270 et
1062 2208 1097 2266 D.
1121 2206 1242 2266 Petrum
1257 2201 1368 2287 Oueicb
1390 2202 1596 2286 Praepositum
1610 2199 1689 2259 lllus.

897 2310 932 2369 D.
947 2308 1065 2371 Comitis
1080 2307 1271 2367 Palatinensis
1288 2307 1358 2367 lieni
1374 2308 1508 2369 electoris
1531 2318 1599 2378 ete,
1611 2303 1692 2364 Ora·

898 2420 991 2471 torem
1010 2408 1046 2468 ad
1068 2407 1124 2467 88.
1140 2406 1176 2467 D.
1200 2406 1234 2466 N.
1253 2408 1436 2478 destinatum,
1460 2426 1547 2487 super
1567 2423 1689 2486 praece-

887 2511 1002 2571 dentia.
1017 2507 1110 2569 umbo
1130 2508 1183 2588 ipsi
1204 2508 1387 2569 concorditer
1407 2508 1593 2569 differentiam
1608 2523 1690 2566 suurn

898 2610 968 2671 mibi
987 2612 1170 2683 remiserunt,
1190 2611 1228 2670 ita
1240 2609 1317 2687 quod
1336 2608 1513 2682 ordinarem,
1533 2605 1617 2685 juxta
1632 2625 1690 2668 cu·

899 2716 969 2774 riae
988 2711 1222 2780 consuetudinem
1235 2753 1251 2789 ,γ
1265 2721 1293 2770 et
1317 2709 1483 2788 justitiam,
1504 2708 1571 2786 quis
1589 2725 1692 2768 eorum

898 2813 1071 2893 praecedere
1090 2812 1214 2892 deberet.
1238 2809 1322 2871 Nolui
1341 2827 1415 2870 onus
1443 2811 1610 2886 suscipere,
1641 2805 1691 2865 sed

900 2914 968 2988 dixi,
993 2933 1055 2975 rem
1076 2912 1131 2972 88.
1152 2912 1187 2971 D.
1210 2910 1244 2971 N.
1269 2912 1344 2972 velle
1374 2925 1547 2989 proponere,
1570 2917 1600 2965 et
1628 2900 1694 2979 ejus

900 3016 1068 3077 mandatum
1090 3012 1190 3073 deinde
1212 3012 1285 3072 relle
1299 3011 1401 3087 exequi
1414 3029 1424 3081 3
1438 3010 1490 3087 ipsi
1511 3004 1694 3072 nibilominus

900 3136 955 3197 pro
974 3136 1007 3177 en
1030 3115 1086 3186 die,
1108 3131 1166 3190 qua
1188 3112 1257 3172 baec
1279 3109 1349 3177 nribi
1375 3109 1518 3179 dixerunt,
1531 3104 1694 3165 coneorda-

902 3228 971 3277 runt
989 3215 1068 3293 quod
1086 3214 1120 3272 D.
1144 3213 1285 3272 iohannes
1307 3209 1492 3291 praecederet
1511 3209 1570 3267 sine
1591 3202 1695 3286 prein-

901 3318 975 3378 dicio
987 3361 995 3390 ,
1005 3315 1103 3376 deinde
1118 3315 1174 3373 alia
1196 3313 1240 3373 die
1259 3310 1446 3391 praecederet
1467 3308 1503 3368 D.
1516 3308 1620 3369 Petrus
1633 3308 1695 3367 sine

902 3416 1080 3497 praejudicio
1091 3415 1204 3474 Domini
1214 3413 1371 3473 lobannis:
1395 3411 1465 3471 baec
1482 3410 1556 3471 inter
1577 3427 1606 3468 se
1625 3409 1697 3489 plu·

902 3522 959 3580 ries
977 3520 1005 3576 in
1032 3517 1182 3595 cappella,
1214 3515 1293 3594 Papa
1318 3525 1480 3593 praesente.
1501 3512 1570 3572 Fuit
1595 3521 1693 3577 antem

902 3619 974 3679 baec
996 3619 1069 3677 inter
1088 3635 1138 3677 eos
1160 3635 1255 3677 causa.
1276 3615 1378 3676 Dictus
1398 3616 1434 3674 D.
1449 3614 1591 3675 lebannes
1613 3611 1697 3672 Non·

902 3721 960 3783 tius
977 3726 1055 3791 eret,
1075 3718 1134 3778 sire
1157 3716 1271 3793 Orator
1286 3718 1360 3796 ligae
1382 3716 1413 3776 S.
1427 3715 1546 3794 Georgii
1560 3732 1622 3792 ‚per
1640 3712 1698 3772 Se·

902 3820 1066 3881 renissimos
1088 3822 1296 3898 Imperatorem
1319 3828 1349 3878 et
1369 3806 1477 3895 Regem
1498 3816 1696 3876 Romanorum

903 3919 1089 3981 confirmatae
1111 3930 1140 3978 et
1161 3919 1318 3991 stabilitae,
1349 3919 1493 3978 institutae
1522 3934 1578 3995 pro
1596 3914 1695 3974 defen·

902 4023 979 4081 sione
1001 4032 1147 4080 terrarum
1170 4017 1364 4100 Germaniae,
1384 4017 1477 4076 Sacro
1493 4034 1612 4076 romano
1633 4015 1696 4073 lm·

902 4122 983 4202 perio
1002 4122 1210 4193 subiectarum,
1224 4120 1258 4181 de
1277 4118 1461 4198 quaquidem
1482 4118 1616 4196 ligatione
1630 4129 1698 4177 sunt

902 4223 1033 4284 iliarcbio
1054 4225 1187 4284 lindensis
1208 4222 1311 4283 Comes
1336 4220 1371 4281 de
1396 4217 1577 4297 Vitebergb,
1596 4228 1626 4278 et
1649 4217 1699 4276 alli

903 4325 1066 4402 complures
1079 4324 1219 4397 Comites,
1241 4324 1373 4396 barenes,
1394 4320 1509 4392 milites,
1526 4331 1555 4381 et
1576 4318 1695 4391 nobiles,

902 4426 1011 4504 oppido
1033 4426 1145 4486 Utinen.
1179 4423 1220 4507 (i)
1249 4437 1278 4486 et
1305 4425 1360 4483 alia
1395 4425 1554 4503 complure.
1577 4419 1634 4481 Est
1667 4432 1697 4481 et

902 4526 993 4588 eidem
1005 4527 1183 4604 collegiatus
1191 4528 1227 4586 lt.
1238 4526 1273 4585 D.
1284 4524 1525 4604 Arcbiepiscapus
1550 4524 1700 4602 Maguuti·

903 4629 1011 4699 nensis,
1032 4629 1111 4686 lllos.
1135 4627 1336 4706 sigismundus
1364 4627 1498 4686 Austriae
1528 4624 1699 4696 brebidux,
1765 4642 1775 4661 ·

904 4739 931 4787 et
952 4727 1003 4787 alii
1022 4727 1184 4805 Principem
1201 4741 1229 4789 et
1251 4729 1395 4807 cumipse
1416 4728 1450 4786 D.
1486 4725 1629 4786 Jobannes
1644 4742 1700 4784 non

904 4831 998 4889 solurn
1021 4827 1131 4888 Orator
1152 4830 1227 4908 ligae
1248 4827 1410 4908 praedictae
1429 4837 1518 4900 esset,
1539 4824 1588 4885 sed
1609 4824 1696 4885 etiam

903 4931 1101 5009 praelatorum
1114 4930 1331 5010 drcbiepiscopi
1342 4929 1578 5007 biaguntinensis,
1590 4936 1620 4987 et
1634 4927 1698 4986 Ar·

904 5034 1051 5106 chiducis,
1066 5035 1115 5111 qui
1137 5052 1190 5112 pro
1211 5032 1386 5111 expeditione
1400 5047 1452 5088 sua
1467 5047 1535 5087 srros
1551 5024 1695 5088 Oralores

905 5137 1082 5210 ministratur
1104 5137 1131 5195 iu
1152 5153 1218 5195 enm
1239 5135 1348 5202 locrrm,
1370 5133 1396 5190 in
1420 5148 1478 5208 quo
1500 5129 1559 5209 ipse
1580 5127 1617 5186 ad
1632 5126 1696 5190 Ur·

907 5236 972 5298 bem
994 5236 1104 5299 Orator
1126 5237 1222 5299 fuerat
1244 5234 1410 5306 destinatus,
1431 5243 1460 5292 et
1481 5247 1620 5290 unacum
1638 5230 1695 5306 liga
1763 5225 1767 5232 '

907 5338 1001 5417 ipsum
1012 5339 1210 5412 ordinaverat,
1225 5348 1257 5396 ut
1274 5334 1518 5414 llaguntinensem
1534 5330 1698 5391 Palatinum
