3764 6036
194 249 256 310 tat
649 250 933 318 ronrtrtcartts
954 250 1178 327 tattocmtrtt
1199 253 1352 318 OGTth.

190 388 365 466 praecedere
391 389 530 463 deberet,
560 390 600 450 ita
626 392 678 470 ipsi
711 389 832 452 Oratori
855 391 978 452 Palatini

190 489 332 565 praeferri
354 487 474 562 debere,
487 501 516 549 et
534 491 673 570 anteponi.
698 492 732 551 D.
754 491 859 551 Petrus
875 493 978 551 innite-

191 584 288 660 batur,
299 586 335 646 tt.
355 588 390 647 D.
405 588 650 668 maguntinensem
660 624 662 629 ·
672 591 804 652 comitem
816 591 977 651 Palatinum

189 685 344 747 Dominum
364 706 450 747 suum
465 691 658 769 praecedere;
675 703 770 753 tamen
786 693 925 771 cumipse
940 692 978 753 D.

188 783 332 848 iohannes
355 806 411 849 non
432 800 505 851 esset
529 794 557 849 ln
578 791 659 854 Urbe
681 778 790 852 Orator
812 801 846 852 ut
866 792 977 852 Palati·

189 902 254 955 nus‚
275 887 323 947 sed
346 899 376 947 nt
399 890 472 968 ligo,
494 891 638 969 allegabat
659 891 787 968 primum
808 893 904 952 locum
923 892 976 969 sibi

189 972 254 1045 lore
282 985 417 1051 debitum.
440 989 534 1048 Habui
560 1008 648 1069 super
679 990 739 1053 hoc
763 989 907 1067 judicium
939 991 976 1051 tt.

190 1084 225 1142 D.
255 1083 413 1146 Cardiualis
444 1088 593 1164 Senensis,
622 1091 669 1150 cui
696 1091 769 1163 dixi,
788 1093 860 1152 mihi
882 1093 975 1156 videri

190 1185 267 1260 quod
288 1186 323 1244 D.
346 1187 488 1249 iohannes
506 1203 577 1251 asset
595 1190 812 1276 praeferendus:
832 1193 977 1272 respondit

187 1281 224 1341 lt.
243 1284 406 1348 Dominatio
427 1308 478 1348 sua
499 1309 536 1350 se.
551 1291 671 1353 credere
689 1311 736 1353 mc
756 1311 869 1365 errare,
888 1304 918 1354 et
937 1295 976 1355 D.

188 1381 310 1444 Petrum
320 1388 388 1450 lore
412 1391 652 1469 anteponendum,
680 1411 748 1452 cum
769 1393 805 1452 D.
827 1394 976 1472 Magnani-

190 1486 282 1558 nensis
302 1504 358 1547 non
379 1500 452 1554 esset
472 1491 500 1548 in
520 1491 578 1569 liga
595 1503 731 1568 tanquam
753 1492 975 1570 lllnguntmensis

186 1585 427 1668 electorlmperii,
436 1589 485 1651 sed
499 1600 534 1649 nt
546 1592 975 1673 praelatus,etPrinceps3uihi·

187 1685 310 1746 lominus
330 1688 382 1747 sibi
406 1688 553 1750 rideretur
576 1692 654 1766 quod
673 1694 822 1753 consilium
839 1692 973 1754 haberem

186 1782 313 1845 duorum
324 1788 500 1861 Auditorum
512 1790 613 1861 llatae,
623 1804 675 1851 aut
688 1793 810 1852 aliorum
826 1794 975 1871 praelato-

186 1901 254 1951 rum
266 1884 418 1947 do'ctorum
432 1931 441 1960 ,
456 1894 642 1969 nequiquam
654 1911 688 1953 ex
699 1891 812 1953 duobus
823 1894 974 1972 praedictis

187 1981 315 2046 deterior
330 1984 420 2049 lieret.
446 1989 586 2051 Consului
604 2010 692 2073 super
708 1992 773 2055 hoc.
790 1994 826 2053 D.
841 1987 973 2057 Feliunm

186 2081 333 2146 Sandeum
344 2088 514 2150 nanim-em
529 2090 631 2166 Rotae,
644 2095 693 2154 cui
715 2094 808 2156 visum
822 2106 874 2169 est,
893 2107 974 2174 post-

185 2201 274 2261 quam
296 2188 354 2266 liga
374 2207 409 2248 ex
424 2188 505 2268 justa
525 2209 611 2251 causa
633 2196 780 2267 instituta,
800 2206 829 2256 et
846 2213 900 2274 per
920 2214 972 2256 su·

185 2287 352 2363 periuram,
370 2288 500 2352 tidelicet
520 2291 751 2372 hnperatorem,
772 2296 894 2375 probata
915 2315 972 2359 uon

186 2387 402 2462 conventicula,
430 2399 460 2451 et
489 2392 517 2450 ia
544 2410 578 2452 ea
599 2402 667 2453 sunt
684 2396 805 2473 plures,
834 2397 920 2455 etiam
948 2378 974 2455 si

185 2487 282 2547 nullus
296 2491 333 2547 sit
344 2488 474 2551 Palatino
485 2492 652 2571 major,sibi
664 2494 755 2555 rideri
770 2495 849 2573 quod
861 2479 971 2558 Orator

186 2586 300 2666 ligaeet
314 2588 445 2663 Comitis,
465 2590 590 2655 Palatini
606 2591 727 2655 Oratori
745 2594 780 2655 de
798 2593 868 2672 jure
882 2615 973 2676 praa·

184 2687 336 2762 terendus,
357 2708 425 2751 eum
445 2691 539 2770 major
559 2693 691 2772 dignitas,
703 2704 733 2757 e't
751 2698 971 2776 praeeminentia

184 2789 222 2848 sit
241 2788 376 2866 pluribus
398 2792 427 2851 in
455 2810 512 2852 uno
523 2813 534 2865 3
558 2793 657 2857 deinde
676 2796 751 2858 idem
772 2798 917 2861 conclusit*
931 2799 970 2858 D.

184 2888 327 2950 lohannes
347 2894 496 2970 episcopus
514 2895 723 2957 Alexandrinus
746 2915 821 2960 nous
840 2918 875 2961 ax
894 2902 970 2960 sacri

183 2991 281 3068 palatii
301 3008 457 3051 causarum
473 2993 657 3056 auditoribus
680 3000 777 3059 locum
794 3012 906 3073 tenens,
922 3002 969 3062 sed

187 3109 305 3161 causant
317 3089 397 3149 mihi
416 3110 473 3152 non
491 3096 636 3173 allegarit:
652 3098 722 3191 disis
738 3111 841 3179 umen,
858 3103 882 3160 si
906 3102 971 3162 rel·

183 3193 251 3264 lem,
269 3196 297 3254 ia
317 3191 401 3254 domo
417 3194 486 3254 mihi
502 3214 618 3256 causam
634 3199 893 3279 allegaret-ltetull
915 3201 971 3263 ho-

148 3324 151 3329 s
184 3290 405 3368 rumjudicium
421 3294 455 3353 lt.
472 3295 506 3354 D.
522 3295 668 3358 Cardinali
687 3300 817 3376 Senensi,
832 3300 883 3380 qui
900 3303 970 3365 dixit

183 3395 218 3453 D.
241 3394 398 3456 iohannem
416 3416 479 3458 vcssc
501 3401 530 3457 in
548 3442 642 3459 .....
670 3419 877 3477 recessurum,
897 3423 971 3483 pro·v

182 3507 280 3575 pterea
302 3515 364 3556 rem
386 3497 426 3557 sic
437 3487 477 3557 ‘in
497 3516 631 3578 suspenso
650 3501 821 3582 dimitterem
828 3525 838 3577 3
861 3505 902 3564 sic
924 3505 971 3564 la·

184 3608 263 3656 atum
279 3609 333 3670 est,
346 3599 369 3657 si
389 3609 466 3660 recte
485 3601 613 3673 memini3
632 3602 720 3662 credo
736 3613 831 3664 tamea
854 3606 971 3683 utrique

183 3715 286 3758 eorum
306 3695 467 3763 Oratorum
498 3718 571 3777 quae
597 3704 731 3782 praelatis
767 3706 802 3766 D.
839 3708 971 3786 episcopo

183 3799 385 3874 Alexandrino,
405 3810 434 3861 et
454 3802 554 3864 Selino
578 3804 637 3864 visa
658 3816 726 3866 sunt
742 3810 896 3888 explicasse
915 3807 971 3891 (d).

223 3986 260 4042 lt)
278 4003 288 4027 ι
308 3983 427 4034 Un'altra
444 3983 510 4033 zulia
531 3971 579 4047 par
601 3991 707 4051 sagione
724 3990 749 4039 di
766 3993 972 4054 precedenzafu

184 4064 226 4109 tra
243 4054 369 4113 Claranus
385 4064 521 4115 stadiense
536 4101 544 4125 ‚
562 4066 699 4117 Cavallero
716 4071 749 4118 ed
765 4069 972 4122 ambasciadare

184 4141 253 4191 della
277 4143 334 4205 lega
355 4142 381 4192 dl
405 4143 533 4194 Sverlao
556 4147 596 4195 sia
611 4147 637 4196 dl
658 4148 688 4202 8.
702 4148 825 4211 margia,
849 4162 863 4198 c
885 4149 971 4199 Pietro

184 4219 279 4280 Zatch,
307 4221 460 4284 Proposito,
489 4225 695 4276 Ambascladore
721 4227 972 4278 delt'lllustrisslmo

184 4297 255 4348 Duce
272 4300 297 4348 di
314 4301 439 4361 laeviora,
456 4303 537 4352 Canta
554 4303 668 4364 Ralatloo
684 4305 727 4355 del
744 4307 824 4367 Reno,
846 4307 969 4358 Elettore.

185 4379 327 4439 Grannum,
345 4394 392 4443 per
415 4383 568 4444 precedere,
585 4384 657 4434 disse
675 4385 722 4434 che
740 4387 809 4435 nella
827 4388 883 4449 lega
899 4387 925 4435 di
942 4387 970 4436 8.

185 4458 306 4521 Glarglo,
328 4459 352 4508 la
373 4461 449 4520 quale
474 4463 522 4522 egli
550 4468 777 4525 roppreseatava,
798 4477 812 4513 e
837 4478 882 4514 era
902 4452 970 4514 'stata

185 4537 301 4587 stabilita
317 4537 539 4600 dall’lmperatore
555 4553 570 4589 e
586 4542 627 4591 dal
646 4542 680 4591 lla
697 4543 740 4592 de’
752 4544 857 4592 Romani
869 4557 917 4605 per
928 4544 971 4592 di·

98 4638 105 4650 ·
185 4617 241 4667 leta
257 4617 326 4666 della
347 4617 410 4667 cittd
432 4624 549 4679 soggette
570 4620 724 4684 all’lmparo
745 4624 871 4683 ltomano,
889 4636 971 4673 erano

185 4698 202 4745 il
218 4698 354 4750 llarchesa
371 4696 396 4746 dl
413 4697 521 4758 Badeo,
538 4698 555 4746 tl
571 4697 653 4748 Conte
669 4701 677 4761 (
692 4712 739 4749 ora
757 4701 848 4761 Daca)
864 4701 891 4751 di
916 4701 972 4750 Vir·

186 4777 306 4840 timberg,
336 4777 352 4825 il
379 4776 440 4826 ltev.
466 4776 645 4831 hrcivescorn
667 4779 692 4828 di
715 4781 852 4843 Maganza,
874 4792 888 4829 e
910 4780 973 4841 Sigi-

186 4853 297 4906 smando
314 4855 442 4905 hrcidnca
463 4855 488 4904 d'
500 4856 623 4917 hostria,
639 4857 679 4907 de’
691 4859 762 4921 quali
784 4859 834 4908 due
856 4859 971 4920 special·

185 4939 274 4985 mente
291 4934 341 4996 egll
357 4947 403 4984 era
420 4934 633 4996 ambasciatam,
651 4950 665 4987 e
683 4939 733 4987 ohe
750 4938 932 5000 procuderano
954 4941 971 4990 ll

184 5014 267 5065 Caute
290 5014 415 5064 Palatino.
436 5016 455 5064 ll
478 5017 680 5081 leion-rispose
702 5019 750 5068 aba
775 5019 903 5069 Giovanni
924 5031 971 5069 era

185 5095 377 5145 ambasciatore
405 5109 456 5144 nou
484 5109 558 5146 come
585 5098 798 5160 ambasciatam,
826 5111 867 5148 ma
896 5111 970 5150 coma

185 5174 293 5225 Dattare
309 5176 335 5225 di
353 5176 431 5238 leggi,
447 5176 528 5239 grado
545 5177 571 5226 in
588 5179 666 5227 niuna
683 5179 760 5227 stima
776 5178 802 5227 dl
819 5176 919 5226 nobllta
930 5182 970 5229 tra

186 5255 304 5304 tedeschi
332 5259 439 5314 tenuta,
456 5268 471 5305 e
488 5256 537 5306 che
554 5256 619 5319 perd
640 5271 692 5309 non
714 5256 798 5307 dorca
815 5257 969 5320 precedere.

186 5333 228 5384 stc
243 5337 411 5395 tlt-acanum,
427 5335 475 5385 loc.
490 5336 542 5385 ott.

1731 257 1827 343 (tam)

1089 392 1174 452 Faria
1192 392 1327 463 monada,
1345 391 1394 452 ll.
1416 391 1484 452 dicti
1503 393 1606 453 mensis
1624 389 1766 468 januarii,
1783 415 1827 456 rc·

1048 487 1091 547 nit
1108 487 1144 547 ad
1174 487 1283 549 Urbem
1313 487 1348 546 D.
1369 488 1536 547 Bernardus
1560 487 1661 548 Strich
1689 488 1826 563 Dadeusis,

1049 585 1193 646 lleraldus
1229 585 1409 646 Serenissirai
1430 587 1615 665 Imperatoris
1638 587 1673 648 D.
1697 587 1829 648 Friderici

1046 683 1246 751 Romanorum
1268 686 1457 766 Imperatoris
1484 705 1598 765 semper
1618 687 1767 764 Augusti,
1786 690 1830 765 qui

1046 784 1090 846 die
1111 787 1240 863 sequenti
1265 786 1367 844 martis
1399 784 1451 847 ts.
1481 787 1583 846 mensis
1614 783 1745 861 junuarii
1772 796 1831 848 anta

1045 885 1202 964 prandium
1220 869 1378 945 associatus
1399 895 1442 945 est
1463 884 1501 944 ab
1526 885 1607 944 lllus.
1637 884 1674 945 D.
1707 884 1829 959 Jacobs,

1045 985 1123 1045 lllus.
1147 984 1183 1043 D.
1203 984 1403 1064 christophori
1426 984 1603 1046 Marchioais
1622 984 1762 1045 Bodeusis
1775 988 1831 1065 pri·

1045 1084 1206 1162 mogenito,
1223 1101 1257 1143 ac
1278 1083 1342 1159 ejus
1364 1084 1486 1157 familia,
1505 1095 1534 1146 et
1555 1102 1619 1146 me:
1637 1085 1782 1162 equitavit
1800 1088 1831 1146 ad

1044 1182 1189 1243 Palatium
1222 1182 1256 1241 ad
1280 1182 1335 1243 SS.
1365 1184 1400 1243 D.
1431 1182 1479 1257 tl,
1509 1202 1526 1243 a
1560 1203 1621 1262 qua
1650 1184 1755 1246 habuit
1781 1204 1830 1245 au·

1044 1282 1177 1372 dientiam
1199 1283 1352 1357 adstatim,
1374 1285 1521 1370 praedicto
1542 1286 1725 1364 biarchiam,
1742 1299 1772 1348 et
1792 1305 1830 1347 me

1044 1385 1353 1461 p1·aesenttbas;cum
1378 1385 1433 1446 88.
1459 1386 1495 1446 D.
1518 1385 1552 1446 Ν.
1578 1387 1829 1454 russurrensi·

1044 1483 1117 1542 nolis
1144 1484 1361 1545 Beneventanus
1367 1507 1377 1558 3
1406 1484 1614 1560 Toruacensis,
1635 1487 1828 1558 Cortonensis,

1043 1595 1073 1645 et
1090 1583 1125 1645 de
1141 1584 1307 1658 Tiburtino,
1318 1587 1442 1666 episcopi
1448 1608 1458 1659 ;
1470 1587 1669 1667 Hieronymus
1679 1589 1827 1661 Dalhanus,

1044 1695 1073 1744 at
1093 1684 1234 1746 lohannes
1255 1687 1360 1747 Petrus
1375 1687 1572 1760 ‚minaeum
1590 1690 1750 1749 secretarii.
1773 1689 1825 1751 lle·

1044 1784 1144 1846 raldus
1165 1787 1357 1864 praesentarit
1378 1789 1477 1858 literas
1499 1788 1681 1849 serenissimi
1700 1788 1827 1849 Maximi·

1044 1883 1110 1954 liani
1131 1885 1330 1946 Romanorum
1345 1886 1432 1966 Regis
1454 1887 1509 1949 SS.
1529 1888 1564 1948 D.
1581 1886 1622 1947 Ν.
1638 1889 1692 1966 qui
1706 1907 1756 1949 eas
1773 1901 1827 1950 tra·

1043 1985 1114 2045 didit
1133 1986 1169 2044 D.
1191 1985 1312 2048 iohanni
1326 1990 1492 2050 hrirabena
1513 1988 1617 2051 ibidem
1629 1991 1776 2068 praesenti
1792 1991 1827 2050 le·

1044 2084 1151 2162 gendes
1163 2128 1173 2158 ,
1194 2087 1244 2162 qni
1265 2087 1398 2147 adstatlm
1435 2108 1484 2149 eas
1517 2089 1608 2166 legit3
1631 2089 1826 2149 continebatur

1042 2183 1070 2243 in
1093 2185 1182 2263 literis
1204 2205 1236 2247 se
1254 2205 1367 2266 semper
1389 2189 1677 2280 animum0habuisse
1699 2200 1733 2248 nt
1755 2189 1827 2249 chri·

1035 2286 1165 2345 stianum
1184 2287 1297 2365 Regem
1316 2287 1416 2361 decet,
1442 2291 1471 2348 in
1489 2272 1679 2350 defensionem
1697 2288 1764 2351 lidei
1784 2307 1827 2350 aa·

1042 2385 1176 2460 tholicae,
1190 2399 1218 2448 et
1232 2388 1381 2450 Romanae
1396 2388 1558 2450 Ecclesiae:
1575 2391 1747 2451 intellexisse
1754 2390 1827 2450 Tur·

1042 2503 1121 2560 cum,
1140 2506 1276 2567 magnam
1290 2490 1410 2550 classem
1429 2475 1535 2569 parare
1552 2502 1655 2551 contra
1668 2490 1826 2552 Romanum

1041 2585 1211 2651 Pontificem
1230 2589 1268 2648 ad
1292 2589 1473 2651 liberandum
1498 2589 1621 2651 tratrem
1642 2610 1732 2651 suum
1758 2592 1827 2671 apud

1042 2687 1096 2748 SS.
1118 2689 1153 2749 D.
1177 2689 1210 2750 Ν.
1233 2691 1397 2752 existentem
1403 2712 1415 2764 3
1430 2703 1582 2770 propterea
1604 2693 1632 2752 in
1653 2693 1826 2772 adjutorium

1041 2788 1336 2854 RomanaeEcclesiae
1346 2794 1563 2871 quamprimum
1576 2804 1748 2868 emturum,
1758 2794 1827 2872 quod

1040 2891 1064 2951 si
1087 2890 1149 2952 fieri
1169 2902 1285 2970 posset,
1302 2893 1387 2956 citius
1406 2894 1513 2954 dietam
1538 2895 1713 2957 celebrasset
1734 2899 1762 2955 in
1779 2914 1828 2975 op·

1040 2992 1126 3069 pido,
1147 2993 1197 3052 uhi
1218 2992 1253 3052 de
1274 2991 1429 3053 concordia
1444 2995 1517 3055 inter
1536 2997 1753 3056 ‘serettissimum
1774 2998 1828 3058 lut·

1042 3103 1206 3170 peratorem
1247 3091 1448 3152 Romanorum
1487 3095 1648 3173 genitorem
1675 3114 1787 3169 suum,
1804 3108 1831 3155 et

1042 3191 1150 3270 Regem
1171 3193 1339 3271 ilungarine
1363 3203 1542 3255 tractaretur
1548 3216 1559 3268 3
1579 3213 1639 3273 qua
1661 3197 1759 3257 habita
1779 3216 1826 3257 ex·

1040 3294 1165 3371 peditam
1193 3295 1222 3352 in
1242 3294 1355 3352 ltaliam
1379 3312 1410 3353 sa
1430 3282 1549 3372 operam
1570 3297 1735 3370 daturum3
1757 3297 1827 3356 sari·

1041 3394 1141 3470 psisse,
1157 3406 1323 3473 propterea,
1335 3393 1534 3456 Poteutatlhus
1549 3398 1746 3476 ltaliae,quod
1757 3400 1828 3477 genti

1041 3512 1109 3555 suae
1129 3494 1252 3569 liberum
1265 3480 1385 3574 passum
1398 3494 1510 3571 darent,
1522 3506 1551 3558 et
1563 3498 1654 3557 victui
1673 3498 1827 3560 incessam

1040 3594 1066 3654 ei
1086 3596 1295 3668 ministrarent,
1310 3607 1397 3675 prout
1420 3601 1449 3671 in
1465 3602 1548 3681 capia
1578 3600 1678 3678 literae
1700 3599 1828 3678 alligatae

1042 3696 1251 3769 contineretur3
1274 3698 1394 3776 rogabat
1416 3708 1570 3778 propterea
1600 3698 1770 3761 Pontificem
1799 3710 1827 3759 ut

1042 3795 1229 3856 concordiam
1240 3798 1315 3858 iuter
1328 3798 1536 3880 imperatorem
1550 3800 1698 3882 atRegem
1707 3802 1826 3880 ilunga-

1042 3898 1102 3958 riae
1113 3897 1208 3959 iacere
1220 3898 1416 3980 sellettlopia
1426 3902 1573 3981 praedicta
1586 3913 1653 3964 erat
1667 3904 1707 3963 ad
1719 3904 1824 3964 Ducem

1043 3997 1239 4072 venetiarum,
1257 4010 1285 4059 et
1306 3996 1370 4076 ejus
1391 4002 1474 4079 quasi
1497 4004 1679 4079 continentia·
1699 4005 1727 4064 in
1751 4005 1824 4065 litera

1042 4096 1199 4186 Pontificis,
1213 4111 1332 4180 excepto
1344 4104 1422 4178 quod
1439 4104 1476 4162 ah
1495 4123 1530 4165 ao
1550 4105 1683 4166 lavarem
1705 4126 1762 4170 non
1779 4131 1823 4191 pe-

1042 4198 1130 4272 tebat,
1144 4209 1174 4262 et
1187 4201 1339 4262 mandabat
1359 4205 1411 4263 sibi
1432 4205 1509 4282 quod
1527 4209 1759 4288 contingentibus
1773 4215 1822 4272 su'a
1878 4220 1880 4274 l

1041 4318 1157 4377 passum
1182 4303 1274 4376 daret,
1295 4315 1326 4365 et
1346 4308 1504 4365 necessaria
1522 4307 1710 4372 ministraret.
1737 4311 1822 4373 [rectis

1041 4402 1144 4476 literis,
1164 4403 1219 4464 SS.
1242 4403 1277 4465 D.
1301 4402 1334 4463 Ν.
1351 4404 1422 4465 dixit
1434 4406 1580 4468 lleraldo:
1603 4409 1701 4470 literas
1721 4413 1822 4475 intelle·

1041 4507 1122 4578 nisse,
1146 4504 1273 4584 desuper,
1291 4505 1363 4565 selle
1378 4505 1558 4581 deliberare,
1573 4521 1604 4570 et
1624 4511 1757 4593 Principi
1783 4534 1822 4574 re·
1878 4565 1880 4570 .

1040 4605 1192 4685 spondere,
1204 4624 1249 4665 me
1273 4607 1359 4667 rerba
1381 4606 1528 4668 Pontificis
1547 4611 1767 4690 interpretante,
1782 4614 1822 4693 qni
1879 4630 1880 4646 .

1040 4706 1170 4784 linguam
1192 4707 1322 4780 latinam,
1342 4720 1371 4768 et
1392 4709 1520 4769 italicam
1541 4729 1598 4771 non
1619 4711 1754 4774 habebat.
1772 4716 1826 4775 lle·

1041 4805 1141 4865 raldus
1159 4805 1261 4867 deinde
1276 4790 1359 4887 petiit
1378 4827 1469 4870 unam
1483 4812 1609 4889 gratiam
1624 4818 1830 4894 expectatiram

1040 4925 1096 4987 pro
1111 4906 1242 4969 hlottheo
1263 4906 1322 4969 lilia
1340 4929 1412 4985 sua,
1428 4929 1516 4991 quam
1537 4914 1669 4976 Pontifex
1687 4917 1743 4989 sihi
1762 4935 1835 4996 gra·

1041 5010 1112 5068 tlose
1130 5008 1256 5070 adduxit.
1277 5010 1357 5072 Sica
1376 5011 1514 5076 Pontidcs
1526 5015 1707 5089 recessimus,
1721 5030 1753 5079 et
1768 5015 1837 5097 qnia

1040 5109 1138 5170 literas
1160 5110 1281 5171 habebat
1301 5114 1497 5192 imperatoris,
1519 5127 1548 5180 et
1569 5116 1658 5195 Regis
1680 5118 1718 5178 ad
1741 5119 1841 5180 calte·

1041 5211 1123 5288 glum
1145 5211 1355 5287 cardinalium,
1368 5216 1517 5296 episcopus
1539 5218 1731 5302 Tornacensis
1750 5231 1841 5282 νοω·

1042 5311 1075 5371 lit
1095 5312 1222 5376 Heraldo
1251 5314 1448 5378 demandata
1477 5318 1532 5381 SS.
1562 5319 1599 5380 Ι).
1630 5318 1665 5380 Ν.
1686 5321 1768 5398 quod
1789 5312 1842 5376 (15⁶
