3758 6030
164 215 224 277 RbO

167 369 233 413 nem
256 349 331 412 della
353 347 445 410 Serra
466 347 589 409 militem
610 349 697 409 etiam
719 345 875 410 Oratorem
896 348 957 411 Re·

112 477 115 483 1
165 452 212 531 gis
231 449 374 513 Franciac
394 467 413 508 a
430 449 575 523 sinistris3
597 467 673 527 quos
691 450 803 509 secuuti
825 460 893 509 sant
905 449 955 509 alii

170 551 292 631 praelati
305 549 411 610 Palatii
426 558 455 609 et
474 544 616 609 Oratores
634 547 695 607 bini
714 559 743 608 et
763 547 840 621 bini,
857 566 892 608 ac
906 549 956 607 alii

168 668 249 712 more
270 657 419 712 consueto.
443 645 583 709 Oratores
598 666 627 726 p.
645 657 786 707 venerunt
805 665 881 707 carn¹
892 666 957 708 ser·

168 750 322 826 vitoribas,
336 752 398 809 sive
408 746 554 825 equitibus
564 745 605 807 80
618 747 662 806 vel
674 748 766 820 circa,
777 747 836 806 sine
850 747 957 809 salmis.

223 849 363 930 Sabbata,
377 864 454 909 xxv.
472 847 549 916 maii,
565 844 663 924 vigilia
684 845 877 919 Pentecostes,
891 863 958 905 mu·

169 947 241 1009 tatio
263 964 439 1027 capparum,
458 945 513 1006 88.
525 943 561 1003 D.
573 943 608 1003 Ν.
632 956 751 1023 paratus
770 962 854 1005 more
873 943 958 1013 solito

170 1048 247 1119 venit
267 1047 304 1106 ad
327 1047 472 1124 vesperis,
485 1063 559 1123 quae
575 1045 603 1104 in
625 1045 753 1123 cappella
773 1039 886 1120 majore
908 1043 955 1100 di-

170 1158 233 1208 ctae
253 1155 321 1206 sunt
338 1188 347 1218 ,
365 1155 397 1206 et
432 1145 461 1204 in
484 1161 568 1205 mane
588 1144 719 1222 sequenti
743 1143 821 1204 venit
842 1142 878 1202 ad
900 1141 959 1202 Da·

168 1248 278 1308 silicam
294 1245 397 1306 Sancti
415 1243 496 1306 Petri
514 1244 575 1305 sine
595 1243 778 1317 baldachino,
793 1242 843 1302 ubi
858 1241 959 1302 Missae

168 1347 288 1411 solemni
304 1346 451 1420 interluit,
463 1364 551 1424 quam
568 1346 725 1406 celebravit
735 1342 808 1404 Rev.
825 1341 861 1401 D.
881 1341 958 1402 cur·

82 1486 92 1504 .
169 1448 271 1508 dinalis
292 1446 327 1507 de
348 1446 469 1508 Ursinis.
492 1445 651 1506 Sermonen
672 1445 739 1505 lecit
743 1485 903 1502 ......
925 1440 959 1502 de

169 1545 352 1611 Camerino.
376 1590 383 1604 .
407 1590 414 1604 .
439 1590 445 1604 .
468 1530 588 1604 irtttrrus
609 1542 741 1623 specialis
765 1538 856 1617 judex
876 1538 959 1599 blar-

170 1648 264 1720 cbiae,
281 1647 334 1725 qui
356 1645 602 1725 pronunciaturus
623 1640 815 1721 indulgentias
830 1639 911 1698 dixit:
926 1637 956 1698 S.

170 1748 212 1809 D.
231 1747 265 1807 Ν.
290 1747 339 1806 dat
365 1744 498 1806 omnibus
517 1754 572 1804 etc.
593 1753 700 1823 septem
726 1759 815 1802 annos
837 1751 866 1800 et
886 1737 956 1798 toti·

174 1847 238 1908 dens
259 1846 459 1926 quadragenas
486 1843 520 1907 dc
543 1863 613 1905 vera
639 1843 812 1923 poenitentia
836 1840 864 1898 iu
893 1839 958 1899 ior-

144 1954 152 1972 ·
173 1967 222 2008 ma
233 1942 359 2008 etcloco
370 1941 667 2025 indulgentiarumln
680 1942 806 2022 vesperis
817 1940 958 2019 hymnum

174 2059 203 2109 et
224 2050 253 2108 in
269 2048 355 2109 Missa
371 2064 487 2107 versum
508 2047 642 2128 alleluja
658 2044 752 2104 voluit
770 2043 893 2120 integre,
911 2038 960 2099 sed

177 2149 271 2210 voluit
294 2147 372 2227 quod
393 2138 527 2207 caritores'
547 2145 575 2204 id
595 2146 733 2206 iacerent.
762 2142 843 2203 Venit
863 2151 960 2200 autern

174 2250 211 2308 ud
229 2242 458 2329 genuflexionem
477 2246 513 2306 ad
527 2246 720 2306 faldistorium
739 2242 775 2302 ad
790 2254 961 2319 utrumque,

173 2359 204 2411 et
225 2368 294 2410 caut
316 2350 456 2410 adversus
474 2346 541 2407 alba
563 2346 696 2407 columba
713 2362 780 2405 cum
802 2342 889 2404 radiis
908 2361 960 2422 per

174 2451 326 2511 cordulam
355 2468 372 2508 a
406 2458 483 2510 tecto
502 2447 641 2507 basilicae
670 2444 707 2505 ad
729 2456 839 2505 cratem
860 2442 961 2503 altaris

175 2552 379 2623 emitteretur,
411 2550 484 2629 ignis
516 2547 648 2608 accendit
668 2557 698 2607 et
718 2545 864 2606 comburit
892 2562 963 2602 cor·

174 2653 263 2725 dant,
284 2662 314 2712 ct
335 2651 457 2712 cordula
479 2666 547 2710 cum
577 2648 666 2709 radiis
686 2647 788 2709 cecidit
808 2645 838 2705 in
868 2643 965 2704 medio.

173 2754 331 2826 ecclesiae,
359 2763 389 2812 et
418 2751 525 2810 mansit
556 2748 684 2809 mortua.
712 2747 779 2808 ntia
811 2746 962 2806 observata

174 2864 243 2913 sunt
263 2871 345 2914 neore
372 2854 468 2913 solite.

216 2953 326 3017 Eadem
347 2953 392 3015 de
424 2950 535 3013 sabbati
556 2965 635 3011 xxv.
656 2949 725 3009 maii
748 2949 777 3009 in
811 2966 893 3007 mane
914 2965 964 3007 re·

175 3065 326 3118 cesserunt
340 3074 374 3118 ex
387 3054 468 3117 Urbe
479 3052 543 3112 RR.
555 3052 585 3111 in
601 3049 720 3112 cbristo
734 3060 831 3130 patres
842 3048 878 3109 D.
889 3049 965 3109 Ber·

176 3156 315 3217 pardinas
347 3151 561 3233 cartaginensis
595 3162 624 3212 et
645 3150 799 3238 ¹lohannes
832 3149 966 3208 Pacensis

179 3259 326 3340 episcopi,
348 3258 485 3319 Sereniss.
507 3255 595 3334 Regis
616 3264 646 3314 et
665 3253 791 3332 Reginae
813 3250 965 3329 Rispania-

181 3359 250 3419 rum
266 3356 426 3434 Oratores,
448 3368 476 3415 et
495 3356 559 3416 heri
575 3353 693 3415 recessit
711 3352 784 3413 Rev.
803 3351 831 3409 in
850 3349 966 3410 cbristo

182 3459 215 3519 P.
234 3460 267 3518 D.
283 3457 476 3524 Gondisaivus
487 3455 605 3518 Electus
621 3454 855 3527 Tarraconensis,
874 3451 966 3510 almae

180 3557 270 3619 Urbis
290 3557 487 3629 Gubernator,
505 3556 621 3617 obviam
643 3554 714 3614 ituri
734 3553 830 3632 Magn.
853 3552 889 3611 D.
911 3551 965 3611 Di·

184 3656 258 3718 daco
278 3655 371 3736 hopes
392 3657 427 3717 dc
441 3656 522 3716 Raro
544 3656 625 3715 militi
647 3655 682 3714 ed
698 3653 807 3737 Urbem
829 3652 965 3725 venienti,

178 3758 382 3829 obedientiam,
404 3758 519 3819 immine
538 3755 708 3817 eorumdem
727 3754 815 3833 Regis
829 3765 858 3814 et
873 3753 965 3833 liegi-

179 3875 234 3918 nae
246 3901 255 3931 ,
276 3875 334 3918 una
367 3874 435 3917 cuns
468 3855 553 3917 dictis
582 3854 713 3916 Dominis
731 3854 966 3925 Tarraconensi,

179 3958 381 4039 cartaginensi
401 3969 431 4018 ct
450 3956 569 4019 Pacensi
590 3952 968 4037 episcopisconoratoribns

178 4063 240 4122 suis
259 4061 297 4123 ad
319 4062 375 4124 boc
394 4061 558 4134 nominatis,
573 4060 628 4121 88.
646 4059 682 4119 D.
700 4058 734 4120 Ν.
756 4056 949 4139 praestiturus
954 4078 966 4132 3

179 4166 245 4223 ante
265 4181 394 4241 quorum
428 4180 574 4224 recessum
595 4160 632 4220 D.
653 4160 687 4220 R.
709 4161 861 4239 episcopas
891 4157 968 4218 Car·

179 4249 336 4346 taginensis
358 4281 374 4321 a
395 4281 440 4323 me
462 4264 538 4323 scire
554 4263 647 4324 voluit
665 4262 693 4320 in
715 4279 774 4338 quo
789 4259 887 4319 babitu
905 4257 967 4319 Ur·

181 4361 247 4425 bem
270 4362 380 4431 intrare
395 4361 512 4423 deberet
533 4380 600 4422 cum
615 4361 795 4424 conoratore
817 4377 870 4421 suo
891 4377 967 4419 novo

181 4463 349 4524 adveniente
370 4462 529 4542 praedicto,
544 4481 581 4522 an
601 4465 628 4537 ip
647 4462 787 4522 mantello
807 4479 875 4521 curn
897 4478 968 4539 cap·

180 4563 303 4645 puccino
323 4562 353 4621 in
375 4563 483 4622 collum
498 4572 666 4623 transverso
682 4605 691 4635 ,
709 4573 739 4622 et
757 4563 888 4641 cappello
903 4563 967 4640 epi·

180 4665 305 4744 scopuli,
326 4672 415 4744 prout
433 4663 559 4741 episcopi
580 4682 632 4741 per
648 4662 757 4724 Urbem
776 4663 868 4724 solent
883 4663 968 4740 equi-

181 4777 266 4841 tare,
289 4767 335 4826 vel
367 4775 515 4843 tamquam
538 4766 651 4823 nouiter
675 4765 790 4824 veniens
822 4781 889 4824 cum
911 4781 967 4842 ga·

181 4971 313 5049 cappello
335 4979 484 5045 consueto.

655 209 938 277 PONTlFch'l'US
959 210 1181 274 rhamnum
1203 210 1330 274 SEll'll.
1403 259 1405 263 .

1680 308 1686 311 4
1703 210 1813 295 (ttae)

1005 359 1122 429 >utpote
1141 348 1178 407 ab
1199 358 1280 408 extra
1303 345 1482 409 venientibus
1502 347 1656 408 conveniat
1682 345 1727 405 in
1747 345 1815 407 bre-

1025 449 1101 509 viori
1123 449 1260 508 inantello
1278 448 1339 506 sive
1357 446 1489 524 gabbano
1517 457 1546 506 et
1577 446 1712 526 cappello
1733 446 1817 506 solito

1023 548 1177 628 episcopali
1192 547 1301 609 Urbem
1317 545 1441 624 ingredi,
1453 555 1548 605 tamen
1563 546 1632 622 quia
1652 545 1818 605 Dominatio

1024 649 1085 709 Sua
1107 667 1163 708 une
1187 665 1256 708 cum
1274 647 1392 707 Pacensi
1414 656 1443 706 et
1457 645 1661 706 Gubernatore
1682 646 1818 725 praelatis

1025 749 1054 807 in
1076 747 1158 810 Urbe
1179 744 1337 817 resideret,
1359 757 1388 806 et
1404 745 1431 804 id
1452 746 1586 806 omnibus
1607 758 1713 815 notum
1736 756 1818 819 esset,

1026 847 1174 908 videretur
1195 845 1267 905 mibi
1300 845 1395 923 magis
1424 845 1580 906 convenire
1606 844 1745 904 introitui
1766 862 1816 903 eo·

1026 965 1115 1019 rum,
1138 945 1219 1025 quod
1241 946 1269 1004 in
1291 944 1435 1006 mantellis
1457 945 1551 1024 longis
1580 963 1649 1005 rauna
1671 945 1816 1022 capucino

1025 1046 1234 1117 transversali,
1256 1055 1286 1106 et
1306 1045 1437 1124 cappello
1465 1056 1604 1106 consueto
1626 1044 1816 1113 incederent,

1025 1164 1113 1224 quam
1134 1144 1240 1216 aliter3
1262 1162 1351 1223 super
1374 1162 1433 1222 quo
1453 1156 1548 1225 posset
1567 1144 1737 1206 Dominatio
1759 1143 1818 1204 Sua

1024 1267 1053 1309 sc
1074 1246 1256 1318 deliberare,
1277 1256 1306 1306 et
1327 1264 1382 1325 ego
1402 1246 1536 1306 similiter
1550 1255 1618 1306 ante
1635 1262 1745 1307 eorum
1764 1264 1818 1305 re·

1025 1347 1117 1408 ditum
1138 1347 1162 1407 si
1182 1346 1252 1425 quid
1272 1347 1375 1407 melius
1396 1346 1467 1406 mibi
1490 1346 1641 1407 videretur
1669 1345 1815 1406 Domine-

1025 1446 1094 1507 tioui
1113 1446 1192 1506 Suae
1207 1443 1369 1525 significare
1382 1455 1452 1505 tunc
1470 1448 1583 1507 vellem.
1597 1445 1817 1523 subsequenter

1026 1548 1191 1609 Dominatio
1213 1546 1275 1606 Sua
1296 1545 1367 1613 mibi
1389 1565 1441 1624 per
1471 1558 1618 1607 secretum
1639 1542 1817 1622 significavit

1026 1648 1081 1709 88.
1104 1649 1139 1709 D.
1162 1646 1197 1706 Ν.
1220 1646 1418 1726 proposuisse,
1442 1648 1514 1707 velle
1534 1646 1741 1707 Serenissinsos
1757 1644 1817 1705 Re·

1026 1767 1091 1828 gem
1112 1759 1141 1809 et
1162 1747 1306 1824 Reginam
1328 1747 1480 1826 Hispaniae
1499 1746 1587 1807 etiam
1610 1745 1758 1824 singulari
1773 1744 1817 1804 ui·

1025 1848 1145 1910 lectione
1168 1846 1327 1921 bonorare,
1346 1848 1480 1927 ipsosque
1500 1846 1611 1925 Regem
1627 1858 1657 1905 et
1672 1845 1813 1924 Reginam

1027 1947 1213 2008 Sanctitatem
1232 1945 1325 2007 Suam
1339 1965 1397 2007 non
1416 1946 1556 2008 mediocri
1573 1945 1729 2008 devotione
1744 1964 1814 2024 pro-

1026 2048 1105 2126 sequi
1116 2069 1127 2123 ;
1155 2058 1308 2127 propterca
1340 2047 1442 2124 utique
1474 2046 1613 2124 cogitasse
1649 2044 1757 2105 honori
1791 2054 1818 2104 et

1027 2150 1170 2211 devotioni
1189 2144 1358 2224 hujusmodi
1378 2147 1549 2217 convenire,
1568 2145 1646 2223 quod
1682 2145 1758 2205 Rev.
1782 2143 1814 2206 D.

1027 2252 1188 2318 cardinalis
1209 2252 1313 2312 biantis
1331 2251 1459 2331 Regalis,
1475 2251 1657 2311 sanctissimi
1669 2249 1707 2310 D.
1720 2246 1756 2309 Ν.
1768 2268 1818 2311 ne·

1027 2372 1095 2432 pos,
1116 2355 1191 2413 inter
1213 2350 1354 2426 Oratores
1375 2370 1431 2431 pro
1455 2352 1614 2412 obedientia
1649 2347 1816 2425 hujusmodi

1028 2451 1196 2533 praestanda
1216 2462 1460 2538 connumeretur,
1479 2462 1506 2512 et
1522 2453 1615 2531 ipsum
1636 2451 1816 2510 nominatum

1028 2572 1099 2628 esse,
1121 2565 1159 2627 et,
1181 2563 1215 2612 ut
1234 2553 1386 2631 utriusque
1407 2555 1538 2633 gravitas
1559 2552 1748 2624 observetur,
1769 2551 1817 2611 sibi

1031 2654 1134 2724 videri,
1156 2653 1235 2731 quod
1257 2654 1285 2712 in
1307 2670 1390 2714 mane
1410 2650 1546 2714 introitus
1567 2652 1718 2713 dictorum
1741 2650 1818 2713 Ora·

1030 2751 1320 2832 torumpraedictns
1340 2752 1416 2811 Rev.
1436 2752 1472 2811 D.
1487 2751 1591 2812 Montis
1604 2752 1726 2831 Regalis
1748 2752 1819 2814 car·

1031 2852 1132 2913 dinolis
1149 2843 1185 2912 ad
1198 2853 1373 2931 Burgettum
1394 2853 1490 2913 locum
1512 2870 1564 2932 per
1577 2871 1629 2913 ser
1641 2853 1770 2913 miliaria
1785 2851 1815 2910 ab

1030 2955 1113 3017 Urbe
1144 2954 1297 3014 distantem
1325 2954 1456 3031 equitet,
1477 2963 1507 3012 et
1539 2952 1645 3014 ibidem
1680 2951 1816 3015 Oratores

1033 3057 1177 3118 venientes
1208 3065 1365 3134 expectet3
1398 3063 1461 3132 post
1502 3072 1630 3131 quorum
1663 3054 1815 3114 adventum

1031 3159 1089 3238 ipse
1108 3157 1270 3218 Cardinalis
1287 3155 1325 3214 ad
1342 3155 1489 3214 sinistrant
1500 3173 1590 3238 suam
1608 3154 1720 3216 babens
1735 3173 1816 3234 prae·

1031 3257 1123 3317 latum
1156 3255 1192 3316 D.
1214 3255 1356 3315 Didaeum
1388 3253 1482 3334 Inopes
1504 3254 1540 3316 de
1571 3255 1677 3328 Raro,
1699 3254 1816 3316 Roman

1033 3359 1144 3431 intret,
1165 3368 1193 3419 et
1215 3366 1280 3438 post
1300 3374 1369 3417 eum
1389 3356 1458 3416 dicti
1474 3355 1727 3441 Tarraconensis,
1749 3355 1817 3417 car-

1032 3460 1208 3539 taginensis,
1230 3468 1259 3518 et
1281 3456 1437 3529 Pacensis,
1457 3457 1563 3534 singuli
1582 3457 1660 3517 inter
1679 3457 1817 3536 praelatos

1033 3540 1160 3632 Palatii,
1183 3570 1211 3620 et
1228 3558 1301 3617 alios
1325 3553 1468 3617 Oratores
1496 3556 1524 3615 in
1547 3555 1628 3618 Urbe
1650 3557 1815 3626 existentes,

1032 3660 1139 3732 medii,
1161 3671 1189 3720 et
1211 3658 1266 3718 lsoc
1287 3657 1389 3718 ordine
1404 3656 1515 3735 equitet
1534 3675 1627 3735 usque
1643 3657 1679 3716 ad
1692 3655 1815 3735 *domum

1032 3759 1105 3820 Rev.
1126 3759 1159 3817 D.
1185 3757 1300 3817 &canii
1315 3756 1573 3828 vicecancellarii,
1594 3756 1644 3816 ubi
1666 3759 1728 3837 ipse
1746 3757 1817 3816 solas

1032 3870 1198 3940 permaneat
1223 3874 1291 3917 cnm
1324 3875 1376 3917 sua
1408 3856 1539 3928 familia,
1572 3858 1724 3936 praelatus
1756 3874 1818 3917 vero

1034 3961 1176 4021 Dominus
1198 3958 1324 4018 Didacus
1344 3956 1454 4038 hopes,
1476 3976 1533 4017 una
1553 3976 1619 4018 cum
1643 3956 1727 4017 dictis
1749 3956 1818 4017 Tar·

1033 4060 1206 4133 acconensi,
1229 4058 1427 4138 cartaginensi
1460 4069 1487 4118 et
1515 4058 1634 4120 Pacensi
1662 4062 1720 4120 iter
1740 4076 1817 4118 suurn

1033 4164 1179 4224 continuet
1202 4159 1351 4238 usquead
1374 4159 1493 4219 domum
1523 4157 1594 4219 Rev.
1622 4159 1660 4217 D.
1680 4158 1818 4218 cardina·

1034 4261 1067 4322 lis
1089 4263 1122 4322 de
1144 4261 1262 4322 Medicis
1282 4261 1310 4318 in
1331 4258 1440 4338 campo
1452 4259 1568 4328 Florae,
1592 4259 1619 4317 in
1643 4276 1702 4336 qua
1726 4257 1819 4336 hospi·

1034 4375 1149 4424 tuturus
1167 4381 1218 4423 era
1240 4359 1386 4440 praefatus
1400 4359 1436 4420 Ι).
1450 4356 1695 4438 Didacuslropes:
1716 4357 1817 4435 adjun-

1032 4482 1102 4543 gens
1129 4481 1237 4523 noram
1272 4478 1328 4519 non
1360 4479 1438 4531 esse,
1464 4458 1543 4538 quod
1573 4459 1737 4520 cardinalis
1768 4478 1818 4539 pro

1033 4563 1113 4642 Rege
1150 4559 1338 4622 obedientiam
1371 4568 1496 4638 praestet
1525 4557 1649 4620 Summo
1680 4558 1817 4620 Pontiliei.

1033 4664 1106 4723 llam
1121 4663 1210 4722 bonae
1233 4661 1388 4722 memoriae
1401 4659 1646 4733 constantiensis,
1666 4670 1697 4720 et
1719 4662 1816 4721 littra·

1033 4763 1157 4824 butensis
1191 4762 1357 4824 cardinales
1388 4761 1474 4821 simul
1509 4761 1587 4819 ntissi
1619 4780 1637 4819 a
1670 4759 1818 4821 Ltrdovieo

182 4869 274 4941 bano,
306 4867 352 4928 vel
374 4865 504 4929 breviori
527 4866 663 4926 mantello
684 4875 712 4926 et
733 4866 914 4945 capuccino,
933 4882 967 4924 ne
1034 4866 1217 4926 Francorum
1239 4863 1319 4942 Rege
1341 4862 1378 4921 ad
1399 4862 1489 4924 lelicis
1510 4861 1720 4923 recordationis
1740 4863 1820 4921 Pium

1035 4966 1144 5045 Papam
1176 4963 1367 5036 Secundam,
1404 4963 1446 5023 illi
1482 4963 1596 5023 nomine
1633 4962 1704 5022 dicti
1739 4961 1820 5039 Regis

223 5068 379 5150 Respondi,
389 5067 465 5146 quod
479 5064 785 5127 licetDominatioSua
801 5064 879 5125 dicto
893 5081 968 5124 novo
1035 5065 1224 5127 obedientiam
1243 5064 1449 5144 praestiterunt
1465 5106 1473 5134 ‚
1495 5078 1551 5123 non
1566 5063 1641 5123 inter
1655 5062 1818 5124 cardinales

182 5166 304 5230 Oratori
325 5189 376 5249 per
396 5167 596 5248 plnrcsdietus
617 5166 732 5226 obviam
752 5166 829 5224 itura
852 5182 918 5224 curu
935 5182 968 5225 eo
1035 5165 1186 5238 sedentes,
1213 5164 1262 5226 sed
1296 5174 1378 5225 retro
1410 5163 1556 5235 bauchum
1579 5163 1819 5243 Presbyterorun

183 5268 219 5327 ab
240 5279 320 5328 entra
343 5269 460 5340 veniat,
481 5278 510 5327 et
531 5269 573 5329 sic
592 5267 676 5345 quasi
703 5264 738 5326 de
765 5282 841 5326 novo
867 5263 969 5327 itinere
1035 5266 1230 5329 cardinalium
1251 5265 1280 5326 in
1294 5265 1360 5327 loco
1374 5261 1536 5327 Oratorusn
1553 5276 1692 5327 consueto
1706 5275 1818 5334 nante,
