3780 6030
41 287 154 371 (tam)

41 423 120 499 bern,
134 434 163 486 et
175 442 227 506 per
237 442 302 486 eam
318 424 485 503 equitando,
499 429 611 507 primus
628 425 740 489 Orator
752 427 838 505 equi-

41 524 116 586 tavit
139 525 250 588 medius
275 527 351 586 inter
352 570 835 588 ..........

40 625 391 706 Constantinopolitanum
410 646 427 687 a
443 628 552 689 dextris
567 639 595 690 et
610 629 837 709 gubernatorem

41 724 133 787 Urbis
153 744 170 786 a
198 726 331 809 sinistris.
346 726 465 788 Primus
489 726 599 790 Orator
617 728 707 803 Ducis
720 726 838 789 Medio·

40 825 164 886 lanensis
184 827 328 904 equitavit
347 827 459 916 aredius
481 829 557 888 lnteo
585 829 836 908 archiepiscopum

37 927 277 987 Beneventanum
299 912 490 989 secretarium
512 929 607 1010 Papae
627 928 787 1001 adextris,
808 938 836 989 et

40 1027 86 1091 ΙΙΙ.
101 1027 141 1087 D.
157 1027 202 1088 Jo.
218 1028 253 1089 de
270 1029 419 1108 dragonis
441 1029 535 1090 almae
550 1030 638 1092 Urbis
652 1030 836 1091 Praefectum

34 1124 194 1188 'Romanae
223 1125 370 1189 Ecclesiae
399 1122 587 1208 Capitaueu'm
609 1131 774 1209 generalem
796 1128 833 1188 ii.

39 1228 75 1289 D.
87 1228 250 1290 Cardinalis
261 1229 359 1290 Sancti
369 1217 454 1292 'P'etri
467 1231 502 1291 ad
518 1232 640 1293 Vincula
651 1224 835 1311 germanum,

40 1348 57 1387 a
73 1330 206 1391 sinistris.
221 1328 337 1389 Primus
354 1327 465 1392 Orator
485 1332 678 1393 Perrariensis
696 1330 837 1409 equitavit

42 1429 155 1491 medius
167 1431 241 1490 inter
255 1431 345 1489 alium
360 1431 541 1509 praedictum
556 1433 718 1510 praelatum
732 1430 836 1492 Palatii

41 1548 56 1588 a
77 1531 190 1593 dextris
212 1540 241 1591 et
262 1528 418 1592 Oratorem
431 1531 518 1611 Regis
533 1533 653 1611 drigliae
671 1551 688 1593 a
707 1533 835 1593 sinistris.

40 1630 196 1692 Secundus
218 1627 329 1692 Orator
342 1632 528 1707 venetiarum
544 1633 620 1694 inter
634 1633 724 1692 alium
746 1651 836 1713 prae·

40 1731 132 1791 latum
158 1730 261 1792 Palatii
288 1751 304 1791 a
329 1732 447 1803 dextris,
469 1742 497 1793 et
516 1730 676 1794 Oratorem
707 1732 835 1811 regalem

39 1850 55 1890 a
81 1831 220 1892 sinistris.
251 1832 358 1893 Deinde
386 1825 593 1894 alius-Orator
617 1832 835 1892 ‘Mediolanensis

39 1943 66 1993 ct
84 1930 128 1992 sic
142 1933 191 1992 alii
211 1931 267 1992 boc
284 1933 385 1993 ordine
399 1947 466 1994 sunt
480 1935 581 2008 secuti,
598 1933 835 2012 coccinumque

40 2032 83 2091 ad·
99 2032 222 2092 doraum
249 2030 284 2090 D.
313 2031 456 2092 Petride
483 2030 576 2092 Roma
604 2052 660 2093 non
688 2035 772 2112 longe
799 2035 835 2094 ab

40 2135 161 2194 ecclesia
182 2133 287 2192 Beatae
308 2131 417 2193 diarias
438 2133 473 2192 dc
495 2133 624 2195 bliuerva
646 2136 779 2214 positam,
805 2135 834 2195 in

40 2252 100 2310 qna
124 2231 286 2311 hospitatus
306 2243 350 2293 est
369 2235 480 2311 primas
500 2219 610 2296 Orator
627 2237 764 2310 Venetus,
787 2237 835 2297 ubi

39 2351 139 2393 omnes
162 2329 304 2392 Oratores
328 2351 362 2391 ex
383 2351 459 2410 equo
488 2333 704 2397 descenderunt.
727 2335 836 2398 Deinde

41 2430 185 2492 Oratores
205 2431 295 2491 Ducis
317 2430 534 2494 mediolanensis
553 2427 603 2512 qiu
619 2436 752 2514 liospitati
768 2435 834 2496 iuc-

42 2544 111 2593 runt
136 2534 164 2592 in
187 2533 294 2611 palatio
315 2533 503 2611 ipsorumde
525 2533 630 2595 Sancta
661 2535 757 2596 Cruce
779 2554 835 2596 nan

42 2636 129 2713 longe
150 2653 167 2692 a
188 2633 298 2714 Campo
318 2634 424 2695 Florae
443 2652 533 2713 usque
552 2636 587 2695 ad
605 2637 678 2697 idem
694 2638 835 2717 palatium

41 2744 70 2794 et
91 2754 109 2793 a
137 2735 335 2795 Ferraricnsis
362 2732 536 2796 Oratoribus
557 2736 676 2798 luerunt
696 2738 837 2798 associati.

40 2833 116 2893 Tunc
131 2832 217 2894 iidem
235 2830 376 2894 Oratores
392 2834 593 2896 Ferrarienses
614 2854 707 2914 usque
726 2837 764 2897 ad
782 2837 837 2897 do·

42 2950 123 2993 mam
150 2931 303 3012 cujusdam
328 2933 469 2994 inachimi
501 2935 536 2996 de
565 2936 675 2997 Harma
696 2938 837 3003 Advocati

41 3032 250 3120 Cosasistorialis
266 3034 293 3092 in
308 3034 466 3112 peliciaria,
486 3037 513 3095 iu
529 3054 586 3114 qua
606 3037 741 3117 hospitati
770 3039 837 3101 luc·

42 3147 122 3206 runt,
141 3133 274 3193 associati
297 3150 381 3194 more
403 3135 499 3195 solito.

77 3236 167 3296 Peria
181 3234 270 3307 sexta,
282 3232 392 3293 decima
409 3236 512 3294 mensis
519 3232 607 3312 junii,
620 3233 760 3297 Oratores
771 3234 838 3296 Du·

42 3337 79 3394 cis
88 3333 260 3396 Britanniae
273 3349 362 3414 supra
375 3337 493 3413 recepti,
505 3337 533 3394 iu
545 3335 837 3415 publicoconsistorio

41 3429 66 3492 ia
88 3431 179 3493 tertia
200 3431 268 3491 aula
290 3431 389 3510 palatii
409 3432 568 3511 supradicti
590 3432 621 3493 S.
643 3433 679 3492 D.
700 3431 853 3495 iliauo-v

41 3535 135 3595 centio
158 3531 255 3610 Papae
277 3548 336 3592 vm.
360 3531 570 3611 praestiterant
597 3533 710 3592 nominc
735 3550 838 3593 eorum

39 3633 133 3695 Ducis
155 3632 345 3692 obedientiam
367 3631 492 3715 debitam
512 3627 541 3692 'et
561 3643 736 3695 consuetam.
758 3629 839 3693 Ora·

36 3738 148 3795 tionem
173 3731 242 3791 iecit
262 3731 298 3790 li.
323 3731 350 3790 in
372 3731 488 3792 Christo
506 3731 596 3793 Pater
628 3731 663 3792 D.
693 3732 839 3800 liebertus

33 3837 193 3915 episcopus
216 3832 405 3893 Trecorensis
424 3833 553 3913 primum
573 3834 672 3894 locum
695 3834 769 3893 inter
789 3852 838 3893 eos

30 3937 184 3996 obtinens.
444 3947 448 3952 '

75 4036 168 4098 Feria
192 4051 249 4104 aa,
271 4032 320 4093 li.
342 4031 411 4094 dicti
434 4035 538 4094 mensis
563 4030 650 4109 junii,
678 4033 736 4093 dim
757 4032 838 4094 Ora·

28 4146 120 4198 tores
137 4133 317 4196 biarchionis
332 4133 550 4205 blontislerrati,
565 4150 636 4194 xxi.
653 4136 752 4212 aprilis
767 4152 839 4215 pro-

30 4238 118 4296 xime
143 4232 296 4314 praetcriti
318 4235 440 4312 recepti,
461 4235 668 4313 praestiterunt
700 4235 839 4296 obedien-

26 4335 108 4396 tiam
132 4333 251 4395 lilialem
265 4324 299 4395 ¹et
321 4332 445 4421 debitam
468 4333 500 4394 S.
522 4333 608 4394 DN.
627 4335 785 4415 praedicto,
806 4337 835 4396 iu

29 4437 164 4516 publica
193 4433 366 4494 consistorio
395 4424 432 4494 in1
456 4434 541 4495 tertia
574 4436 641 4496 aula
673 4437 838 4516 supradicta

29 4535 149 4597 laabim.
180 4531 352 4594 Orationem
372 4533 440 4594 lecit
466 4534 592 4595 Donatus
613 4536 743 4615 primum
763 4537 839 4599 intcc

29 4657 89 4698 eos
112 4638 212 4699 lacum
231 4633 371 4694 obtinens.

83 4736 172 4799 Feria
205 4754 260 4806 u.,
293 4735 344 4797 28.
376 4735 479 4795 mensis
508 4733 584 4814 junii
613 4735 754 4815 praedicti
785 4736 840 4798 luit

36 4837 249 4900 consistorium
271 4840 300 4897 in
321 4838 389 4896 auia
410 4834 596 4910 Pontificum,
618 4838 645 4896 in
663 4855 734 4915 quo,
753 4836 784 4897 S.
804 4837 839 4898 D.

37 4937 150 4999 llostro
171 4956 206 5015 ex
227 4955 309 4998 more
329 4946 452 5017 parato,
470 4934 613 4998 Oratores
632 4937 744 5011 Veneti,
776 4938 840 5014 tte-

41 5031 218 5100 diolanensis
233 5049 263 5099 et
287 5038 483 5099 Ferrariensis
503 5038 638 5112 Ducum,
659 5039 710 5099 Pi.
734 5040 838 5100 mensis

46 5130 114 5199 maii
127 5140 258 5220 proxime
271 5139 420 5219 praeteriti
429 5140 553 5219 recepti,
567 5139 676 5201 diutius
688 5138 838 5219 publicum

57 5240 250 5301 consistorium
272 5249 393 5319 propter
408 5250 521 5319 ¹pestem
544 5240 572 5300 in
593 5239 674 5302 Urbe
695 5241 838 5319 ingentem

54 5352 198 5418 expectare
210 5342 349 5414 nolentes,
365 5340 486 5400 maxime
498 5349 566 5400 'etim
577 5338 707 5403 Pontifex
720 5352 838 5420 propter

523 274 1047 354 rourmcarusiuuocauru
1069 284 1220 353 aaran.
1652 289 1692 350 rr

906 416 1102 491 infirmitatem
1118 428 1145 488 in
1160 426 1310 508 publicum
1322 427 1421 489 venire
1435 444 1492 489 non
1506 439 1610 521 posset,
1621 427 1695 490 abe·

897 528 1044 590 'dientiam
1076 528 1190 590 solitam
1223 538 1251 589 et
1286 538 1464 588 consuetam.
1488 529 1695 608 praestiterunt

905 628 999 689 tribus
1014 628 1203 701 orationibus,
1219 644 1346 706 quarum
1361 627 1485 707 primam
1500 627 1567 688 lecit
1583 625 1694 689 Orator

905 728 1041 802 Venetus,
1061 716 1216 811 secundam
1238 724 1349 788 Orator
1373 727 1604 801 mediolanensis,
1630 739 1693 789 ter·

904 831 973 891 tiam
988 815 1099 894 Orator
1110 830 1303 893 Ferrariensis
1314 833 1374 892 sine
1384 833 1564 904 intermedio,
1576 833 1695 911 aliquali

905 949 994 1010 pausa
1015 931 1138 1011 dempta.
1160 931 1258 992 Tertia
1278 932 1408 993 oratioue
1428 932 1516 1004 iacta,
1541 933 1573 992 S.
1595 931 1631 992 D.
1654 930 1689 992 li.

905 1029 986 1092 brerl
1008 1021 1137 1093 oratione
1168 1031 1313 1110 respondit
1333 1032 1465 1093 omnibus
1492 1035 1521 1091 in
1548 1032 1696 1092 communi

905 1141 932 1190 et
950 1142 1131 1193 recesserunt
1150 1149 1257 1192 omnes.
1318 1202 1320 1206 ,

901 1265 910 1278 ·
946 1233 1031 1293 Paria
1046 1232 1182 1305 meranda,
1197 1233 1227 1292 l.
1243 1233 1346 1294 mensis
1357 1230 1427 1310 julii
1441 1233 1560 1294 inierunt
1574 1231 1696 1291 indictae

905 1333 1068 1392 vacationes
1094 1333 1245 1410 generales
1265 1332 1302 1390 ab
1323 1331 1378 1398 laec
1399 1331 1445 1394 die
1466 1348 1558 1410 usque
1579 1330 1615 1390 ad
1638 1331 1696 1392 lxai.

905 1429 1034 1492 octobris
1056 1430 1210 1492 exclusive.
1651 1462 1654 1472 =

946 1532 1032 1593 Paria
1055 1550 1109 1605 av,
1130 1530 1175 1592 die
1196 1530 1227 1591 ti,
1249 1529 1317 1591 dicti
1340 1524 1443 1590 mensis
1457 1529 1525 1610 julii
1547 1528 1586 1589 li.
1605 1529 1639 1588 P.
1661 1530 1697 1591 D.

904 1632 1027 1693 loannes
1047 1633 1199 1712 episcopus
1214 1631 1439 1694 Wormaciensis
1460 1641 1489 1692 et
1507 1631 1551 1691 ill.
1571 1632 1606 1692 l).
1621 1616 1698 1692 Ber·

905 1733 1013 1794 nardus
1043 1727 1146 1793 Comes
1161 1732 1201 1792 'de
1222 1730 1372 1792 Ebestausi
1403 1729 1556 1804 Oratores,
1587 1729 1698 1791 nomine
1738 1805 1740 1808 .
1805 1734 1812 1741 ‘

904 1835 989 1895 lllmi.
1008 1833 1044 1893 D.
1067 1834 1186 1894 Comitis
1212 1831 1335 1892 Palatini
1356 1831 1450 1892 Rheni
1478 1843 1547 1905 etc,
1575 1832 1700 1911 praesti-

905 1945 1003 1996 terunt
1024 1933 1176 1994 Sanctitati
1199 1934 1276 1995 Suae
1297 1932 1485 2012 obedientiam
1508 1944 1537 1994 et
1561 1943 1702 1992 reseren-

905 2036 974 2094 tiam
999 2040 1175 2104 consuetam,
1197 2032 1274 2093 dicto
1290 2032 1405 2092 domino
1432 2033 1566 2111 episcopo
1587 2032 1700 2092 uratio-

905 2152 969 2195 uem
989 2138 1057 2195 satis
1078 2133 1228 2193 barbarice
1250 2134 1458 2211 pronunciante
1473 2128 1528 2212 (l).

948 2235 1057 2295 Eadem
1079 2235 1134 2305 die,
1156 2234 1234 2294 circa
1251 2232 1353 2293 boram
1370 2231 1525 2293 secundam
1547 2231 1650 2302 noctis,
1666 2229 1694 2288 in

906 2335 1023 2395 ciuitate
1053 2333 1236 2395 Urbevetana
1252 2378 1262 2407 ‚
1291 2334 1341 2394 rel
1370 2351 1475 2412 prope,
1496 2329 1566 2391 obiit
1597 2330 1634 2390 R.
1666 2331 1695 2392 in

905 2436 1023 2497 Christo
1050 2434 1138 2495 Pater
1162 2433 1302 2494 Dominus
1323 2433 1429 2494 Petrus
1450 2431 1610 2494 Cardiualis
1630 2432 1695 2490 Fu·

905 2556 1008 2596 scarus
1023 2525 1040 2608 s
1065 2534 1149 2614 cujus
1181 2535 1274 2594 anima
1306 2534 1468 2612 requiescat
1489 2532 1516 2592 in
1538 2549 1617 2611 pace.
1638 2528 1698 2591 Ca-

907 2633 996 2698 daver
1018 2633 1082 2712 ejus
1105 2623 1207 2695 deinde
1227 2635 1378 2696 traslatum
1399 2633 1454 2694 luit
1478 2633 1514 2693 ad
1537 2631 1648 2694 Urbem
1669 2642 1698 2692 et

905 2740 933 2800 in
951 2738 1070 2800 ccclesia
1084 2737 1189 2799 beatae
1207 2736 1317 2796 biariae
1334 2734 1369 2798 de
1386 2735 1500 2815 Populo
1516 2734 1544 2794 in
1557 2734 1698 2814 cappella,
1768 2748 1772 2758 ¹

906 2856 993 2917 quam
1021 2838 1080 2918 ipse
1104 2837 1157 2896 sibi
1186 2846 1412 2910 construxerat,
1439 2834 1605 2914 sepulturae
1636 2843 1701 2892 tra-

907 2940 1000 3000 ditum
1021 2937 1076 3023 (P).
1541 2998 1544 3006 ,
1695 2948 1698 2952 ’

947 3042 1083 3101 inuncta
1105 3049 1259 3116 sequente,
1285 3037 1330 3098 die
1355 3036 1497 3096 dominica
1517 3052 1581 3096 xri.
1597 3034 1701 3094 mensis

906 3141 1034 3202 octobris
1063 3141 1141 3200 circa
1170 3139 1320 3219 septimam
1347 3138 1450 3198 boram
1479 3138 1571 3197 noctis
1601 3135 1638 3194 R.
1673 3134 1702 3194 in

906 3240 1024 3303 Christo
1043 3240 1136 3325 Pater
1155 3250 1183 3301 et
1205 3240 1240 3299 D.
1261 3240 1383 3300 Joannes
1405 3238 1440 3299 de
1458 3237 1605 3318 dragonis
1625 3235 1703 3297 tituli

908 3342 939 3404 S.
963 3343 1087 3404 Sabinae
1107 3341 1259 3422 presbyter
1288 3340 1375 3418 Regis
1401 3334 1701 3418 Neapolitani'lilius,

906 3442 1016 3503 Raram
1042 3443 1069 3500 in
1091 3435 1198 3520 palatio
1225 3458 1278 3500 suo
1305 3433 1382 3519 apud
1412 3439 1565 3499 ecclesiam
1598 3436 1697 3496 Sancti

907 3541 1055 3603 Laurentii
1069 3541 1097 3600 in
1108 3539 1217 3601 Lucina
1228 3539 1303 3600 diem
1317 3539 1419 3600 clausit
1429 3548 1603 3611 extremum,
1615 3533 1702 3614 cujus

948 3772 1094 3840 triformis
1110 3770 1235 3822 lobannis
1252 3769 1395 3833 Camerarii
1417 3768 1568 3829 Dalburgii,
1584 3764 1700 3827 episcopi

909 3851 1112 3901 wormatiensis
1131 3849 1164 3899 ad
1179 3849 1361 3899 innocentium
1377 3847 1429 3897 vttt
1451 3846 1582 3896 Ecclesiae
1609 3845 1701 3894 noma·

907 3942 958 3981 nae
971 3930 1132 3987 antistitem,
1148 3933 1254 3987 nqmtne
1270 3926 1380 3989 Philippi
1393 3925 1499 3988 ingenui
1515 3923 1639 3972 electoris
1651 3919 1696 3969 Pa·

908 4009 982 4059 latini
1002 4009 1035 4058 ad
1056 4005 1308 4066 discumbebas,
1325 4006 1398 4054 extat
1418 4004 1447 4054 la
1466 4003 1560 4059 baara,
1584 4011 1624 4062 op.
1654 3998 1695 4048 cit.

908 4091 968 4137 lom.
989 4089 1007 4139 l.
1022 4100 1083 4150 paq.
1101 4088 1140 4136 ct.

915 4179 922 4195 ⁸
949 4168 983 4229 (l)
999 4168 1091 4216 Petrus
1107 4165 1231 4222 Poscari,
1246 4162 1368 4219 Venetas,
1385 4158 1480 4217 literis,
1497 4157 1623 4216 moribus,
1640 4155 1699 4218 ple·

909 4250 962 4295 tate
988 4246 1092 4294 claruit.
1122 4244 1233 4299 Senatus
1249 4240 1362 4289 Venatus
1380 4235 1553 4287 conllrmabat
1573 4236 1631 4297 elas
1647 4236 1700 4285 ale·

909 4326 1021 4373 ctionem
1039 4324 1064 4372 in
1082 4324 1234 4386 episcopum
1252 4319 1403 4369 Patauinum
1422 4330 1436 4366 a
1453 4317 1526 4366 sixto
1543 4314 1572 4363 tv
1589 4315 1700 4374 iactam,

909 4404 957 4453 bac
973 4403 1165 4452 declarstiones
1181 4399 1275 4450 scalam
1291 4394 1388 4447 martiis
1405 4399 1428 4446 st
1444 4394 1628 4445 conditoribus
1644 4393 1703 4442 dari

907 4481 1083 4545 personalibus
1099 4478 1174 4530 card.
1190 4479 1258 4528 Part
1274 4476 1390 4536 Poscari,
1405 4488 1457 4525 nos
1473 4472 1607 4536 dignitati,
1626 4484 1659 4522 aa
1674 4471 1702 4519 is

907 4565 1038 4624 posteram
1053 4558 1165 4608 Ecclesia
1186 4557 1231 4607 ilio
1256 4556 1346 4620 futura
1362 4557 1424 4605 asset
1439 4552 1613 4605 cardinalium
1629 4562 1701 4599 cons·

910 4641 1009 4692 menda.
1026 4639 1092 4698 liic,
1109 4639 1182 4688 solus
1193 4675 1201 4697 ,
1213 4640 1238 4686 in
1250 4629 1370 4687 conclaui
1388 4633 1558 4684 subscribere
1570 4631 1704 4679 recusauit

845 4722 848 4733 ¹
909 4719 1035 4783 capitulis
1053 4732 1067 4768 a
1084 4716 1269 4767 Cardinalibus
1281 4715 1365 4777 Papae
1382 4713 1471 4762 loturo
1489 4708 1702 4772 impositistaid.

908 4811 969 4862 paq.
987 4802 1030 4857 17.
1055 4800 1084 4849 ts
1097 4800 1114 4858 l.
1135 4795 1265 4857 ilgbaltias
1286 4792 1403 4844 initalia
1425 4790 1506 4842 Sacra
1522 4792 1548 4838 in
1573 4789 1703 4850 geminum

910 4880 1001 4931 incidit
1020 4888 1150 4934 errorem,
1161 4875 1222 4924 dura
1240 4876 1336 4923 asserit
1354 4871 1384 4920 lv
1400 4870 1461 4920 ldus
1478 4866 1628 4919 decembris
1640 4869 1703 4917 1111

912 4960 1053 5009 Diaconum
1078 4955 1246 5005 Cardinslem
1264 4956 1292 5001 et
1309 4950 1464 5014 episcopum
1490 4946 1642 4996 Patauinum
1662 4957 1705 4995 ra·

910 5039 1067 5093 nunciatam
1084 5035 1176 5085 talasa.
1192 5033 1258 5086 Nam
1276 5044 1327 5080 non
1344 5029 1393 5079 luit
1409 5031 1478 5078 inter
1504 5026 1634 5076 Diaconos
1655 5024 1704 5074 sed

913 5119 984 5168 inter
999 5116 1173 5179 Presbyteros
1190 5113 1343 5173 assumptus
1358 5106 1515 5165 Cardinalis,
1531 5110 1559 5155 et
1569 5116 1621 5154 non
1634 5115 1703 5153 anno

913 5184 982 5249 till:
999 5193 1047 5246 aad
1065 5196 1137 5244 ttlt.
1152 5190 1314 5242 Emeadandi
1331 5187 1444 5250 denique
1456 5188 1535 5236 etiam
1554 5184 1702 5246 scriptores

911 5279 1024 5326 vitarum
1037 5272 1215 5324 Cardinallnm
1226 5270 1269 5332 qui
1281 5268 1450 5319 consentiant
1466 5265 1642 5317 ilium¹ltomaa
1652 5264 1700 5315 dc·

909 5355 1036 5414 cessisse,
1051 5354 1140 5416 ignota
1157 5351 1201 5402 dia
1218 5348 1279 5404 sani
1298 5348 1372 5399 uas.
