3764 6036
33 271 144 355 (asoa)

498 270 782 334 castromartis
803 268 1028 334 INNOCENTN
1048 267 1205 333 octavi.

1634 273 1695 338 aaa

39 409 123 469 dress
157 405 276 487 Capella
303 409 418 489 patricii
439 372 560 484 Veneti,
581 410 674 470 illust
705 408 829 470 Dominli
889 426 987 488 puae,
1009 407 1056 467 cui
1078 407 1162 466 ibunt
1184 405 1306 467 obviam
1326 418 1407 467 extra
1425 406 1556 470 maudein
1584 419 1699 490 portam

35 515 211 575 Venetorum
232 511 394 586 Oratores,
405 530 534 592 quorum
551 515 675 595 primun,
697 515 830 575 videlicet
898 506 971 569 Rev.
987 506 1105 567 Domini
1119 506 1291 568 Cardiuaies
1311 507 1530 582 Beneventanus
1544 521 1572 572 et
1584 509 1696 573 osaea

35 612 178 674 Domims
189 598 324 676 Nicolaus
339 615 474 687 michael,
484 617 656 677 constitutus
673 615 730 676 luit
747 612 828 676 Dra·

36 726 81 775 tor
112 714 149 773 ad
172 715 282 793 Regem
314 713 557 795 Neapolitanum,
583 717 657 780 alter
685 734 757 777 vero
791 713 833 781 ad.

35 815 256 889 &arctissimum
280 815 436 902 Dominum
456 815 593 878 Nostrum
613 816 745 896 Papam,
776 817 827 892 qtri

33 921 142 997 recepti
164 915 286 976 luerunt
308 935 324 975 a
345 916 461 977 familiis
482 916 538 977 SS.
561 918 598 978 t).
620 916 662 978 N..
678 916 784 996 Papae,
797 926 825 976 et

35 1016 321 1077 iiendiominorum
336 1016 546 1089 cardinalium,
562 1028 591 1078 et
610 1016 754 1095 usquead
769 1015 827 1076 do·

34 1134 116 1177 mum
136 1115 318 1176 habitationis
335 1132 438 1176 eorum
462 1136 542 1178 mors
563 1119 648 1179 solita
669 1116 809 1190 associati.

77 1218 236 1279 Sclsedula
249 1218 399 1298 publicae
410 1219 676 1298 proclamationis
692 1238 748 1297 per
757 1216 825 1278 ,Ur-

33 1319 99 1377 bem
114 1316 282 1398 faciendae
293 1335 355 1397 pro
368 1319 730 1382 adventusacratissimi
740 1321 825 1400 ferri

32 1418 293 1499 Donceuc,quam
307 1420 345 1491 de
356 1420 574 1506 commistione
584 1421 660 1482 Rau.
673 1421 828 1482 Domina-

33 1537 103 1578 reem
119 1518 332 1580 Beneuentani
347 1530 376 1578 et
393 1519 530 1581 Sanctae
541 1507 731 1583 Anastasius
744 1521 827 1582 Car·

36 1617 196 1678 dinaiium
228 1618 302 1678 aeas·
322 1617 476 1705 Auditori
496 1620 744 1695 Gubernatoris¹
765 1617 828 1681 Ur*-

35 1718 85 1778 lsis
101 1719 154 1778 die
169 1719 296 1779 subbati
311 1720 463 1801 nipesima
492 1733 583 1792 secta
599 1708 681 1782 dicti
711 1722 827 1783 mensis

32 1817 114 1877 maii
123 1838 133 1889 3
155 1817 326 1879 eaderu'die
340 1822 522 1904 exequenda
537 1818 635 1901 (qnae
650 1818 748 1881 tamen
770 1839 826 1882 nou

33 1917 150 1990 eadem,
171 1918 219 1979 sed
241 1918 287 1979 die
305 1920 391 1981 lunae
413 1922 550 2000 vigesima
572 1935 676 1983 actara
696 1920 826 2001 ejusdem

37 2018 216 2080 mensis‘iuit
236 2019 407 2102 exequuta).

895 610 955 682 sis;
981 608 1031 668 alii
1053 626 1151 669 omnes
1174 608 1291 669 mittent
1318 608 1561 686 familiarem,
1586 621 1615 672 et
1644 613 1698 692 ipsi

896 709 1061 771 Gurdiualcs
1083 709 1213 771 ibuutad
1226 710 1373 770 Palatium
1397 721 1432 771 ut
1454 714 1610 793 receptioni
1628 713 1699 777 dicti

896 810 1040 890 Principis
1051 812 1191 884 intersint;
1206 821 1347 891 poteraut
1371 822 1525 892 praetcrea
1539 813 1614 876 Rev.
1633 815 1697 876 Do-

897 913 967 972 mini
987 913 1155 973 Cardinaies
1182 913 1298 973 familiis
1331 913 1391 974 suia
1413 917 1621 990 committere,
1636 927 1697 992 ut,

897 1011 1032 1093 Principe
1055 1014 1208 1086 honorato,
1229 1012 1370 1075 Praelatio
1389 1034 1456 1076 cum
1483 1016 1620 1097 Principe
1641 1035 1694 1078 ra-

898 1113 1088 1187 manentibus,
1109 1113 1198 1176 ceteri
1214 1113 1333 1175 domum
1346 1115 1464 1177 redeant
1476 1117 1512 1177 ad
1529 1117 1697 1179 cardinales

896 1233 979 1288 auos,
1000 1213 1036 1272 ad
1058 1214 1199 1295 palatiu·
1222 1217 1416 1295 apostolicum
1437 1218 1609 1278 associaturi
1630 1236 1697 1294 eos,

897 1315 953 1394 rei,
972 1316 996 1374 si
1015 1314 1108 1393 magis
1125 1306 1248 1394 placeat,
1266 1327 1404 1396 poterunt
1425 1316 1593 1379 Cardiuales
1610 1319 1692 1396 prius

896 1417 933 1474 ad
962 1416 1100 1495 palatium
1128 1417 1308 1497 praedictum
1330 1418 1375 1479 ire
1390 1445 1402 1490 ‚¹
1419 1417 1530 1480 deinde
1557 1419 1695 1480 familiam

896 1534 953 1594 pro
971 1515 1141 1583 bonoraudo
1162 1515 1295 1597 Principe
1316 1518 1464 1597 praedicto
1482 1519 1607 1580 mittere.

929 1617 1096 1677 intimetur
1118 1617 1203 1677 etiam
1218 1616 1376 1697 Capitmm
1392 1617 1694 1691 Ecclesiae,8euatori

897 1715 997 1789 Urbis,
1014 1725 1044 1777 et
1058 1714 1235 1785 Oratoribus
1250 1718 1421 1799 Principum
1437 1729 1466 1780 et
1481 1718 1691 1786 Potentetuom

895 1816 923 1876 in
941 1816 1022 1879 Urbe
1037 1817 1222 1878 existentibus
1237 1817 1378 1879 adrentus
1392 1819 1537 1899 Principis
1551 1820 1691 1901 praedicti

894 1909 924 1978 et
946 1917 1024 1994 quod
1045 1919 1070 1978 ei
1091 1916 1201 1979 bonore
1222 1908 1318 1979 debita
1338 1919 1454 1980 obviarn
1476 1931 1551 1982 eant.

936 2017 1076 2078 Similiter
1092 2028 1121 2079 et
1138 2017 1264 2079 Domina
1283 2018 1423 2100 Raphaeli
1441 2020 1476 2082 tie
1502 2020 1579 2082 Sena
1604 2039 1694 2101 expe·

39 2220 123 2280 bodie
142 2235 195 2300 per
211 2220 360 2281 officialem
375 2221 509 2301 Capitolii
524 2222 560 2280 ad
573 2222 628 2283 boc
647 2224 825 2297 ordinatum,
893 2217 1002 2281 Domus
1016 2219 1094 2297 quod
1108 2220 1203 2280 mittat
1217 2220 1255 2281 ob
1275 2239 1392 2282 caumm
1408 2221 1588 2301 praedictam
1602 2222 1692 2283 Prin·

39 2320 75 2383 dc
96 2320 232 2380 mandata
254 2319 309 2380 SS.
331 2320 447 2380 Domini
461 2320 557 2381 Nostri
579 2323 657 2383 berte.
680 2323 824 2384 Sanctitas

76 2143 93 2175 a
116 2119 312 2193 Publicetur,
333 2120 392 2182 aive
418 2090 617 2200 proclametur
639 2142 691 2202 per
715 2122 825 2186 Urbem
893 2118 985 2180 ditari
1006 2118 1060 2179 88.
1084 2118 1199 2179 Domini
1219 2117 1320 2180 Nostri
1351 2118 1462 2200 Papae,
1482 2122 1693 2200 Vlcemagistro

39 2422 102 2481 Sua
123 2420 267 2499 equitabit
281 2420 449 2500 adportam
464 2422 563 2496 Urbis,
575 2419 657 2500 juxta
673 2426 823 2485 ecclesiam

31 2521 137 2582 Deatm
169 2521 278 2582 Mariae
299 2522 333 2582 de
355 2521 488 2602 Populo,
511 2543 564 2603 per
592 2543 679 2603 qttam
707 2525 825 2585 intrabit

30 2623 258 2682 sacratissimum
268 2622 405 2697 Ferrum,
425 2642 483 2703 quo
503 2625 577 2685 latus
594 2626 708 2685 Domini
723 2624 824 2686 Nostri

31 2721 102 2783 Jesu
124 2714 236 2784 Christi
267 2727 294 2784 in
316 2724 411 2786 Cruce
432 2745 486 2806 pro
507 2729 599 2787 salute
619 2714 718 2787 nostra
751 2746 825 2807 pen·
849 2766 851 2771 -

35 2822 144 2894 dentis,
165 2835 298 2903 apertum
320 2835 385 2899 est,
405 2840 437 2888 et
454 2827 557 2888 ibidem
583 2830 674 2907 ipsam
696 2830 824 2890 lanceam

33 2924 194 2984 emanibus
204 2923 384 3005 Legatorum
401 2931 518 3008 recipiet
531 2942 558 2991 et
573 2916 824 3008 processionaliter

31 3025 173 3103 portabit,
194 3024 272 3100 iude,
288 3026 335 3084 via
358 3039 438 3111 reatu
457 3025 540 3105 josua
564 3027 671 3089 flumen
685 3074 693 3099 ‚
707 3028 743 3087 ad
764 3029 825 3090 Ca·

31 3137 126 3202 strum
150 3125 249 3186 Sancti
271 3127 461 3208 Angeli,kper
492 3127 567 3189 riom
602 3141 710 3193 rectam
732 3148 825 3207 usque

30 3226 68 3286 ad
88 3226 242 3286 Basilicum
263 3228 363 3312 Sancti
378 3229 474 3289 Petri:
490 3243 644 3309 propterea
669 3238 701 3288 ut
723 3229 825 3290 condi-

31 3344 90 3404 gno
111 3326 224 3405 horrare
245 3338 273 3388 et
297 3311 478 3390 veneratione
499 3330 701 3410 srrscipiatur‚
722 3341 751 3390 et
772 3329 825 3391 de·

31 3437 180 3504 portetur,
198 3432 290 3487 amaris
307 3430 354 3489 ria
376 3429 446 3489 beue
469 3411 636 3500 mundetur,
654 3427 775 3489 floribus
796 3442 826 3491 et

34 3525 132 3587 berbis
154 3541 355 3607 proserretur,
373 3542 407 3590 et·
418 3533 529 3608 pannis,
540 3540 568 3592 et
583 3531 676 3591 auleis
691 3536 837 3605 ornatur,

34 3631 135 3711 etqui
165 3642 284 3709 possunt
305 3634 453 3694 commode
476 3634 642 3713 cooperiant
668 3635 767 3705 amm,
796 3643 826 3694 et

35 3733 128 3792 omnis
147 3732 273 3811 populus
292 3751 358 3792 cum
378 3733 528 3811 devotione
547 3736 756 3814 processionem
777 3753 842 3795 ser

32 3844 141 3910 qrratur
164 3851 232 3892 cum
254 3831 380 3894 candelis
400 3837 534 3896 accensis.
549 3834 613 3904 Qua
629 3836 703 3895 lacta
719 3836 823 3895 dicitur

32 3933 124 3993 Missa-
136 3935 165 3993 in
185 3935 260 3995 dicta
274 3935 412 4012 Basilica,
421 3947 462 4009 et,
472 3956 506 3999 ea
517 3936 670 4009 unrmss.
684 3938 825 3998 Dominus

34 4031 138 4095 Noster
161 4035 238 4096 dabit
260 4037 405 4115 pubiicum
427 4049 456 4100 et
477 4041 632 4101 solemnem
649 4039 825 4102 benedictio·

35 4153 100 4196 nem
130 4136 157 4195 in
185 4138 418 4199 loco'consueto
443 4150 472 4202 et
499 4142 640 4220 plenarias
668 4135 824 4221 indulgen·

34 4238 87 4296 tias
112 4224 141 4296 ι.

75 4337 237 4401 Sciteslula
251 4340 466 4404 intimatianis
484 4343 651 4423 faciendae
666 4344 739 4405 ilem
756 4345 825 4406 Da·-

33 4437 133 4499 minis
149 4439 391 4513 cardinalibus,
417 4463 476 4524 pra
495 4444 546 4504 die
568 4445 711 4506 crastina
743 4446 826 4508 irater

34 4540 185 4601 decimam
198 4552 353 4615 octauam,
366 4554 395 4605 et
413 4536 563 4607 decimam
574 4544 691 4606 nonam
705 4546 825 4621 boram,

32 4661 72 4704 ee
93 4634 312 4704 cornmissione
335 4644 541 4708 Dominarum
561 4647 774 4708 Beneventani
796 4660 825 4710 et

33 4743 175 4803 Sanctae
188 4743 379 4823 Astqstosiae
394 4739 618 4811 cardinalium
635 4747 827 4812 cursoribus

34 4844 173 4903 datariis
184 4843 310 4904 sabboti
320 4846 492 4926 praedicti,
506 4866 565 4928 pro
581 4848 716 4910 adventa
727 4848 828 4910 Prin·

33 4944 118 5025 cipis
136 4943 273 5026 Capuae.
560 4942 563 4947 ’

78 5046 123 5107 De
145 5045 280 5105 mandato
302 5044 357 5104 SS.
380 5045 495 5106 Domini
518 5045 614 5107 Nostri
641 5048 735 5127 Papae
756 5048 826 5107 inti·

36 5156 134 5206 metur
151 5144 224 5207 Rev.
244 5144 375 5206 Dominis
389 5146 591 5208 (arctantibus
606 5148 684 5228 quod
698 5149 742 5210 die
757 5167 826 5209 era·

37 5249 110 5308 stina
130 5248 208 5309 iuter
230 5263 328 5318 xrrrr,
341 5259 368 5309 et
383 5265 445 5310 xrx
464 5247 701 5311 horamintrubit
714 5249 824 5311 Urbem

35 5367 84 5427 per
100 5360 218 5432 portam
238 5346 458 5428 Lateranensem
471 5351 595 5412 illustris
616 5350 752 5431 Princeps
766 5349 825 5413 Ca·

893 2320 948 2399 cipi
971 2318 1087 2381 obviam
1110 2322 1252 2400 praelatos
1272 2321 1393 2396 Palatii,
1412 2332 1443 2384 et
1467 2323 1609 2384 familiam
1631 2323 1693 2383 Pa-

894 2439 948 2501 pae
971 2438 1055 2493 morte
1077 2408 1172 2481 solito.

936 2521 1099 2593 Dominica,
1115 2523 1257 2599 vigesima
1276 2521 1396 2602 septima
1407 2520 1475 2582 dieti
1492 2525 1595 2584 mensis
1613 2522 1693 2597 mail,

892 2624 927 2683 de
946 2624 1081 2684 mandato
1102 2622 1158 2684 SS.
1181 2622 1297 2682 Domini
1318 2622 1424 2702 Papae,
1449 2641 1503 2703 per
1526 2622 1688 2685 iohannem

893 2721 1016 2784 Paeonis
1045 2723 1109 2784 heri
1140 2741 1206 2784 sero
1234 2724 1361 2784 secundo
1392 2723 1462 2785 mibi
1487 2723 1594 2796 iacto,
1615 2723 1689 2785 bora

892 2841 967 2884 noua
990 2826 1035 2885 rel
1058 2824 1150 2896 circa,
1166 2843 1301 2886 reversus
1315 2844 1350 2886 ex
1362 2824 1443 2888 Urbe
1465 2824 1613 2886 Marinum
1641 2826 1692 2888 ubi

891 2925 1018 3008 illustris
1037 2924 1173 3004 Princeps
1187 2925 1301 3003 Capuae
1315 2936 1390 2998 erat,
1404 2923 1440 2985 ad
1466 2924 1688 3004 significandum

892 3024 918 3085 ei
933 3044 991 3102 qua
1003 3025 1114 3103 ordine,
1126 3027 1271 3103 atquibus
1289 3025 1477 3087 caerimoniis
1488 3026 1525 3088 ad
1541 3027 1651 3090 Urbem
1662 3039 1691 3089 et

893 3125 926 3185 8.
935 3126 973 3187 D.
982 3125 1016 3187 N.
1027 3138 1101 3188 esset
1111 3138 1331 3201 accessurus,ut
1341 3126 1411 3188 mibi
1425 3126 1618 3188 commissum
1627 3140 1691 3191 erat

893 3233 974 3292 llius.
989 3212 1181 3290 Domiuatiani
1195 3227 1273 3289 Suae
1287 3232 1416 3309 exposui,
1430 3251 1465 3293 aa
1493 3249 1561 3293 cum
1583 3233 1642 3292 suis
1656 3232 1692 3293 de

893 3328 1162 3392 omnibusordincm
1173 3328 1324 3401 dedi,licet
1335 3348 1391 3391 uon
1405 3331 1418 3390 i
1424 3315 1500 3393 uerit
1510 3330 1690 3415 observatus.

893 3430 1021 3492 Recessit
1043 3429 1107 3489 inde
1128 3428 1292 3489 Dominatio
1313 3430 1475 3493 Suacirca
1491 3431 1596 3492 boram
1610 3430 1692 3491 deci·

894 3551 974 3592 mam
997 3533 1137 3609 quintam.
1151 3529 1373 3592 Praecesseruut
1385 3533 1523 3604 muliones
1534 3529 1603 3593 cuui
1613 3532 1693 3611 psal·

893 3635 947 3692 mis
961 3650 1044 3692 num.
1060 3630 1131 3703 4333
1143 3630 1242 3693 deinde
1255 3633 1411 3695 servitores
1425 3636 1564 3707 minares,
1575 3652 1694 3695 succes·

892 3734 955 3794 sire
976 3729 1102 3808 majores
1114 3730 1271 3811 gradatim,
1286 3744 1378 3813 prout
1401 3747 1539 3814 persnas
1561 3733 1692 3794 aditiales

893 3834 1006 3895 adhoc
1035 3833 1188 3913 deputatos
1218 3831 1483 3896 luitardioatum.
1509 3833 1627 3894 Primus
1655 3854 1690 3895 ex
1779 3895 1785 3907 ,

893 3935 1036 3999 nobilibus
1056 3933 1239 4014 Principibus
1252 3933 1308 3994 suit
1327 3935 1362 3995 D.
1384 3936 1550 4016 Aipbonsus
1564 3935 1690 3996 debra-

893 4037 978 4114 ganta
1010 4035 1156 4102 iiiarcbio
1189 4032 1357 4095 Giracensis‘
1380 4035 1472 4097 irater
1505 4035 1694 4098 consobrinus

893 4134 1049 4216 Principis,
1077 4134 1222 4195 secundus
1242 4135 1367 4196 illustris
1388 4135 1454 4196 Dux
1474 4136 1693 4216 Amalpbitauus

890 4234 983 4296 irater·
996 4233 1078 4297 Rev.
1100 4233 1215 4295 Domini
1236 4233 1399 4296 Cardinalis
1424 4236 1569 4311 Senemis,
1587 4239 1696 4300 tertius

892 4335 1064 4416 Magnificus
1084 4335 1226 4397 Dominus
1246 4335 1387 4398 diarchia
1406 4337 1573 4410 Piscenae,
1595 4340 1694 4402 etalii

893 4447 989 4518 prout
1022 4440 1051 4496 iu
1081 4437 1144 4496 lista
1175 4437 1294 4497 inferius
1316 4439 1503 4518 registratum
1527 4441 1694 4517 videbitur;

893 4557 944 4618 per
967 4557 1020 4598 sex
1041 4538 1188 4612 milliaria,
1204 4540 1251 4600 rel
1270 4540 1362 4621 circa,
1376 4532 1458 4603 estre
1478 4542 1589 4605 Urbem
1603 4562 1693 4605 rem-

896 4649 968 4699 ruut
980 4638 1095 4699 obviarn
1110 4638 1236 4720 Principi
1253 4641 1357 4702 Coures
1373 4642 1422 4701 Pit
1430 4644 1507 4704 iliani
1524 4643 1696 4724 Capitonem

895 4739 1051 4812 Ecclesiae,
1072 4740 1246 4800 Fraraeiscus
1267 4740 1340 4803 Cibo
1359 4741 1443 4803 itlius
1462 4744 1568 4825 Papae,
1590 4755 1619 4806 et
1639 4746 1694 4808 st·

895 4842 1024 4922 phansus
1041 4840 1075 4903 de
1086 4840 1221 4931 Carretto
1232 4842 1370 4906 Marchio
1383 4843 1496 4907 Pinarii
1510 4859 1539 4908 et
1553 4829 1694 4909 Dominus

895 4943 1071 5005 Dominicus
1091 4942 1181 5003 Duria
1202 4944 1377 5025 Capitaueus
1398 4950 1497 5028 palatii
1513 4949 1617 5030 Papae,
1629 4968 1696 5012 cum

894 5038 1007 5109 eorum
1020 5056 1123 5124 geute:
1148 5046 1236 5125 primi
1257 5058 1316 5108 tres
1337 5066 1394 5110 raon
1422 5051 1635 5113 descenderunt
1662 5072 1697 5114 ex

893 5150 998 5225 equis,
1018 5146 1067 5208 sed
1088 5147 1227 5235 Dominus
1248 5147 1423 5210 Dominicus
1455 5151 1544 5213 Dorla
1571 5164 1692 5214 tantum.

893 5249 1031 5330 Princeps
1048 5251 1157 5329 recepit
1170 5267 1186 5308 a
1199 5249 1308 5312 dextris
1328 5251 1519 5333 Capitoneum
1536 5254 1695 5328 Ecclesiae,

893 5361 921 5413 et
943 5370 960 5411 a
980 5351 1108 5413 sinistris
1126 5350 1219 5415 iillum
1239 5352 1346 5433 Papae,
1361 5354 1436 5418 iuter
1455 5373 1530 5435 quoa
1550 5359 1694 5438 equitavit
