3764 6036
199 259 257 320 luc

195 396 317 470 tuentis,
336 397 370 458 de
403 397 545 471 Sabellis,
567 411 596 461 et
616 401 781 472 columna,
799 411 827 460 et
855 401 978 462 Ursinus

194 495 360 574 equitarunt
386 499 515 576 praelato
536 499 682 560 cardinali
706 502 844 575 obviam,
879 520 979 561 versus

194 594 326 669 Ostiam,
348 615 400 676 per
423 599 507 677 plura
527 586 659 665 miliaria.
685 600 721 660 R.
752 600 788 660 l).
818 600 978 662 cardinalis

193 697 416 775 Andegarensis,
428 698 478 775 qni
499 716 555 757 non
573 700 643 760 bene
662 700 812 779 dispositus
832 711 905 774 erat,
923 721 978 762 ro.-

195 799 253 859 lens
273 797 455 858 nihilomiuus
475 801 606 859 eumdem
621 799 801 861 cardinalem
819 801 978 863 venientem

195 898 349 969 honorare,
367 900 506 976 equitavit
522 899 557 957 ad
580 898 801 980 domumipsius
816 900 978 961 cardinalis

194 999 225 1059 S.
248 999 329 1060 Petri
351 998 386 1057 ad
408 1000 580 1072 llincula‚et
601 1000 639 1058 ibi
662 1018 728 1060 eum
752 999 909 1062 venientem
926 1021 979 1062 ex·

194 1102 329 1179 pectarit.
374 1099 435 1159 RR.
466 1099 529 1160 Ol).
561 1102 610 1161 alii
643 1101 808 1162 cardinales
838 1103 866 1160 in
899 1103 978 1164 Urbe

193 1213 365 1279 praesentes,
388 1199 520 1263 videlicet
540 1201 570 1260 S.
593 1202 700 1264 hieriae
722 1203 749 1261 in
766 1203 897 1268 Porticu.
914 1204 978 1265 hle·

196 1300 378 1374 diolanensis,
400 1301 434 1361 de
456 1301 624 1374 comitibus,
646 1302 818 1375 Parmensis,
837 1304 978 1379 Senensis,

195 1412 224 1462 et
244 1401 275 1461 S.
294 1402 411 1481 Georgii
431 1402 614 1464 Camerarius
636 1423 690 1465 non
715 1416 856 1466 venerunt
877 1406 901 1465 ei
923 1405 978 1465 ob·

194 1504 280 1563 viam.
311 1504 404 1582 igitur
432 1505 510 1564 circa
534 1504 635 1564 horam
671 1522 780 1566 xxtttt.
816 1505 979 1584 praedictus

195 1601 354 1674 Cardinalis
373 1604 451 1664 venit
471 1603 507 1662 ad
528 1603 560 1662 8.
582 1604 706 1664 l’anlunr
723 1621 789 1663 curn
804 1605 859 1664 illis
873 1605 979 1665 cardi·

196 1701 317 1774 nalibus,
337 1703 388 1780 qui
407 1703 521 1763 obviam
540 1703 662 1777 inerant,
681 1717 709 1766 et
729 1705 783 1765 luit
796 1705 845 1777 ibi,
861 1704 897 1763 ab
913 1708 980 1767 aliis

195 1818 311 1879 quoque
331 1802 552 1876 cardinalibus,
572 1805 621 1882 qui
642 1806 734 1885 ipsum
756 1807 783 1865 in
804 1806 978 1870 hlohasterio

195 1911 422 1978 expectaverant,
450 1915 594 1982 receptos,
621 1916 648 1965 et
668 1904 705 1963 ab
726 1906 859 1966 omnibus
889 1925 979 1985 usque

195 1999 231 2059 ad
252 2000 370 2063 domurn
392 2021 460 2064 suae
491 2004 669 2065 habitationis
694 2006 730 2065 ad
762 2007 870 2068 Urbem
897 2027 979 2068 asso·

195 2103 298 2174 cintus,
318 2103 448 2180 equitans
469 2106 497 2164 in
519 2104 584 2166 loeo
605 2124 658 2166 suo
678 2125 745 2167 curn
766 2107 802 2165 R.
821 2108 857 2166 D.
874 2107 978 2168 cardi-

195 2205 258 2264 nale
272 2203 302 2264 S.
314 2203 406 2265 hiarci
426 2215 489 2283 post
508 2191 690 2266 cardinalem
703 2207 978 2269 vicecancellariuas

196 2313 224 2362 et
256 2302 493 2383 Neapolitanum
521 2303 570 2365 alii
599 2305 767 2367 cardinales
797 2307 898 2369 ordine
926 2327 980 2368 suo

195 2416 257 2481 post
277 2423 356 2476 eum,
375 2424 441 2466 cum
464 2407 657 2484 pervenissent
677 2419 742 2468 ante
761 2407 880 2468 domum
892 2427 979 2488 prae·

195 2502 263 2563 dicti
285 2501 444 2564 cardinalis
467 2506 623 2579 venientis,
641 2504 724 2581 juata
745 2507 889 2569 basilicans
920 2525 980 2569 xiv.

195 2604 401 2682 Apostolorum
425 2605 559 2665 locarunt
584 2625 614 2666 se
645 2606 774 2668 ordinate
797 2608 928 2686 singuli3
951 2620 979 2669 et

194 2702 353 2765 Cardinalis
369 2703 482 2763 veniens
498 2706 637 2781 equitavit
652 2705 687 2765 ad
702 2707 840 2784 singulos,
860 2709 979 2785 singolis

195 2805 304 2881 gratias
334 2823 423 2883 agens
433 2827 444 2877 ;
466 2817 650 2866 recesserunt
682 2806 781 2868 deinde
801 2825 898 2869 omnes
910 2853 921 2882 ,
951 2821 979 2870 et

197 2908 255 2984 ipse
272 2905 391 2965 intrarit
411 2904 528 2965 domum
550 2924 653 2980 suam,
673 2908 701 2965 in
722 2925 778 2985 qua
790 2908 845 2969 luit
858 2909 901 2966 vab
916 2910 979 2968 hn-

196 3005 353 3085 degarense
372 3005 630 3090 iblderuexistente
651 3008 736 3067 etiam
760 3020 907 3089 receptus,
929 3011 978 3087 qui

195 3108 282 3167 etiarn
298 3118 362 3186 post
374 3124 497 3186 petreum
519 3109 646 3182 recessit,
657 3121 684 3171 et
705 3111 742 3170 ad
763 3110 882 3172 domum
896 3129 978 3171 suam

195 3206 278 3267 rediit
284 3228 295 3280 3
312 3218 464 3288 propterea
484 3221 623 3292 venerunt
647 3211 761 3271 obviam
787 3212 871 3273 etiam
892 3230 978 3290 prae-

195 3305 253 3366 lato
273 3305 418 3367 Cardinali
434 3304 573 3371 Oratores
587 3309 651 3370 Ser.
669 3310 849 3371 blasimiliani
868 3310 979 3371 Roma-

195 3424 299 3467 norum
321 3406 428 3486 Regis,
448 3418 477 3468 et
495 3407 581 3487 Regis
615 3410 810 3471 Francorum.
842 3410 880 3470 Et
909 3430 976 3471 cuna

195 3509 343 3587 episcopus
365 3506 556 3568 bracariensis
580 3507 690 3571 Orator
712 3510 799 3590 Regis
825 3512 978 3584 Franciae,

195 3621 260 3686 post
278 3606 444 3667 Cardinales
462 3610 602 3685 equitans,
617 3611 742 3688 primurn
759 3613 853 3672 locum
872 3611 976 3674 habere

195 3709 291 3780 vellet,
311 3707 348 3768 Ι).
368 3706 532 3787 Gregorius
553 3709 587 3770 de
599 3709 706 3784 Turre,
722 3706 831 3771 Orator
843 3711 978 3786 blasiani·

196 3795 274 3882 liani,
295 3811 377 3870 illum
395 3808 491 3871 verbis
506 3809 654 3871 admonuit
672 3822 704 3871 ut
718 3811 842 3883 cederet;
859 3812 908 3872 illo
923 3832 977 3873 no·

196 3910 291 3982 lente,
323 3911 436 3971 tandem
459 3927 526 3969 cum
548 3927 623 3987 equo
645 3912 673 3970 in
694 3928 761 3973 eum
783 3911 892 3984 irruit,
920 3930 978 3988 quo

198 4011 293 4072 adhuc
314 3996 415 4072 cedere
436 4011 557 4082 nolente,
580 4011 693 4073 taudem
716 4031 767 4092 per
789 4013 977 4090 capuccium,

195 4123 225 4172 et
245 4112 411 4172 mantellum
422 4111 561 4190 arripiens
582 4110 809 4184 Lascuriensem,
823 4130 912 4190 usque
925 4132 977 4172 ea-

197 4223 241 4273 tra
262 4214 391 4274 ordinem
414 4229 511 4272 secum
534 4212 630 4283 traxit,
651 4224 680 4271 et
701 4214 871 4292 toeuvnpro
888 4233 928 4285 se,
949 4225 978 4274 et

196 4314 328 4391 episcopo
339 4312 527 4384 Similieense,
539 4330 573 4372 ac
583 4312 645 4372 aliis
659 4313 716 4370 suis
726 4313 807 4373 sociis
818 4312 905 4390 Regis
915 4313 978 4374 Ro·

197 4430 348 4473 manorum
373 4409 545 4473 Oratoribus
562 4412 688 4484 retinuit,
708 4429 798 4490 usque
812 4412 848 4471 ad
860 4412 977 4473 domum

197 4513 316 4591 praeisti
337 4510 496 4574 cardinalis
509 4513 653 4572 venientis.
670 4512 818 4582 ceterum,
839 4532 905 4573 curn
923 4514 977 4577 hoc

197 4630 279 4674 mane
304 4614 331 4671 in
358 4611 443 4671 blissa
465 4613 492 4670 iu
513 4612 642 4693 cappella
664 4608 774 4687 majore
799 4612 900 4672 Palatii
931 4616 978 4672 in-

196 4730 313 4774 censum
335 4712 465 4782 daretur,
484 4712 603 4790 singuiis
624 4711 722 4774 ordine
744 4724 879 4774 consueto
894 4714 978 4772 ordi-

197 4817 263 4875 nari
278 4812 424 4873 distribui.
445 4812 690 4873 Vicecamerarius
706 4813 879 4885 absenserat,
900 4813 977 4891 quod

196 4917 342 4976 incensum
355 4911 473 4973 daretur
485 4909 759 4991 primoOratoribus
770 4911 856 4991 Regis
869 4912 977 4973 Roma·

197 5034 301 5076 norum
315 5016 343 5075 in
360 5017 424 5075 loco
440 5015 579 5074 laicorum
594 5015 743 5086 stantibus,
759 5024 855 5093 postea
868 5012 979 5076 Orato-

671 261 950 325 ruuttutchrus
971 259 1192 325 lllllOGEllTll
1213 263 1364 329 octavi.

1722 266 1825 353 (¹⁴⁸8)

1047 398 1186 466 Oratores
1200 403 1338 483 praedicti
1353 403 1466 482 Regum
1483 405 1666 466 Francorum
1676 416 1706 467 et
1724 407 1827 487 llispa·

1046 503 1107 563 uiae
1117 521 1205 581 aegre
1219 504 1360 573 tulerunt,
1375 514 1531 566 asserentes
1543 504 1652 585 Regem
1666 505 1827 567 Romanum

1046 622 1101 664 non
1117 624 1176 664 esse
1190 604 1381 683 approbatum
1396 616 1424 665 et
1430 617 1583 686 propterea
1599 625 1655 667 non
1667 607 1827 668 habendum

1048 723 1103 783 pro
1125 702 1227 782 Rege3
1249 717 1283 764 ac
1306 715 1369 783 post
1389 705 1503 765 Missam
1525 705 1713 768 Sanctissimo
1737 706 1773 766 l).
1797 706 1829 766 Ν.

1045 804 1079 865 de
1101 822 1146 863 me
1175 805 1340 881 eotrquaesti
1358 817 1447 880 sunt3
1461 807 1509 868 sed
1524 825 1579 885 pro
1593 825 1625 869 ea
1648 809 1712 868 rice
1728 807 1828 869 881).

1045 901 1080 962 Ν.
1098 902 1167 962 nihil
1189 903 1259 962 mihi
1280 903 1357 965 dista.
1600 975 1603 980 ¹

1087 1004 1170 1064 Feria
1189 1004 1265 1064 sexta
1280 1048 1289 1078 ,
1307 1006 1409 1065 mensis
1424 1006 1525 1085 aprilis
1545 1024 1602 1080 xa,
1616 1007 1671 1068 88.
1684 1008 1720 1068 Ι).
1735 1007 1770 1068 Ν.
1788 1007 1831 1068 di.

1046 1104 1085 1168 ait
1106 1101 1199 1177 mihi,
1219 1106 1318 1184 piures
1338 1124 1373 1165 es
1394 1105 1458 1166 RR.
1480 1106 1608 1167 Dominis
1632 1107 1830 1169 cardinalibus

1046 1223 1091 1264 nra
1114 1206 1272 1283 inculpasse
1291 1224 1344 1284 pro
1367 1226 1402 1266 eo
1424 1207 1504 1286 quod
1526 1226 1630 1269 aarum
1651 1208 1785 1269 ordinem
1805 1211 1829 1269 in

1046 1297 1138 1358 dando
1159 1297 1274 1358 incenso
1294 1311 1324 1360 et
1343 1319 1411 1378 pace
1426 1301 1563 1363 hactenus
1579 1319 1635 1364 non
1654 1303 1829 1364 observare·

1050 1400 1116 1470 rim,
1130 1411 1158 1459 et
1181 1398 1354 1489 Oratoribus
1369 1400 1457 1479 Regis
1476 1400 1674 1464 Romanorum
1688 1405 1738 1464 illa
1755 1405 1829 1483 prius

1045 1498 1181 1571 dederim,
1201 1517 1287 1577 quam
1309 1501 1494 1568 Francorum¹
1511 1513 1577 1575 ete,
1593 1505 1659 1565 licet
1676 1504 1752 1564 ordo
1767 1522 1830 1584 cap·

1048 1600 1141 1679 pellae
1155 1596 1190 1658 sit
1203 1600 1280 1676 quod
1296 1600 1376 1678 prius
1394 1602 1479 1662 detur
1495 1601 1830 1680 praelatisOratoribus,

1050 1718 1138 1778 qnam
1158 1700 1245 1760 iaicis.
1269 1699 1411 1781 Respondi
1433 1701 1584 1763 sanctitati
1605 1703 1685 1766 Suae
1706 1704 1828 1767 ordissen

1046 1801 1188 1880 cappellae
1212 1819 1271 1860 esse
1289 1813 1318 1863 et
1337 1813 1414 1864 tanto
1433 1815 1560 1884 tempore
1576 1804 1674 1878 fuisse,
1690 1805 1770 1882 quod
1786 1807 1830 1865 vi-

1046 1902 1240 1961 cecomerario
1264 1902 1291 1961 in
1313 1904 1441 1981 cappella
1462 1905 1686 1977 existente,cum
1708 1907 1758 1968 ille
1775 1909 1830 1985 pri·

1048 2018 1113 2059 mus
1135 2001 1208 2061 iuter
1231 2019 1329 2062 omnes
1350 2000 1491 2065 Oratores
1509 2004 1667 2078 habeatur,
1689 2005 1770 2083 quod
1797 2008 1829 2066 illi

1046 2105 1128 2182 prius
1161 2103 1309 2163 incensum
1337 2102 1436 2164 demus
1457 2116 1485 2166 et
1512 2124 1623 2185 pacata,
1644 2105 1748 2166 deinde
1777 2107 1830 2166 aliis

1046 2204 1180 2282 praelatis
1201 2213 1265 2282 post
1286 2222 1353 2265 eum
1380 2206 1531 2279 stantibus,
1543 2204 1733 2280 Oratoribus,
1754 2208 1829 2267 edan

1046 2306 1069 2362 si
1085 2304 1228 2364 inferioris
1243 2303 1389 2383 Principis
1403 2306 1448 2365 vel
1461 2306 1681 2367 communitatis
1691 2307 1748 2368 sint
1760 2304 1829 2368 Ora·

1047 2416 1145 2476 tores,
1166 2414 1227 2464 tum
1250 2405 1330 2465 laicis
1360 2404 1543 2467 Oratoribus.
1568 2406 1599 2467 Si
1621 2425 1695 2468 vero
1717 2409 1830 2470 Viscor-

1046 2506 1189 2564 merarius
1202 2504 1309 2564 absens
1319 2505 1365 2574 sit,
1378 2517 1466 2584 prout
1487 2523 1578 2585 nuper
1598 2508 1662 2579 luit,
1676 2508 1758 2586 quod
1770 2520 1829 2568 tune

1045 2620 1062 2660 a
1075 2603 1213 2682 dignioris
1229 2603 1315 2683 Regis
1325 2607 1375 2665 nel
1392 2605 1534 2684 Principis
1550 2603 1678 2668 Oratore
1690 2610 1829 2670 incensam

1046 2715 1075 2764 et
1109 2722 1207 2783 pacem
1231 2704 1300 2766 dore
1326 2705 1492 2787 incip²amus
1519 2720 1548 2768 et
1579 2709 1715 2770 omnibus
1735 2711 1765 2769 in
1784 2727 1828 2769 sao

1046 2803 1145 2865 ordine
1178 2804 1319 2864 stantibus
1342 2804 1516 2868 Oratoribus
1537 2808 1655 2883 demus,
1673 2828 1710 2870 ne
1740 2809 1831 2871 totiens

1046 2923 1097 2982 per
1119 2905 1277 2982 cappellam
1313 2924 1420 2986 vagare
1445 2908 1592 2969 videamur
1604 2931 1614 2982 ;
1644 2909 1748 2972 deinde
1777 2911 1831 2970 aliis

1046 3001 1218 3064 Oratoribus
1233 3005 1262 3064 in
1279 3006 1337 3068 alio
1352 3007 1453 3070 ordine
1471 3008 1627 3070 stantibus:
1641 3020 1672 3071 et
1685 3023 1831 3091 propterea

1046 3107 1114 3182 quia
1152 3105 1319 3184 praedictus
1355 3107 1602 3170 Vicecamerarius
1643 3112 1672 3170 in
1710 3113 1831 3192 cappella

1048 3223 1181 3284 praesens
1214 3223 1269 3265 non
1285 3219 1359 3280 erat,
1377 3208 1511 3287 incepisse
1526 3211 1595 3272 dare
1608 3213 1689 3290 prius
1711 3214 1749 3273 ab
1761 3212 1832 3273 Ora·

1048 3305 1159 3366 toribus
1182 3305 1269 3384 Regis
1292 3306 1414 3367 Roman.
1441 3320 1588 3386 tamquam
1614 3313 1709 3390 magis
1736 3312 1831 3390 dignis.

1045 3404 1192 3465 Mandavit
1206 3406 1348 3467 Sanctitas
1362 3408 1423 3468 Sua
1442 3409 1518 3486 quod
1540 3410 1669 3490 deinceps
1691 3412 1832 3472 inrecisum

1044 3517 1182 3586 etpacem
1203 3508 1273 3568 dare
1293 3507 1410 3569 debeam
1430 3507 1604 3570 Oratoribus
1618 3513 1756 3590 praelatis
1772 3524 1831 3573 ante

1045 3602 1183 3670 Oratores
1199 3606 1295 3679 laicos,
1310 3626 1437 3668 asserens
1451 3606 1592 3671 Oratores
1609 3610 1724 3690 Regum
1738 3613 1829 3673 Fran·

1045 3705 1106 3765 ciue
1128 3717 1157 3764 et
1178 3705 1332 3785 Hispaniae
1363 3707 1588 3771 Maximilianum
1604 3731 1657 3789 pro
1675 3710 1756 3792 Rege
1773 3713 1830 3774 Ro·

1048 3824 1200 3866 manorum
1223 3807 1329 3869 habere
1351 3826 1406 3869 non
1427 3811 1511 3882 velle,
1533 3828 1601 3871 cum
1623 3811 1721 3872 dicant
1741 3814 1827 3892 ipsun

1025 3907 1081 3967 ab
1101 3907 1233 3968 Ecclesia
1255 3907 1384 3967 Romana
1404 3928 1460 3970 nort
1479 3930 1540 3971 esse
1560 3911 1762 3991 approbatum.

1087 4007 1212 4068 Sabbata
1230 4008 1258 4067 in
1281 4008 1372 4082 athis,
1390 4026 1450 4070 xit.
1468 4013 1568 4072 mensis
1588 4014 1688 4092 aprilis
1705 4013 1733 4074 8.
1749 4014 1785 4075 Ι).
1797 4013 1825 4074 Ν.

1045 4121 1165 4188 paratus
1181 4127 1264 4169 more
1281 4092 1421 4170 consueto
1442 4113 1519 4171 venit
1537 4111 1574 4170 ad
1587 4111 1746 4192 cappellam
1766 4132 1823 4173 ma·

1042 4205 1149 4284 jurem,
1170 4208 1218 4268 ubi
1239 4210 1369 4271 interluit
1389 4210 1490 4272 blissae
1510 4215 1648 4285 solemni,
1671 4230 1759 4291 quant
1780 4233 1823 4275 ce·

1046 4309 1168 4371 lebravit
1185 4310 1220 4369 R.
1235 4310 1267 4370 P.
1286 4309 1321 4370 Ι).
1336 4309 1562 4391 christophorus
1582 4315 1734 4394 episcopus
1754 4315 1823 4376 Cor·

1046 4411 1165 4470 tonensis
1186 4411 1321 4487 magister
1347 4413 1501 4489 cappellae,
1529 4424 1557 4474 et
1578 4431 1634 4474 non
1653 4414 1710 4475 luit
1732 4432 1824 4495 serrae.

1049 4511 1084 4569 ln
1116 4511 1171 4570 hac
1203 4508 1310 4584 blissa,
1338 4524 1488 4590 postquam
1521 4513 1575 4574 SS.
1603 4515 1639 4574 D.
1665 4513 1708 4574 Ν.
1737 4532 1827 4577 asoea·

1049 4609 1130 4670 derat
1149 4612 1265 4684 solium,
1288 4610 1361 4672 Rev.
1386 4612 1423 4672 Ι).
1445 4613 1605 4675 cardinalis
1629 4615 1665 4675 de
1690 4616 1772 4676 Fuso
1790 4611 1827 4694 (li

1046 4711 1189 4784 assistens,
1205 4711 1241 4770 ad
1264 4712 1424 4772 instantiam
1447 4714 1570 4794 episcopi
1592 4713 1626 4775 Ν.
1648 4727 1827 4796 conquaestus

1046 4810 1101 4871 SS.
1115 4812 1149 4870 l).
1160 4809 1194 4871 Ν.
1213 4813 1350 4891 estquod
1382 4812 1543 4893 Gregorius
1563 4816 1597 4877 de
1610 4815 1709 4879 Turre
1728 4815 1827 4877 Orator

1045 4911 1238 4983 lllaxitniliani,
1257 4915 1306 4991 qui
1329 4916 1357 4972 in
1379 4915 1510 4994 cappella
1530 4927 1604 4988 erat,
1622 4930 1697 4978 esset
1720 4933 1828 4979 excons-

197 5117 276 5176 ribus
297 5115 412 5194 Regum
427 5115 609 5177 Francorum
635 5127 664 5176 et
686 5114 839 5194 Hispaniae
855 5116 882 5174 in
909 5117 979 5177 locis
1050 5133 1053 5137 ·

197 5217 393 5294 praelatorum
415 5215 565 5288 stantibus,
590 5227 734 5293 tamquam
757 5216 851 5274 minus
879 5215 978 5296 dignis.

198 5315 275 5376 idern
295 5334 349 5394 ego
367 5318 394 5376 in
410 5315 604 5376 distributione
624 5316 701 5394 pacis
719 5314 880 5389 observavi,
901 5320 977 5394 quod

1086 5184 1121 5237 tt)
1138 5177 1282 5229 Cerdiualis
1292 5193 1431 5242 cognomen
1442 5186 1498 5230 erat
1515 5183 1551 5231 De
1562 5180 1629 5231 Foia:
1637 5201 1647 5247 ,·
1663 5186 1758 5247 gallico
1774 5192 1826 5234 set·

1046 5271 1138 5318 mone,
1156 5271 1218 5307 voce
1235 5258 1274 5307 del
1290 5258 1387 5319 eroso,
1406 5266 1496 5310 strator
1512 5262 1619 5312 latinum
1640 5265 1756 5316 reddere
1782 5255 1829 5313 sibi

1044 5351 1196 5399 persuasum
1216 5338 1313 5387 habuit.
