3758 6030
149 224 211 288 ato

542 201 544 203 ’
616 216 905 287 'rourrrrcarus
929 206 1155 286 mamnnm
1180 220 1306 285 snxrr.

1687 222 1801 306 (asar)

150 370 217 422 anm
236 370 266 422 et
278 358 365 439 iuxta
384 377 500 422 scamna
518 357 944 440 praelatorumliueruntle·
977 374 979 378 ⁴
1011 358 1217 423 mcendebatnr
1232 359 1366 422 incedens
1386 372 1415 421 et
1435 358 1570 420 recedens
1588 370 1669 421 recta
1692 360 1744 420 via
1765 359 1801 419 ab

153 480 253 541 sperae
274 462 305 521 in
337 461 437 523 eadem
462 463 605 542 cappella,
628 461 734 538 quibus
766 459 894 542 [regatus
914 472 943 521 at
1010 463 1087 525 ostio
1107 463 1142 522 ad
1165 461 1338 523 credentiam
1368 472 1396 523 et
1426 461 1461 523 de
1486 459 1630 522 credentia
1653 472 1736 522 recta
1755 462 1800 521 via

153 562 215 623 Rex
235 563 429 624 interfuerunt
444 607 454 637 ,
472 573 502 624 et
521 562 668 641 praelatus
695 561 845 642 episcopus
864 561 944 623 Gra·
974 639 978 657 .
1011 562 1048 621 ad
1063 580 1199 637 marisam,
1214 562 1356 623 baculum
1371 561 1471 621 album
1494 563 1614 640 longum
1632 581 1723 622 manu
1746 582 1800 641 ge.

154 663 277 725 ricensis
295 664 359 724 illos
381 664 600 743 particulariter
622 662 795 724 decantavit.
817 663 944 742 Organi,

154 764 203 842 qni
219 764 346 844 triplices
363 773 431 823 sunt
449 764 477 823 in
496 765 554 842 ipsa
574 764 712 843 cappella,
736 781 835 824 omnes
853 780 944 842 prae·

155 866 215 938 lati,
237 883 294 926 nan
319 874 413 924 tamen
434 865 544 936 simul,
566 862 615 925 sed
635 864 721 925 modo
745 881 836 923 unum
857 863 944 924 modo

42 963 44 965 ’
153 965 243 1037 aliud,
264 966 423 1026 culmorum
444 976 498 1025 etc.
513 982 614 1025 versus
636 964 759 1024 vicissim
781 963 943 1036 sonabant,

153 1082 245 1124 unum
266 1082 387 1125 cursum
410 1064 563 1124 cantabant
585 1073 743 1136 cantantes,
762 1062 853 1122 alium
874 1064 945 1142 pul-

151 1165 233 1225 sabat
253 1166 414 1244 organista,
428 1165 500 1227 adeo
522 1164 600 1242 quod
615 1182 749 1244 vesperae
772 1160 943 1240 hujusmodi

153 1266 283 1327 adduas
306 1265 393 1326 horas
420 1265 611 1326 duraverunt.
642 1264 742 1324 Parati
772 1264 892 1324 luerunt
912 1263 941 1322 in

151 1366 251 1428 eadem
275 1367 404 1445 cappella
436 1375 506 1425 tanc
542 1364 602 1426 duo
626 1366 766 1440 thalami,
791 1383 866 1426 anus
886 1383 941 1445 pro

151 1463 261 1547 begam
283 1484 383 1527 versus
415 1483 508 1527 cornu
529 1464 699 1545 Epistulae,
731 1467 805 1526 alius
837 1484 943 1525 versus

152 1585 246 1629 cornu
258 1564 409 1646 Evangelii
427 1585 482 1646 pra
500 1565 606 1646 Rege,
624 1566 661 1626 sd
682 1565 766 1645 cujus
781 1565 868 1645 llegis
889 1585 943 1626 or·

153 1667 323 1729 dicationem
341 1683 398 1727 non
409 1665 524 1728 ineram
540 1677 671 1728 vocatus.
682 1667 745 1745 lloc
767 1666 866 1728 videns
885 1666 943 1726 dixi

79 1808 82 1814 ·
154 1767 261 1848 Regiae
274 1764 417 1844 blajestati
430 1767 458 1826 id
468 1784 525 1829 non
537 1768 702 1848 convenire,
711 1779 778 1828 cnm
791 1785 861 1828 suns
874 1766 943 1827 tha·

153 1870 247 1930 lamus
269 1878 341 1931 esset
362 1868 515 1947 indigniori
541 1869 606 1929 loco
627 1868 825 1940 constitutus,
850 1885 942 1945 neque

152 1970 240 2031 etiam
260 1971 449 2030 mutationem
471 1969 649 2043 convenire,
669 1969 718 2030 sed
739 1971 833 2049 potius
864 1969 941 2047 quod

152 2071 239 2131 amul
260 2070 344 2130 ambo
365 2070 417 2151 ipsi
438 2071 465 2130 in
486 2071 584 2132 eodem
604 2070 733 2132 thalamo
751 2091 781 2132 se
800 2073 941 2132 locarent.

153 2171 236 2236 Unde
254 2170 316 2232 Rex
336 2171 432 2233 statim
456 2170 647 2246 descendens,
677 2171 821 2251 Legatruu
843 2187 941 2232 secum

153 2274 234 2335 duxit
254 2273 292 2332 ad
311 2290 398 2351 suum
420 2271 603 2345 thalamum,
625 2289 750 2351 cumque
785 2291 846 2332 mea
873 2290 942 2332 sen·

153 2375 240 2435 tentia
263 2371 360 2433 habita
381 2372 527 2447 ascendit,
548 2382 577 2434 et
596 2373 661 2434 inde
680 2372 761 2433 sedes
781 2371 895 2451 paravi,
913 2379 942 2431 et

155 2473 315 2535 faldistoria
328 2482 416 2553 prout
428 2473 560 2552 superius
574 2472 641 2532 dixi.
653 2473 813 2534 Excusavit
826 2488 856 2532 se
870 2471 942 2543 ller,

153 2585 182 2636 et
204 2575 295 2655 major
317 2574 499 2653 cappellanus
518 2592 610 2646 suus,
634 2573 681 2651 qui
707 2574 763 2635 hoc
783 2572 942 2633 ordinare·

154 2686 226 2749 rat,
247 2676 370 2737 dicentes
391 2675 432 2734 sic
454 2676 524 2734 alias
546 2674 723 2755 temporibus
744 2672 942 2736 cardinalium

152 2777 321 2857 Agrigensis
342 2786 372 2839 et
395 2776 430 2836 de
461 2776 606 2855 dragonis
637 2786 667 2837 et
699 2776 823 2837 aliorum
856 2775 942 2837 luisse

154 2877 339 2940 observatnm
346 2898 356 2950 3
376 2876 494 2955 quodsi
509 2874 577 2950 tutr,
600 2877 676 2938 mnlc
696 2876 770 2947 luit,
792 2887 847 2938 etc.
867 2876 943 2939 Ser·

155 2981 271 3042 aierunt
291 2979 351 3041 hoc
378 2996 462 3039 mane
483 2979 513 3038 in
533 2977 618 3039 blissa
644 2978 679 3037 l).
705 2978 867 3039 llonoirius
888 2975 944 3036 lli-

155 3083 229 3144 colai
248 3094 278 3145 et
298 3082 428 3163 Rapbael
455 3082 490 3143 de
516 3082 599 3144 Mena
631 3081 779 3142 Diaconus
798 3079 944 3158 cappellae

157 3185 212 3246 SS.
236 3186 271 3246 l).
295 3182 329 3245 Ν.
347 3185 460 3266 Papae,
474 3195 504 3245 et
521 3185 549 3243 in
564 3204 597 3245 ea
612 3185 708 3246 omnin
724 3184 845 3244 luerunt
862 3200 944 3243 more

156 3290 302 3368 cappellae
324 3299 457 3362 nostrae,
477 3287 639 3349 observata.
662 3286 750 3348 Sedes
770 3283 894 3365 Legati,
915 3295 944 3346 et

155 3389 245 3471 Regis
262 3401 347 3451 erant
367 3388 531 3451 &morales
553 3390 612 3449 sine
644 3386 790 3459 scabellis,
808 3397 838 3449 et
855 3387 944 3446 saldi-

155 3494 244 3554 storia
265 3503 350 3555 erant
379 3491 477 3553 sedilia
498 3490 641 3570 Regalis,
663 3491 790 3552 cussinos
811 3487 943 3551 habentia

158 3595 225 3655 laco
241 3594 443 3654 scabellorum.

199 3695 283 3757 Faria
304 3713 353 3758 xrr
370 3693 438 3755 dicti
455 3694 559 3755 mensis
573 3693 661 3767 araii,
680 3695 703 3752 si
720 3704 798 3754 recta
817 3691 944 3764 memini,

157 3799 218 3859 lies
239 3798 307 3859 iecit
333 3794 486 3876 prandium
505 3793 668 3873 publicum
695 3792 807 3873 legato
829 3794 857 3852 in
877 3793 945 3852 aula

161 3916 265 3979 magna
286 3897 354 3957 dicti
373 3895 469 3956 Castri
492 3893 574 3955 Novi.
596 3894 693 3956 biensa
712 3905 812 3973 parata
833 3901 897 3953 erat
914 3891 944 3950 in

159 3999 254 4059 medio
276 3982 359 4058 aulae
375 3993 459 4072 justa
477 4014 597 4057 murum
612 3996 810 4059 addexteram
831 3995 945 4053 intran-

156 4100 242 4172 tium,
267 4099 373 4159 babcns
394 4096 503 4176 gradus
525 4097 643 4158 circiter
665 4097 794 4175 quinque
818 4095 862 4156 vel
885 4111 943 4153 sex:

158 4204 244 4280 longa
279 4212 366 4273 erat,
386 4212 414 4263 et
436 4204 465 4259 in
495 4199 591 4261 medio
610 4200 726 4260 sedebat
757 4195 885 4276 legatus
907 4194 945 4254 ad

157 4304 302 4364 dexteram
322 4301 425 4381 Regis:
441 4300 470 4360 in
485 4301 615 4380 opposito
634 4311 697 4361 erat
719 4298 864 4360 credentia
879 4297 954 4357 lon·r

159 4402 300 4484 gltudinis
327 4402 451 4462 duarum
469 4420 650 4474 cannarum,
672 4403 718 4462 vel
741 4403 841 4473 circa,
871 4417 945 4478 gra·

156 4504 210 4566 dus
231 4503 292 4566 xit.
315 4502 422 4565 babens
443 4504 466 4562 si
488 4514 566 4564 recte
588 4504 715 4576 memini,
737 4500 944 4582 pulcherrimis

159 4607 236 4667 vasis
255 4606 359 4684 plena:
384 4605 413 4665 in
444 4605 575 4684 opposito
596 4604 659 4663 ostii
679 4604 708 4663 in
730 4603 795 4664 loeo
824 4603 883 4663 alto
915 4601 944 4660 in

133 4713 139 4763 ἲ
156 4724 244 4767 muro
264 4706 437 4785 composito,
455 4705 585 4776 stabant,
606 4722 656 4763 seu
684 4703 819 4765 sedebant
839 4701 946 4763 tubici-

159 4826 210 4870 nes
229 4820 258 4869 ct
273 4805 449 4869 fistulatores
464 4806 552 4886 Regis
565 4851 573 4865 .
588 4851 595 4865 .
608 4851 615 4865 .
629 4806 693 4865 .vel
713 4806 815 4876 circa,
836 4804 888 4881 qui
908 4803 945 4864 ad

162 4910 310 4971 introitum
330 4911 514 4989 singulorum
536 4908 710 4969 liberiorum
739 4906 799 4967 sive
829 4905 946 4984 dapium

159 5010 309 5071 sonabant.
320 5009 492 5090 Magnificus
510 5010 639 5072 Andreas
654 5007 800 5070 Mattheus
814 5005 946 5067 biarchio

157 5106 302 5184 dlartine,
324 5121 353 5171 et
378 5111 487 5191 Regius
508 5108 603 5188 major
637 5109 809 5171 Sescbalcus
841 5107 878 5166 ad
899 5107 947 5166 in·

159 5209 282 5271 troitum
303 5212 488 5292 singulorum
510 5212 628 5292 dapium
652 5212 681 5272 in
695 5228 771 5289 equa
792 5208 946 5290 praeequi-

161 5311 239 5373 tabat
259 5312 296 5372 ab
316 5315 391 5376 ostio
406 5333 497 5393 usque
510 5313 548 5374 ad
561 5314 667 5376 scalam
683 5331 741 5391 qna
762 5311 798 5372 ad
820 5329 944 5374 mensam

1011 674 1106 733 stans,
1127 673 1156 722 et
1176 673 1268 724 vestes
1287 663 1384 722 albas:
1401 681 1494 740 equus
1509 662 1590 722 albus
1604 664 1693 724 etiam
1713 675 1797 736 erat,

1012 762 1070 823 duo
1087 773 1171 824 erant
1189 762 1321 840 daplieri,
1343 781 1418 823 unus
1438 762 1474 822 ad
1498 762 1628 822 dextram
1652 761 1798 834 videlieet,

1013 865 1145 942 quierat
1170 862 1295 942 Legati,
1326 864 1402 923 alius
1433 865 1468 923 ad
1497 863 1638 923 sinistram
1661 865 1798 943 quierat

1012 965 1116 1045 Regis,
1138 975 1167 1025 et
1181 982 1278 1027 omnes
1297 966 1348 1025 alii
1364 967 1393 1025 in
1414 964 1532 1044 paribus
1547 966 1623 1025 vasis
1640 965 1802 1045 portaban-

1012 1076 1062 1126 tur
1085 1065 1195 1145 Legato
1216 1077 1246 1126 et
1265 1064 1339 1145 llegi
1363 1066 1481 1145 paribus
1500 1066 1653 1145 coopertis:
1670 1067 1799 1146 cooperti

1012 1185 1067 1227 non
1088 1167 1239 1229 numeravi
1259 1167 1359 1246 dapes,
1382 1168 1449 1247 quia
1472 1185 1528 1229 non
1550 1167 1591 1226 lui
1613 1186 1629 1226 n
1651 1168 1795 1248 principio

1011 1267 1135 1346 prandii,
1158 1267 1301 1328 senatres
1317 1267 1445 1328 medium
1467 1269 1543 1328 reni.
1567 1266 1698 1347 Legatos
1712 1272 1797 1329 etiam

1011 1366 1132 1429 habebat
1161 1367 1311 1448 proprium
1334 1367 1555 1442 Saschalcham,
1570 1370 1710 1430 baculum
1732 1372 1796 1431 lon·

1010 1486 1080 1546 gum
1102 1487 1190 1528 manu
1212 1479 1392 1548 gestantem,
1413 1470 1464 1547 qui
1492 1471 1575 1550 regio
1596 1470 1801 1545 Sescbalcho,

1009 1567 1046 1626 ad
1060 1569 1170 1647 gradus
1181 1587 1295 1631 rrrerrsae
1314 1589 1348 1631 ex
1362 1586 1440 1648 equo
1457 1569 1642 1632 descendente
1658 1616 1666 1643 ‚
1682 1572 1802 1632 dacen-

1010 1667 1093 1730 debat
1123 1681 1153 1731 et
1185 1671 1244 1749 ipse
1267 1689 1320 1750 per
1341 1670 1475 1749 gradus,
1496 1682 1528 1732 et
1548 1673 1634 1732 simul
1657 1689 1727 1731 cum
1754 1674 1803 1733 illo

1008 1769 1178 1831 ascendebat
1199 1770 1384 1848 sequentibus
1405 1772 1481 1851 ipsos
1500 1771 1643 1851 dapiieris.
1674 1770 1803 1852 negaras

1010 1870 1110 1930 babuit
1126 1869 1298 1932 scutilerum
1314 1872 1348 1932 de
1359 1882 1428 1952 potu
1439 1870 1492 1930 sibi
1504 1874 1691 1947 servientemi
1700 1886 1729 1935 et
1742 1874 1802 1935 Rex

1009 1970 1045 2030 ad
1066 1971 1140 2032 idem
1162 1973 1252 2032 alium
1274 1971 1328 2031 sibi
1350 1971 1419 2051 ipsi:
1442 1972 1500 2032 duo
1533 1972 1561 2032 in
1591 1992 1691 2034 nrensa
1712 1987 1802 2036 erant.

1008 2071 1106 2132 Finito
1127 2073 1248 2152 prandio
1265 2071 1393 2152 laegatus
1409 2092 1478 2136 cnm
1493 2072 1572 2154 Rege
1588 2075 1739 2136 intrarunt
1753 2094 1804 2136 ca·

1009 2189 1119 2232 nteram
1141 2173 1263 2252 regiam.

1051 2272 1129 2334 Nihil
1149 2274 1220 2334 mihi
1244 2274 1271 2334 in
1291 2274 1346 2335 hoc
1367 2276 1502 2336 convivio
1516 2276 1678 2355 singulari,
1701 2276 1804 2356 singu·

1009 2374 1110 2434 lariter
1133 2376 1264 2454 placuit,
1284 2388 1399 2454 praeter
1418 2377 1616 2448 credentiam,
1638 2395 1713 2454 quae
1729 2379 1798 2456 pul·

1009 2476 1162 2540 cberrirnis
1183 2489 1212 2537 et
1232 2480 1346 2557 magnis
1379 2481 1453 2538 vasis
1484 2479 1581 2539 aurcis
1609 2488 1638 2539 et
1656 2480 1800 2558 argenteis

1011 2589 1112 2638 ornata
1123 2587 1202 2639 erat:
1214 2579 1374 2639 existimavi
1387 2599 1420 2639 cn
1434 2598 1507 2658 quae
1519 2580 1555 2639 ibi
1570 2581 1698 2660 exposita
1714 2593 1797 2641 erant

1010 2678 1045 2737 ad
1068 2679 1184 2738 circiter
1207 2678 1326 2738 ducatos
1347 2696 1431 2740 axm

1050 2778 1138 2838 Faria
1157 2779 1253 2851 tertia,
1263 2795 1339 2841 xrrr.
1351 2780 1454 2839 marsis
1468 2780 1546 2853 maii,
1562 2780 1591 2840 in
1606 2797 1701 2853 mane,
1718 2780 1801 2856 equi·

1011 2881 1070 2941 tavi
1092 2899 1126 2940 ex
1147 2876 1265 2959 Neapoli
1281 2881 1400 2939 vintrus
1421 2882 1483 2941 loca
1505 2882 1622 2959 antiqua
1637 2892 1666 2941 et
1683 2890 1802 2941 vetusta

1010 2992 1039 3042 et
1054 2998 1168 3042 mecum
1184 2981 1240 3040 suit
1262 3025 1395 3041 .....
1420 3000 1495 3042 unus
1515 3001 1549 3042 ex
1568 2980 1799 3062 expenditoribus

1009 3082 1108 3162 Regis,
1123 3082 1174 3159 qui
1188 3081 1291 3141 domus
1307 3100 1388 3143 mone
1403 3101 1506 3143 curam
1525 3082 1646 3142 habebat
1665 3101 1683 3141 a
1705 3082 1801 3161 Regiis

1011 3183 1064 3242 sibi
1086 3172 1284 3271 commissam,
1306 3185 1357 3260 qui
1372 3203 1470 3245 secum
1493 3186 1572 3245 drrxit
1588 3185 1704 3244 malum
1719 3184 1800 3255 vino,

1011 3285 1143 3364 panibus,
1163 3274 1311 3365 carduus,
1331 3286 1567 3361 confectionibus,
1586 3286 1754 3357 intorticiis‚
1770 3294 1800 3345 ct

1011 3389 1075 3449 aliis
1095 3388 1182 3449 rebus
1199 3379 1356 3467 'pronubis
1379 3389 1546 3467 oportunis,
1562 3387 1599 3446 ad
1615 3388 1737 3457 victum,
1754 3404 1804 3445 nee

1012 3508 1068 3550 non
1101 3488 1188 3550 rebus
1226 3499 1345 3569 propter
1378 3507 1451 3566 quas
1471 3487 1595 3549 ibamus
1626 3499 1799 3550 oneratum:

907 3621 909 3626 =
1013 3602 1155 3652 venerunt
1182 3591 1268 3650 etiam
1301 3606 1424 3649 mecum,
1447 3588 1554 3650 visendi
1582 3605 1674 3648 causa
1697 3588 1801 3649 Petrus

1012 3689 1155 3752 lohannes
1171 3690 1275 3761 Rosea,
1289 3687 1527 3768 christophorus
1542 3687 1641 3761 zach,
1662 3687 1799 3748 hibertus

1012 3792 1174 3871 Ungarus‚
1195 3790 1344 3852 Corradus
1363 3834 1496 3851 .....
1517 3800 1546 3850 et
1573 3789 1700 3851 todorus
1721 3789 1799 3869 Sigei

1013 3892 1168 3953 familiares
1180 3893 1244 3953 mei.
1254 3891 1389 3953 Venimus
1401 3892 1529 3970 primum
1541 3891 1578 3950 ad
1590 3892 1690 3951 locum
1702 3908 1803 3968 quent·

1013 3995 1078 4054 dam
1096 3994 1263 4074 Aquaviva
1283 3993 1475 4072 appellatum,
1497 3993 1574 4072 quod
1593 4003 1723 4069 quatuor
1746 3991 1802 4050 mi·

1014 4096 1132 4178 liaribus
1154 4094 1241 4154 distat
1262 4113 1278 4152 a
1300 4092 1441 4173 Neapoli,
1473 4093 1524 4153 ubi
1544 4093 1734 4171 quamplures
1757 4103 1801 4152 te·

1013 4196 1256 4280 caudinas-super
1290 4205 1400 4255 terram
1420 4198 1499 4255 'sunt
1532 4193 1716 4262 cananeum,
1748 4191 1800 4251 sub

1013 4298 1119 4376 quibus
1148 4316 1182 4357 ex
1213 4306 1296 4357 terra
1326 4297 1383 4357 exit
1409 4304 1506 4356 tantus
1531 4295 1629 4366 calor,
1662 4291 1742 4370 quod
1773 4294 1801 4351 in

1012 4398 1124 4458 modica
1146 4414 1227 4456 mora
1264 4396 1300 4455 ibi
1334 4395 1454 4456 existens
1488 4406 1567 4456 tatus
1601 4395 1630 4454 in
1666 4393 1804 4454 sudorem

1013 4507 1200 4580 provocatur.
1225 4480 1384 4557 ‘Vocantur
1415 4507 1570 4576 propterea
1608 4495 1709 4569 balnea
1751 4493 1800 4553 illa

1012 4600 1204 4671 sudatoria,
1235 4616 1251 4656 a
1280 4596 1403 4665 dirersis
1432 4595 1650 4657 infirmitatibus
1675 4595 1805 4656 homines

1013 4702 1154 4761 curantia.
1187 4698 1241 4760 Est
1273 4699 1380 4760 interea
1415 4700 1496 4761 locus
1534 4716 1608 4758 unus
1643 4695 1680 4755 ad
1717 4713 1804 4774 quem

1014 4804 1191 4881 quicumque
1215 4802 1308 4861 intrat
1340 4800 1471 4861 adstatim
1504 4800 1647 4871 moritur,
1669 4796 1723 4857 nisi
1741 4797 1802 4857 sine

1013 4922 1097 4964 mora
1117 4902 1154 4962 ad
1180 4901 1315 4963 balneum
1338 4901 1451 4962 ibidem*
1463 4903 1584 4963 existens
1605 4897 1804 4980 projiciatur,

1014 5024 1065 5085 par
1087 5003 1209 5082 quod-a
1243 5013 1337 5064 morte
1359 5000 1526 5078 hujusmodi
1561 5002 1713 5064 liberatur.
1736 5000 1804 5062 inde

1013 5107 1049 5166 ad
1065 5123 1156 5166 unum
1173 5104 1286 5166 miliare
1299 5114 1342 5166 est
1356 5105 1504 5177 hamera,
1520 5105 1601 5165 locus
1617 5103 1667 5163 ubi
1690 5103 1805 5162 alumen

1014 5205 1189 5279 conficitur,
1211 5206 1414 5283 dequocuntur
1440 5205 1569 5286 lapides,
1589 5224 1624 5265 ex
1645 5215 1743 5264 monte
1763 5201 1805 5260 ibi

1013 5327 1104 5389 prope
1125 5309 1217 5388 posito
1234 5307 1355 5384 excisae,
1369 5308 1418 5386 qai
1441 5305 1540 5377 deinde
1560 5305 1695 5369 ordinate
1714 5322 1804 5385 expo·
1823 5391 1825 5394 Ι
