<?xml version="1.0" encoding="UTF-8"?>
<!DOCTYPE html PUBLIC "-//W3C//DTD XHTML 1.0 Transitional//EN"
    "http://www.w3.org/TR/xhtml1/DTD/xhtml1-transitional.dtd">
<html xmlns="http://www.w3.org/1999/xhtml" xml:lang="en" lang="en">
 <head>
  <title>
</title>
<meta http-equiv="Content-Type" content="text/html;charset=utf-8" />
  <meta name='ocr-system' content='tesseract 3.04.00' />
  <meta name='ocr-capabilities' content='ocr_page ocr_carea ocr_par ocr_line ocrx_word'/>
</head>
<body>
  <div class='ocr_page' id='page_1' title='image "./johannisburchar00genngoog/johannisburchar00genngoog_0165.png"; bbox 0 0 3764 6036; ppageno 0'>
   <div class='ocr_carea' id='block_1_1' title="bbox 194 260 256 324">
    <p class='ocr_par' dir='ltr' id='par_1_1' title="bbox 194 260 256 324">
     <span class='ocr_line' id='line_1_1' title="bbox 194 260 256 324; baseline 0 -2"><span class='ocrx_word' id='word_1_1' title='bbox 194 260 256 324; x_wconf 80' lang='lat' dir='ltr'>lat</span> 
     </span>
    </p>
   </div>
   <div class='ocr_carea' id='block_1_2' title="bbox 171 391 985 1688">
    <p class='ocr_par' dir='ltr' id='par_1_2' title="bbox 171 391 985 1688">
     <span class='ocr_line' id='line_1_2' title="bbox 192 391 985 473; baseline -0.006 -14"><span class='ocrx_word' id='word_1_2' title='bbox 192 416 246 459; x_wconf 89' lang='lat' dir='ltr'>sua</span> <span class='ocrx_word' id='word_1_3' title='bbox 262 397 413 457; x_wconf 81' lang='lat' dir='ltr'>dumtaxat</span> <span class='ocrx_word' id='word_1_4' title='bbox 429 393 615 471; x_wconf 76' lang='lat' dir='ltr'>qssaciatum,</span> <span class='ocrx_word' id='word_1_5' title='bbox 633 411 686 473; x_wconf 86' lang='lat' dir='ltr'>per</span> <span class='ocrx_word' id='word_1_6' title='bbox 707 391 847 466; x_wconf 88' lang='lat' dir='ltr'>lachinos,</span> <span class='ocrx_word' id='word_1_7' title='bbox 868 391 922 451; x_wconf 88' lang='lat' dir='ltr'>nisi</span> <span class='ocrx_word' id='word_1_8' title='bbox 939 393 985 454; x_wconf 80' lang='lat' dir='ltr'>ia·</span> 
     </span>
     <span class='ocr_line' id='line_1_3' title="bbox 191 480 984 582; baseline -0.006 -23"><span class='ocrx_word' id='word_1_9' title='bbox 191 499 319 560; x_wconf 86' lang='lat' dir='ltr'>miliares</span> <span class='ocrx_word' id='word_1_10' title='bbox 339 496 384 556; x_wconf 90' lang='lat' dir='ltr'>sui</span> <span class='ocrx_word' id='word_1_11' title='bbox 406 496 499 576; x_wconf 89' lang='lat' dir='ltr'>ipsum</span> <span class='ocrx_word' id='word_1_12' title='bbox 515 480 633 574; x_wconf 87' lang='lat' dir='ltr'>portare</span> <span class='ocrx_word' id='word_1_13' title='bbox 650 495 767 568; x_wconf 88' lang='lat' dir='ltr'>vellent,</span> <span class='ocrx_word' id='word_1_14' title='bbox 783 494 819 554; x_wconf 87' lang='lat' dir='ltr'>ad</span> <span class='ocrx_word' id='word_1_15' title='bbox 834 495 984 582; x_wconf 79' lang='grc'><strong>4441444444</strong></span> 
     </span>
     <span class='ocr_line' id='line_1_4' title="bbox 191 584 985 680; baseline -0.004 -21"><span class='ocrx_word' id='word_1_16' title='bbox 191 599 355 680; x_wconf 73' lang='lat' dir='ltr'><strong>praedictae</strong></span> <span class='ocrx_word' id='word_1_17' title='bbox 377 599 409 659; x_wconf 92' lang='grc'><strong>8.</strong></span> <span class='ocrx_word' id='word_1_18' title='bbox 430 596 566 660; x_wconf 81' lang='lat' dir='ltr'>Praxedis</span> <span class='ocrx_word' id='word_1_19' title='bbox 590 584 801 676; x_wconf 67' lang='lat' dir='ltr'><strong>deportaretur.</strong></span> <span class='ocrx_word' id='word_1_20' title='bbox 822 597 985 659; x_wconf 81' lang='lat' dir='ltr'>Destinatus</span> 
     </span>
     <span class='ocr_line' id='line_1_5' title="bbox 190 699 982 778; baseline -0.003 -16"><span class='ocrx_word' id='word_1_21' title='bbox 190 713 234 762; x_wconf 90' lang='lat' dir='ltr'>est</span> <span class='ocrx_word' id='word_1_22' title='bbox 256 701 304 762; x_wconf 80' lang='lat' dir='ltr'>bie</span> <span class='ocrx_word' id='word_1_23' title='bbox 322 700 482 764; x_wconf 80' lang='lat' dir='ltr'>cardinalis</span> <span class='ocrx_word' id='word_1_24' title='bbox 502 699 611 778; x_wconf 90' lang='lat' dir='ltr'>absque</span> <span class='ocrx_word' id='word_1_25' title='bbox 626 718 661 761; x_wconf 89' lang='lat' dir='ltr'>co</span> <span class='ocrx_word' id='word_1_26' title='bbox 681 699 759 776; x_wconf 87' lang='lat' dir='ltr'>quod</span> <span class='ocrx_word' id='word_1_27' title='bbox 782 710 982 761; x_wconf 71' lang='lat' dir='ltr'>tmtsnmntum</span> 
     </span>
     <span class='ocr_line' id='line_1_6' title="bbox 192 801 985 882; baseline -0.005 -17"><span class='ocrx_word' id='word_1_28' title='bbox 192 802 374 876; x_wconf 87' lang='lat' dir='ltr'>condiderit;</span> <span class='ocrx_word' id='word_1_29' title='bbox 397 813 547 882; x_wconf 89' lang='lat' dir='ltr'>propterea</span> <span class='ocrx_word' id='word_1_30' title='bbox 566 801 660 861; x_wconf 89' lang='lat' dir='ltr'>omnia</span> <span class='ocrx_word' id='word_1_31' title='bbox 681 801 755 862; x_wconf 89' lang='lat' dir='ltr'>bona</span> <span class='ocrx_word' id='word_1_32' title='bbox 777 820 846 874; x_wconf 89' lang='lat' dir='ltr'>soa,</span> <span class='ocrx_word' id='word_1_33' title='bbox 869 803 985 882; x_wconf 87' lang='lat' dir='ltr'>qualia-</span> 
     </span>
     <span class='ocr_line' id='line_1_7' title="bbox 192 900 985 983; baseline 0.003 -19"><span class='ocrx_word' id='word_1_34' title='bbox 192 919 320 983; x_wconf 80' lang='lat' dir='ltr'>cumque</span> <span class='ocrx_word' id='word_1_35' title='bbox 349 902 480 978; x_wconf 83' lang='lat' dir='ltr'>luerunt,</span> <span class='ocrx_word' id='word_1_36' title='bbox 506 901 560 962; x_wconf 92' lang='grc'><strong>88.</strong></span> <span class='ocrx_word' id='word_1_37' title='bbox 588 901 624 961; x_wconf 93' lang='lat' dir='ltr'>D.</span> <span class='ocrx_word' id='word_1_38' title='bbox 655 900 690 963; x_wconf 85' lang='grc' dir='ltr'><strong>Ν.</strong></span> <span class='ocrx_word' id='word_1_39' title='bbox 710 914 888 981; x_wconf 87' lang='lat' dir='ltr'>praesentata</span> <span class='ocrx_word' id='word_1_40' title='bbox 915 908 985 966; x_wconf 82' lang='lat' dir='ltr'>&#39;sunt</span> 
     </span>
     <span class='ocr_line' id='line_1_8' title="bbox 192 1001 981 1082; baseline -0.003 -17"><span class='ocrx_word' id='word_1_41' title='bbox 192 1003 371 1065; x_wconf 87' lang='lat' dir='ltr'>ascendentia</span> <span class='ocrx_word' id='word_1_42' title='bbox 397 1001 433 1061; x_wconf 93' lang='lat' dir='ltr'>ad</span> <span class='ocrx_word' id='word_1_43' title='bbox 457 1003 609 1073; x_wconf 83' lang='lat' dir='ltr'>valorem,</span> <span class='ocrx_word' id='word_1_44' title='bbox 637 1013 669 1062; x_wconf 91' lang='lat' dir='ltr'>ut</span> <span class='ocrx_word' id='word_1_45' title='bbox 690 1003 781 1082; x_wconf 77' lang='lat' dir='ltr'>vulga</span> <span class='ocrx_word' id='word_1_46' title='bbox 810 1001 981 1078; x_wconf 74' lang='lat' dir='ltr'>dicebatur,</span> 
     </span>
     <span class='ocr_line' id='line_1_9' title="bbox 171 1101 981 1180; baseline 0.002 -17"><span class='ocrx_word' id='word_1_47' title='bbox 171 1112 309 1166; x_wconf 71' lang='lat' dir='ltr'>,centurn</span> <span class='ocrx_word' id='word_1_48' title='bbox 340 1103 466 1163; x_wconf 89' lang='lat' dir='ltr'>millium</span> <span class='ocrx_word' id='word_1_49' title='bbox 482 1101 691 1175; x_wconf 89' lang='lat' dir='ltr'>ducatorum,</span> <span class='ocrx_word' id='word_1_50' title='bbox 719 1121 847 1180; x_wconf 92' lang='lat' dir='ltr'>quarum</span> <span class='ocrx_word' id='word_1_51' title='bbox 869 1119 981 1166; x_wconf 79' lang='lat' dir='ltr'>xxxrs</span> 
     </span>
     <span class='ocr_line' id='line_1_10' title="bbox 193 1204 982 1286; baseline 0 -22"><span class='ocrx_word' id='word_1_52' title='bbox 193 1208 238 1267; x_wconf 85' lang='lat' dir='ltr'>rel</span> <span class='ocrx_word' id='word_1_53' title='bbox 261 1207 378 1267; x_wconf 77' lang='lat' dir='ltr'>circiter</span> <span class='ocrx_word' id='word_1_54' title='bbox 397 1204 589 1283; x_wconf 77' lang='lat' dir='ltr'>quadraginta</span> <span class='ocrx_word' id='word_1_55' title='bbox 612 1204 702 1264; x_wconf 89' lang='lat' dir='ltr'>millia</span> <span class='ocrx_word' id='word_1_56' title='bbox 723 1204 843 1265; x_wconf 84' lang='lat' dir='ltr'>luerunt</span> <span class='ocrx_word' id='word_1_57' title='bbox 871 1207 899 1264; x_wconf 92' lang='lat' dir='ltr'>in</span> <span class='ocrx_word' id='word_1_58' title='bbox 928 1223 982 1286; x_wconf 89' lang='lat' dir='ltr'>pa-</span> 
     </span>
     <span class='ocr_line' id='line_1_11' title="bbox 190 1303 983 1385; baseline 0 -20"><span class='ocrx_word' id='word_1_59' title='bbox 190 1308 300 1377; x_wconf 87' lang='lat' dir='ltr'>eonia,</span> <span class='ocrx_word' id='word_1_60' title='bbox 322 1304 469 1367; x_wconf 86' lang='lat' dir='ltr'>residuum</span> <span class='ocrx_word' id='word_1_61' title='bbox 491 1305 521 1365; x_wconf 89' lang='lat' dir='ltr'>in</span> <span class='ocrx_word' id='word_1_62' title='bbox 540 1315 681 1383; x_wconf 81' lang='lat' dir='ltr'>argento,</span> <span class='ocrx_word' id='word_1_63' title='bbox 701 1303 805 1378; x_wconf 89' lang='lat' dir='ltr'>libris,</span> <span class='ocrx_word' id='word_1_64' title='bbox 826 1315 855 1366; x_wconf 89' lang='lat' dir='ltr'>et</span> <span class='ocrx_word' id='word_1_65' title='bbox 878 1305 983 1385; x_wconf 88' lang='lat' dir='ltr'>lapidi·</span> 
     </span>
     <span class='ocr_line' id='line_1_12' title="bbox 192 1404 982 1487; baseline 0.004 -21"><span class='ocrx_word' id='word_1_66' title='bbox 192 1407 249 1467; x_wconf 90' lang='lat' dir='ltr'>bus</span> <span class='ocrx_word' id='word_1_67' title='bbox 272 1407 428 1487; x_wconf 89' lang='lat' dir='ltr'>preciosis,</span> <span class='ocrx_word' id='word_1_68' title='bbox 449 1406 549 1486; x_wconf 87' lang='lat' dir='ltr'>pannis</span> <span class='ocrx_word' id='word_1_69' title='bbox 570 1404 604 1466; x_wconf 90' lang='lat' dir='ltr'>de</span> <span class='ocrx_word' id='word_1_70' title='bbox 627 1424 726 1475; x_wconf 86' lang='lat' dir='ltr'>ressa,</span> <span class='ocrx_word' id='word_1_71' title='bbox 760 1415 790 1467; x_wconf 88' lang='lat' dir='ltr'>et</span> <span class='ocrx_word' id='word_1_72' title='bbox 818 1406 891 1467; x_wconf 90' lang='lat' dir='ltr'>aliis.</span> <span class='ocrx_word' id='word_1_73' title='bbox 920 1407 982 1469; x_wconf 89' lang='lat' dir='ltr'>De·</span> 
     </span>
     <span class='ocr_line' id='line_1_13' title="bbox 191 1505 980 1587; baseline 0.001 -19"><span class='ocrx_word' id='word_1_74' title='bbox 191 1510 284 1587; x_wconf 91' lang='lat' dir='ltr'>putati</span> <span class='ocrx_word' id='word_1_75' title='bbox 303 1507 422 1569; x_wconf 85' lang='lat' dir='ltr'>lucrant</span> <span class='ocrx_word' id='word_1_76' title='bbox 442 1525 495 1586; x_wconf 86' lang='lat' dir='ltr'>per</span> <span class='ocrx_word' id='word_1_77' title='bbox 517 1505 572 1568; x_wconf 88' lang='grc'><strong>88.</strong></span> <span class='ocrx_word' id='word_1_78' title='bbox 592 1506 628 1568; x_wconf 95' lang='lat' dir='ltr'>D.</span> <span class='ocrx_word' id='word_1_79' title='bbox 648 1506 682 1567; x_wconf 85' lang='grc' dir='ltr'><strong>Ν.</strong></span> <span class='ocrx_word' id='word_1_80' title='bbox 705 1507 740 1568; x_wconf 88' lang='lat' dir='ltr'>ll.</span> <span class='ocrx_word' id='word_1_81' title='bbox 762 1507 902 1569; x_wconf 77' lang='lat' dir='ltr'>Dominus</span> <span class='ocrx_word' id='word_1_82' title='bbox 928 1509 980 1569; x_wconf 81' lang='lat' dir='ltr'>tii-</span> 
     </span>
     <span class='ocr_line' id='line_1_14' title="bbox 195 1607 981 1688; baseline 0.004 -20"><span class='ocrx_word' id='word_1_83' title='bbox 195 1610 295 1669; x_wconf 91' lang='lat' dir='ltr'>colaos</span> <span class='ocrx_word' id='word_1_84' title='bbox 332 1607 569 1688; x_wconf 83' lang='lat' dir='ltr'>archiepiscopus</span> <span class='ocrx_word' id='word_1_85' title='bbox 611 1608 804 1682; x_wconf 70' lang='lat' dir='ltr'>Arelatensis,</span> <span class='ocrx_word' id='word_1_86' title='bbox 838 1608 981 1671; x_wconf 81' lang='lat' dir='ltr'>labannes</span> 
     </span>
    </p>
   </div>
   <div class='ocr_carea' id='block_1_3' title="bbox 194 1698 1006 1891">
    <p class='ocr_par' dir='ltr' id='par_1_3' title="bbox 194 1698 1006 1891">
     <span class='ocr_line' id='line_1_15' title="bbox 194 1698 1000 1790; baseline 0.001 -22"><span class='ocrx_word' id='word_1_87' title='bbox 194 1709 300 1772; x_wconf 88' lang='lat' dir='ltr'>Petrus</span> <span class='ocrx_word' id='word_1_88' title='bbox 324 1709 475 1790; x_wconf 88' lang='lat' dir='ltr'>episcopus</span> <span class='ocrx_word' id='word_1_89' title='bbox 496 1698 712 1782; x_wconf 78' lang='lat' dir='ltr'>Urbinntensis,</span> <span class='ocrx_word' id='word_1_90' title='bbox 733 1708 822 1770; x_wconf 80' lang='lat' dir='ltr'>Palea</span> <span class='ocrx_word' id='word_1_91' title='bbox 844 1708 878 1771; x_wconf 88' lang='lat' dir='ltr'>de</span> <span class='ocrx_word' id='word_1_92' title='bbox 899 1710 1000 1770; x_wconf 41' lang='lat' dir='ltr'>Siai-v</span> 
     </span>
     <span class='ocr_line' id='line_1_16' title="bbox 194 1810 1006 1891; baseline 0 -20"><span class='ocrx_word' id='word_1_93' title='bbox 194 1812 285 1873; x_wconf 90' lang='lat' dir='ltr'>baldis</span> <span class='ocrx_word' id='word_1_94' title='bbox 305 1810 388 1872; x_wconf 86' lang='lat' dir='ltr'>Sedis</span> <span class='ocrx_word' id='word_1_95' title='bbox 407 1811 589 1890; x_wconf 74' lang='grc'><strong>4444444444</strong></span> <span class='ocrx_word' id='word_1_96' title='bbox 609 1810 846 1891; x_wconf 84' lang='lat' dir='ltr'>prothonotarius</span> <span class='ocrx_word' id='word_1_97' title='bbox 862 1811 980 1872; x_wconf 80' lang='grc'><strong>844444-</strong></span> <span class='ocrx_word' id='word_1_98' title='bbox 1003 1878 1006 1882; x_wconf 55' lang='grc'><strong>,</strong></span> 
     </span>
    </p>
   </div>
   <div class='ocr_carea' id='block_1_4' title="bbox 186 1894 980 3301">
    <p class='ocr_par' dir='ltr' id='par_1_4' title="bbox 190 1894 980 2280">
     <span class='ocr_line' id='line_1_17' title="bbox 192 1894 980 1991; baseline 0.005 -19"><span class='ocrx_word' id='word_1_99' title='bbox 192 1922 265 1973; x_wconf 88' lang='lat' dir='ltr'>tates</span> <span class='ocrx_word' id='word_1_100' title='bbox 286 1911 363 1974; x_wconf 83' lang='lat' dir='ltr'>Suae</span> <span class='ocrx_word' id='word_1_101' title='bbox 379 1912 580 1972; x_wconf 72' lang='lat' dir='ltr'>thesaurarius</span> <span class='ocrx_word' id='word_1_102' title='bbox 594 1913 746 1991; x_wconf 79' lang='lat' dir='ltr'>generalis,</span> <span class='ocrx_word' id='word_1_103' title='bbox 759 1923 788 1974; x_wconf 94' lang='lat' dir='ltr'>et</span> <span class='ocrx_word' id='word_1_104' title='bbox 803 1912 839 1973; x_wconf 88' lang='lat' dir='ltr'>D.</span> <span class='ocrx_word' id='word_1_105' title='bbox 855 1894 980 1976; x_wconf 77' lang='lat' dir='ltr'>lacobus</span> 
     </span>
     <span class='ocr_line' id='line_1_18' title="bbox 191 2011 979 2094; baseline 0.005 -20"><span class='ocrx_word' id='word_1_106' title='bbox 191 2014 354 2074; x_wconf 84' lang='lat' dir='ltr'>Volateran.</span> <span class='ocrx_word' id='word_1_107' title='bbox 377 2011 545 2072; x_wconf 82' lang='lat' dir='ltr'>sanctitatis</span> <span class='ocrx_word' id='word_1_108' title='bbox 566 2012 644 2073; x_wconf 87' lang='grc'><strong>8444</strong></span> <span class='ocrx_word' id='word_1_109' title='bbox 658 2014 851 2088; x_wconf 80' lang='lat' dir='ltr'>secretarius,</span> <span class='ocrx_word' id='word_1_110' title='bbox 874 2015 979 2094; x_wconf 88' lang='lat' dir='ltr'>quibus</span> 
     </span>
     <span class='ocr_line' id='line_1_19' title="bbox 190 2112 979 2193; baseline 0 -17"><span class='ocrx_word' id='word_1_111' title='bbox 190 2115 380 2193; x_wconf 81' lang='lat' dir='ltr'>exequiarum</span> <span class='ocrx_word' id='word_1_112' title='bbox 399 2112 468 2176; x_wconf 88' lang='lat' dir='ltr'>dicti</span> <span class='ocrx_word' id='word_1_113' title='bbox 488 2113 647 2177; x_wconf 80' lang='lat' dir='ltr'>cardinalis</span> <span class='ocrx_word' id='word_1_114' title='bbox 661 2115 789 2176; x_wconf 77' lang='lat' dir='ltr'>deiunmi</span> <span class='ocrx_word' id='word_1_115' title='bbox 804 2133 876 2176; x_wconf 85' lang='lat' dir='ltr'>curo</span> <span class='ocrx_word' id='word_1_116' title='bbox 896 2134 979 2178; x_wconf 90' lang='lat' dir='ltr'>com·</span> 
     </span>
     <span class='ocr_line' id='line_1_20' title="bbox 191 2218 459 2280; baseline 0.011 -3"><span class='ocrx_word' id='word_1_117' title='bbox 191 2218 277 2277; x_wconf 85' lang='lat' dir='ltr'>missa</span> <span class='ocrx_word' id='word_1_118' title='bbox 292 2227 343 2278; x_wconf 86' lang='lat' dir='ltr'>est.</span> <span class='ocrx_word' id='word_1_119' title='bbox 457 2276 459 2280; x_wconf 20' lang='lat'><em>⁴</em></span> 
     </span>
    </p>

    <p class='ocr_par' dir='ltr' id='par_1_5' title="bbox 186 2316 979 3301">
     <span class='ocr_line' id='line_1_21' title="bbox 230 2316 977 2391; baseline 0 -13"><span class='ocrx_word' id='word_1_120' title='bbox 230 2316 317 2379; x_wconf 80' lang='lat' dir='ltr'>Paria</span> <span class='ocrx_word' id='word_1_121' title='bbox 338 2328 433 2391; x_wconf 87' lang='lat' dir='ltr'>sexta,</span> <span class='ocrx_word' id='word_1_122' title='bbox 454 2317 503 2379; x_wconf 82' lang='lat' dir='ltr'>it.</span> <span class='ocrx_word' id='word_1_123' title='bbox 524 2318 689 2380; x_wconf 83' lang='lat' dir='ltr'>novembris</span> <span class='ocrx_word' id='word_1_124' title='bbox 709 2319 783 2380; x_wconf 79' lang='lat' dir='ltr'>testo</span> <span class='ocrx_word' id='word_1_125' title='bbox 804 2318 836 2378; x_wconf 85' lang='lat' dir='ltr'>S.</span> <span class='ocrx_word' id='word_1_126' title='bbox 858 2317 977 2378; x_wconf 91' lang='lat' dir='ltr'>lllartini</span> 
     </span>
     <span class='ocr_line' id='line_1_22' title="bbox 186 2417 978 2499; baseline -0.003 -19"><span class='ocrx_word' id='word_1_127' title='bbox 186 2418 330 2499; x_wconf 87' lang='lat' dir='ltr'>episcopi,</span> <span class='ocrx_word' id='word_1_128' title='bbox 354 2420 421 2481; x_wconf 89' lang='lat' dir='ltr'>licet</span> <span class='ocrx_word' id='word_1_129' title='bbox 451 2437 503 2498; x_wconf 89' lang='lat' dir='ltr'>per</span> <span class='ocrx_word' id='word_1_130' title='bbox 526 2437 661 2481; x_wconf 86' lang='lat' dir='ltr'>cursores</span> <span class='ocrx_word' id='word_1_131' title='bbox 689 2419 851 2480; x_wconf 83' lang='lat' dir='ltr'>intimatum</span> <span class='ocrx_word' id='word_1_132' title='bbox 878 2417 978 2480; x_wconf 90' lang='lat' dir='ltr'>luisset</span> 
     </span>
     <span class='ocr_line' id='line_1_23' title="bbox 186 2519 975 2600; baseline 0.003 -21"><span class='ocrx_word' id='word_1_133' title='bbox 186 2538 241 2598; x_wconf 92' lang='lat' dir='ltr'>pra</span> <span class='ocrx_word' id='word_1_134' title='bbox 271 2519 345 2580; x_wconf 81' lang='lat' dir='ltr'>bora</span> <span class='ocrx_word' id='word_1_135' title='bbox 375 2521 538 2599; x_wconf 81' lang='lat' dir='ltr'>vigesima,</span> <span class='ocrx_word' id='word_1_136' title='bbox 571 2530 668 2581; x_wconf 89' lang='lat' dir='ltr'>tamen</span> <span class='ocrx_word' id='word_1_137' title='bbox 703 2530 769 2600; x_wconf 88' lang='lat' dir='ltr'>past</span> <span class='ocrx_word' id='word_1_138' title='bbox 788 2538 790 2542; x_wconf 54' lang='lat'><em>⁴</em></span> <span class='ocrx_word' id='word_1_139' title='bbox 806 2520 975 2600; x_wconf 75' lang='lat' dir='ltr'>vigesimam</span> 
     </span>
     <span class='ocr_line' id='line_1_24' title="bbox 190 2619 979 2700; baseline 0.005 -23"><span class='ocrx_word' id='word_1_140' title='bbox 190 2630 327 2696; x_wconf 87' lang='lat' dir='ltr'>quartam</span> <span class='ocrx_word' id='word_1_141' title='bbox 348 2620 534 2681; x_wconf 91' lang='lat' dir='ltr'>intraverunt</span> <span class='ocrx_word' id='word_1_142' title='bbox 554 2619 665 2683; x_wconf 84' lang='lat' dir='ltr'>Urbem</span> <span class='ocrx_word' id='word_1_143' title='bbox 680 2637 733 2699; x_wconf 92' lang='lat' dir='ltr'>pcr</span> <span class='ocrx_word' id='word_1_144' title='bbox 751 2631 866 2700; x_wconf 88' lang='lat' dir='ltr'>partam</span> <span class='ocrx_word' id='word_1_145' title='bbox 894 2621 979 2682; x_wconf 84' lang='lat' dir='ltr'>Viri·</span> 
     </span>
     <span class='ocr_line' id='line_1_25' title="bbox 187 2716 978 2800; baseline 0.006 -22"><span class='ocrx_word' id='word_1_146' title='bbox 187 2719 279 2792; x_wconf 89' lang='lat' dir='ltr'>dsrii‚</span> <span class='ocrx_word' id='word_1_147' title='bbox 304 2720 402 2782; x_wconf 88' lang='lat' dir='ltr'>decem</span> <span class='ocrx_word' id='word_1_148' title='bbox 424 2717 566 2781; x_wconf 85' lang='lat' dir='ltr'>Oratores</span> <span class='ocrx_word' id='word_1_149' title='bbox 600 2716 687 2800; x_wconf 75' lang='lat' dir='ltr'>Regis</span> <span class='ocrx_word' id='word_1_150' title='bbox 708 2721 872 2795; x_wconf 81' lang='lat' dir='ltr'>Franciae,</span> <span class='ocrx_word' id='word_1_151' title='bbox 895 2720 978 2783; x_wconf 77' lang='lat' dir='ltr'>vide·</span> 
     </span>
     <span class='ocr_line' id='line_1_26' title="bbox 188 2819 977 2906; baseline 0.001 -25"><span class='ocrx_word' id='word_1_152' title='bbox 188 2822 258 2884; x_wconf 88' lang='lat' dir='ltr'>licet</span> <span class='ocrx_word' id='word_1_153' title='bbox 278 2820 314 2881; x_wconf 83' lang='lat' dir='ltr'>tt.</span> <span class='ocrx_word' id='word_1_154' title='bbox 334 2820 368 2882; x_wconf 88' lang='lat' dir='ltr'>P.</span> <span class='ocrx_word' id='word_1_155' title='bbox 384 2820 422 2882; x_wconf 91' lang='lat' dir='ltr'>D.</span> <span class='ocrx_word' id='word_1_156' title='bbox 441 2820 592 2901; x_wconf 86' lang='lat' dir='ltr'>episeopus</span> <span class='ocrx_word' id='word_1_157' title='bbox 612 2819 827 2883; x_wconf 79' lang='lat' dir='ltr'>Lambariensis</span> <span class='ocrx_word' id='word_1_158' title='bbox 847 2819 894 2906; x_wconf 78' lang='lat' dir='ltr'>(i)</span> <span class='ocrx_word' id='word_1_159' title='bbox 915 2822 977 2882; x_wconf 74' lang='lat' dir='ltr'>Ab·</span> 
     </span>
     <span class='ocr_line' id='line_1_27' title="bbox 187 2917 977 2997; baseline 0.005 -15"><span class='ocrx_word' id='word_1_160' title='bbox 187 2923 239 2983; x_wconf 90' lang='lat' dir='ltr'>bas</span> <span class='ocrx_word' id='word_1_161' title='bbox 252 2924 418 2984; x_wconf 87' lang='lat' dir='ltr'>monasterii</span> <span class='ocrx_word' id='word_1_162' title='bbox 439 2921 470 2983; x_wconf 87' lang='lat' dir='ltr'>S.</span> <span class='ocrx_word' id='word_1_163' title='bbox 493 2922 617 2983; x_wconf 86' lang='lat' dir='ltr'>Dianisli</span> <span class='ocrx_word' id='word_1_164' title='bbox 639 2923 822 2997; x_wconf 80' lang='lat' dir='ltr'>Periclensis,</span> <span class='ocrx_word' id='word_1_165' title='bbox 837 2917 977 2986; x_wconf 76' lang='lat' dir='ltr'>Antonius</span> 
     </span>
     <span class='ocr_line' id='line_1_28' title="bbox 187 3023 977 3100; baseline 0.003 -16"><span class='ocrx_word' id='word_1_166' title='bbox 187 3025 282 3086; x_wconf 75' lang='lat' dir='ltr'>Abbas</span> <span class='ocrx_word' id='word_1_167' title='bbox 304 3025 468 3086; x_wconf 91' lang='lat' dir='ltr'>monasterii</span> <span class='ocrx_word' id='word_1_168' title='bbox 487 3023 518 3085; x_wconf 84' lang='lat' dir='ltr'>S.</span> <span class='ocrx_word' id='word_1_169' title='bbox 540 3026 658 3085; x_wconf 77' lang='lat' dir='ltr'>Antonii</span> <span class='ocrx_word' id='word_1_170' title='bbox 678 3025 713 3086; x_wconf 87' lang='lat' dir='ltr'>de</span> <span class='ocrx_word' id='word_1_171' title='bbox 733 3024 852 3100; x_wconf 83' lang='lat' dir='ltr'>Vienna,</span> <span class='ocrx_word' id='word_1_172' title='bbox 871 3023 977 3086; x_wconf 89' lang='lat' dir='ltr'>Petrus</span> 
     </span>
     <span class='ocr_line' id='line_1_29' title="bbox 187 3126 977 3206; baseline 0.003 -19"><span class='ocrx_word' id='word_1_173' title='bbox 187 3127 270 3206; x_wconf 90' lang='lat' dir='ltr'>prior</span> <span class='ocrx_word' id='word_1_174' title='bbox 291 3126 455 3201; x_wconf 76' lang='lat' dir='ltr'>Airerniae,</span> <span class='ocrx_word' id='word_1_175' title='bbox 476 3126 602 3188; x_wconf 89' lang='lat' dir='ltr'>Carolus</span> <span class='ocrx_word' id='word_1_176' title='bbox 623 3127 877 3188; x_wconf 71' lang='lat' dir='ltr'>contrabescam</span> <span class='ocrx_word' id='word_1_177' title='bbox 899 3127 977 3189; x_wconf 93' lang='lat' dir='ltr'>Par·</span> 
     </span>
     <span class='ocr_line' id='line_1_30' title="bbox 187 3227 975 3301; baseline 0.004 -15"><span class='ocrx_word' id='word_1_178' title='bbox 187 3227 312 3289; x_wconf 84' lang='lat' dir='ltr'>lamento</span> <span class='ocrx_word' id='word_1_179' title='bbox 340 3227 521 3301; x_wconf 86' lang='lat' dir='ltr'>Parisiense,</span> <span class='ocrx_word' id='word_1_180' title='bbox 541 3227 713 3289; x_wconf 82' lang='lat' dir='ltr'>Benedictus</span> <span class='ocrx_word' id='word_1_181' title='bbox 735 3229 827 3289; x_wconf 76' lang='lat' dir='ltr'>Adam</span> <span class='ocrx_word' id='word_1_182' title='bbox 849 3229 886 3289; x_wconf 91' lang='lat' dir='ltr'>de</span> <span class='ocrx_word' id='word_1_183' title='bbox 899 3229 975 3289; x_wconf 87' lang='lat' dir='ltr'>Par·</span> 
     </span>
    </p>
   </div>
   <div class='ocr_carea' id='block_1_5' title="bbox 186 3441 976 3665">
    <p class='ocr_par' dir='ltr' id='par_1_6' title="bbox 186 3441 976 3665">
     <span class='ocr_line' id='line_1_31' title="bbox 226 3441 976 3527; baseline 0.005 -36"><span class='ocrx_word' id='word_1_184' title='bbox 226 3447 263 3497; x_wconf 83' lang='lat' dir='ltr'>tt)</span> <span class='ocrx_word' id='word_1_185' title='bbox 279 3441 459 3501; x_wconf 80' lang='lat' dir='ltr'>bombarium,</span> <span class='ocrx_word' id='word_1_186' title='bbox 476 3443 594 3503; x_wconf 77' lang='lat' dir='ltr'>bombos,</span> <span class='ocrx_word' id='word_1_187' title='bbox 610 3445 651 3494; x_wconf 88' lang='lat' dir='ltr'>vel</span> <span class='ocrx_word' id='word_1_188' title='bbox 674 3445 810 3504; x_wconf 79' lang='lat' dir='ltr'>lombers,</span> <span class='ocrx_word' id='word_1_189' title='bbox 827 3444 892 3496; x_wconf 86' lang='lat' dir='ltr'>Orbs</span> <span class='ocrx_word' id='word_1_190' title='bbox 914 3446 976 3527; x_wconf 81' lang='lat' dir='ltr'>Gal·</span> 
     </span>
     <span class='ocr_line' id='line_1_32' title="bbox 187 3519 975 3588; baseline 0.011 -21"><span class='ocrx_word' id='word_1_191' title='bbox 187 3519 238 3571; x_wconf 90' lang='lat' dir='ltr'>liae</span> <span class='ocrx_word' id='word_1_192' title='bbox 256 3520 453 3581; x_wconf 80' lang='lat' dir='ltr'>Narbonensis,</span> <span class='ocrx_word' id='word_1_193' title='bbox 468 3522 496 3571; x_wconf 89' lang='lat' dir='ltr'>in</span> <span class='ocrx_word' id='word_1_194' title='bbox 513 3524 667 3585; x_wconf 76' lang='lat' dir='ltr'>aquitaniae</span> <span class='ocrx_word' id='word_1_195' title='bbox 690 3524 815 3584; x_wconf 78' lang='lat' dir='ltr'>confinio,</span> <span class='ocrx_word' id='word_1_196' title='bbox 838 3525 907 3588; x_wconf 89' lang='lat' dir='ltr'>apud</span> <span class='ocrx_word' id='word_1_197' title='bbox 924 3526 975 3576; x_wconf 86' lang='lat' dir='ltr'>Ga·</span> 
     </span>
     <span class='ocr_line' id='line_1_33' title="bbox 186 3599 973 3665; baseline 0.005 -15"><span class='ocrx_word' id='word_1_198' title='bbox 186 3601 315 3650; x_wconf 88' lang='lat' dir='ltr'>rumoium</span> <span class='ocrx_word' id='word_1_199' title='bbox 335 3599 491 3660; x_wconf 80' lang='lat' dir='ltr'>fluvium,a</span> <span class='ocrx_word' id='word_1_200' title='bbox 511 3603 607 3652; x_wconf 83' lang='lat' dir='ltr'>&#39;l&#39;oiosa</span> <span class='ocrx_word' id='word_1_201' title='bbox 628 3606 652 3654; x_wconf 84' lang='lat'>8.</span> <span class='ocrx_word' id='word_1_202' title='bbox 677 3606 761 3655; x_wconf 90' lang='lat' dir='ltr'>leucis</span> <span class='ocrx_word' id='word_1_203' title='bbox 778 3606 804 3654; x_wconf 87' lang='lat' dir='ltr'>in</span> <span class='ocrx_word' id='word_1_204' title='bbox 825 3605 973 3665; x_wconf 66' lang='lat' dir='ltr'>,lustrum</span> 
     </span>
    </p>
   </div>
   <div class='ocr_carea' id='block_1_6' title="bbox 96 3677 973 3745">
    <p class='ocr_par' dir='ltr' id='par_1_7' title="bbox 96 3677 973 3745">
     <span class='ocr_line' id='line_1_34' title="bbox 96 3677 973 3745; baseline 0.011 -19"><span class='ocrx_word' id='word_1_205' title='bbox 96 3708 97 3711; x_wconf 58' lang='lat'><em>=</em></span> <span class='ocrx_word' id='word_1_206' title='bbox 187 3679 348 3742; x_wconf 87' lang='lat' dir='ltr'>episcopalis</span> <span class='ocrx_word' id='word_1_207' title='bbox 366 3677 416 3727; x_wconf 90' lang='lat' dir='ltr'>sub</span> <span class='ocrx_word' id='word_1_208' title='bbox 439 3679 643 3745; x_wconf 67' lang='lat' dir='ltr'>archiepiscopo</span> <span class='ocrx_word' id='word_1_209' title='bbox 660 3683 809 3744; x_wconf 88' lang='lat' dir='ltr'>Tolosana,</span> <span class='ocrx_word' id='word_1_210' title='bbox 827 3700 839 3735; x_wconf 90' lang='lat' dir='ltr'>a</span> <span class='ocrx_word' id='word_1_211' title='bbox 857 3685 973 3736; x_wconf 84' lang='lat' dir='ltr'>labeone</span> 
     </span>
    </p>
   </div>
   <div class='ocr_carea' id='block_1_7' title="bbox 118 3757 974 4942">
    <p class='ocr_par' dir='ltr' id='par_1_8' title="bbox 118 3757 974 4942">
     <span class='ocr_line' id='line_1_35' title="bbox 185 3757 974 3825; baseline 0.009 -16"><span class='ocrx_word' id='word_1_212' title='bbox 185 3757 265 3809; x_wconf 78' lang='lat' dir='ltr'>xxii.</span> <span class='ocrx_word' id='word_1_213' title='bbox 284 3758 348 3808; x_wconf 87' lang='lat' dir='ltr'>sede</span> <span class='ocrx_word' id='word_1_214' title='bbox 371 3759 514 3821; x_wconf 86' lang='lat' dir='ltr'>episcopali</span> <span class='ocrx_word' id='word_1_215' title='bbox 531 3760 661 3811; x_wconf 86' lang='lat' dir='ltr'>decorata.</span> <span class='ocrx_word' id='word_1_216' title='bbox 679 3767 845 3825; x_wconf 77' lang='lat' dir='ltr'>recasuras.</span> <span class='ocrx_word' id='word_1_217' title='bbox 860 3766 974 3816; x_wconf 82' lang='lat' dir='ltr'>Lamba-</span> 
     </span>
     <span class='ocr_line' id='line_1_36' title="bbox 185 3834 973 3904; baseline 0.011 -17"><span class='ocrx_word' id='word_1_218' title='bbox 185 3839 271 3898; x_wconf 87' lang='lat' dir='ltr'>rium,</span> <span class='ocrx_word' id='word_1_219' title='bbox 287 3851 352 3896; x_wconf 89' lang='lat' dir='ltr'>seu,</span> <span class='ocrx_word' id='word_1_220' title='bbox 368 3843 394 3889; x_wconf 87' lang='lat' dir='ltr'>et</span> <span class='ocrx_word' id='word_1_221' title='bbox 411 3840 523 3901; x_wconf 89' lang='lat' dir='ltr'>mellus,</span> <span class='ocrx_word' id='word_1_222' title='bbox 538 3841 688 3902; x_wconf 83' lang='lat' dir='ltr'>Lombsria,</span> <span class='ocrx_word' id='word_1_223' title='bbox 707 3834 831 3904; x_wconf 76' lang='lat' dir='ltr'>lombar,</span> <span class='ocrx_word' id='word_1_224' title='bbox 847 3843 915 3895; x_wconf 85' lang='lat' dir='ltr'>Orbs</span> <span class='ocrx_word' id='word_1_225' title='bbox 932 3851 973 3896; x_wconf 90' lang='lat' dir='ltr'>est</span> 
     </span>
     <span class='ocr_line' id='line_1_37' title="bbox 184 3919 972 3987; baseline 0.004 -16"><span class='ocrx_word' id='word_1_226' title='bbox 184 3919 283 3971; x_wconf 88' lang='lat' dir='ltr'>Galliae</span> <span class='ocrx_word' id='word_1_227' title='bbox 307 3922 333 3970; x_wconf 93' lang='lat' dir='ltr'>in</span> <span class='ocrx_word' id='word_1_228' title='bbox 357 3919 514 3982; x_wconf 75' lang='lat' dir='ltr'>Aquitania,</span> <span class='ocrx_word' id='word_1_229' title='bbox 530 3925 556 3971; x_wconf 93' lang='lat' dir='ltr'>et</span> <span class='ocrx_word' id='word_1_230' title='bbox 573 3922 747 3973; x_wconf 79' lang='lat' dir='ltr'>incomitata</span> <span class='ocrx_word' id='word_1_231' title='bbox 768 3922 972 3987; x_wconf 80' lang='lat' dir='ltr'>Convenarum,</span> 
     </span>
     <span class='ocr_line' id='line_1_38' title="bbox 184 4000 973 4060; baseline 0.006 -11"><span class='ocrx_word' id='word_1_232' title='bbox 184 4000 217 4051; x_wconf 86' lang='lat' dir='ltr'>ad</span> <span class='ocrx_word' id='word_1_233' title='bbox 235 4013 337 4050; x_wconf 88' lang='lat' dir='ltr'>amnem</span> <span class='ocrx_word' id='word_1_234' title='bbox 359 4001 471 4060; x_wconf 86' lang='lat' dir='ltr'>Seram,</span> <span class='ocrx_word' id='word_1_235' title='bbox 491 4003 513 4050; x_wconf 85' lang='grc'>4.</span> <span class='ocrx_word' id='word_1_236' title='bbox 538 4000 620 4050; x_wconf 88' lang='lat' dir='ltr'>leucis</span> <span class='ocrx_word' id='word_1_237' title='bbox 643 4015 658 4051; x_wconf 92' lang='lat' dir='ltr'>a</span> <span class='ocrx_word' id='word_1_238' title='bbox 679 4002 811 4052; x_wconf 85' lang='lat' dir='ltr'>Garumna</span> <span class='ocrx_word' id='word_1_239' title='bbox 832 4001 912 4053; x_wconf 81' lang='lat' dir='ltr'>fluvio</span> <span class='ocrx_word' id='word_1_240' title='bbox 934 4004 973 4054; x_wconf 91' lang='lat' dir='ltr'>di·</span> 
     </span>
     <span class='ocr_line' id='line_1_39' title="bbox 184 4081 971 4143; baseline 0.009 -14"><span class='ocrx_word' id='word_1_241' title='bbox 184 4084 275 4139; x_wconf 84' lang='grc'><strong>44444,</strong></span> <span class='ocrx_word' id='word_1_242' title='bbox 292 4085 319 4131; x_wconf 90' lang='grc'>44</span> <span class='ocrx_word' id='word_1_243' title='bbox 336 4083 357 4133; x_wconf 84' lang='lat'>8.</span> <span class='ocrx_word' id='word_1_244' title='bbox 377 4095 390 4130; x_wconf 84' lang='lat' dir='ltr'>a</span> <span class='ocrx_word' id='word_1_245' title='bbox 408 4081 502 4133; x_wconf 87' lang='lat' dir='ltr'>Tolosa</span> <span class='ocrx_word' id='word_1_246' title='bbox 519 4081 546 4132; x_wconf 92' lang='lat' dir='ltr'>io</span> <span class='ocrx_word' id='word_1_247' title='bbox 563 4096 700 4143; x_wconf 88' lang='lat' dir='ltr'>occasum,</span> <span class='ocrx_word' id='word_1_248' title='bbox 718 4086 765 4136; x_wconf 89' lang='lat' dir='ltr'>sed</span> <span class='ocrx_word' id='word_1_249' title='bbox 782 4087 804 4137; x_wconf 83' lang='lat'>5.</span> <span class='ocrx_word' id='word_1_250' title='bbox 816 4089 917 4136; x_wconf 86' lang='lat' dir='ltr'>tantum</span> <span class='ocrx_word' id='word_1_251' title='bbox 938 4087 971 4138; x_wconf 90' lang='lat' dir='ltr'>ab</span> 
     </span>
     <span class='ocr_line' id='line_1_40' title="bbox 118 4154 973 4226; baseline 0.013 -18"><span class='ocrx_word' id='word_1_252' title='bbox 118 4166 120 4171; x_wconf 83' lang='grc'>’</span> <span class='ocrx_word' id='word_1_253' title='bbox 184 4154 286 4210; x_wconf 79' lang='lat' dir='ltr'>Ausciis</span> <span class='ocrx_word' id='word_1_254' title='bbox 305 4161 330 4210; x_wconf 92' lang='lat' dir='ltr'>in</span> <span class='ocrx_word' id='word_1_255' title='bbox 347 4161 473 4212; x_wconf 76' lang='lat' dir='ltr'>Africum.</span> <span class='ocrx_word' id='word_1_256' title='bbox 491 4163 559 4216; x_wconf 84' lang='lat' dir='ltr'>Salis</span> <span class='ocrx_word' id='word_1_257' title='bbox 577 4164 663 4226; x_wconf 87' lang='lat' dir='ltr'>ampla</span> <span class='ocrx_word' id='word_1_258' title='bbox 680 4168 733 4225; x_wconf 88' lang='lat' dir='ltr'>est,</span> <span class='ocrx_word' id='word_1_259' title='bbox 751 4166 797 4216; x_wconf 88' lang='lat' dir='ltr'>sed</span> <span class='ocrx_word' id='word_1_260' title='bbox 810 4169 876 4218; x_wconf 89' lang='lat' dir='ltr'>male</span> <span class='ocrx_word' id='word_1_261' title='bbox 893 4170 973 4219; x_wconf 88' lang='lat' dir='ltr'>culta.</span> 
     </span>
     <span class='ocr_line' id='line_1_41' title="bbox 183 4241 971 4310; baseline 0.013 -22"><span class='ocrx_word' id='word_1_262' title='bbox 183 4243 341 4292; x_wconf 80' lang='lat' dir='ltr'>usuuuarto.</span> <span class='ocrx_word' id='word_1_263' title='bbox 357 4241 502 4304; x_wconf 85' lang='lat' dir='ltr'>Episcopus</span> <span class='ocrx_word' id='word_1_264' title='bbox 524 4241 737 4302; x_wconf 82' lang='lat' dir='ltr'>bamberiensis,</span> <span class='ocrx_word' id='word_1_265' title='bbox 753 4248 786 4297; x_wconf 89' lang='lat' dir='ltr'>de</span> <span class='ocrx_word' id='word_1_266' title='bbox 803 4260 854 4310; x_wconf 90' lang='lat' dir='ltr'>qua</span> <span class='ocrx_word' id='word_1_267' title='bbox 872 4248 914 4297; x_wconf 91' lang='lat' dir='ltr'>bic</span> <span class='ocrx_word' id='word_1_268' title='bbox 931 4250 971 4298; x_wconf 91' lang='lat' dir='ltr'>io·</span> 
     </span>
     <span class='ocr_line' id='line_1_42' title="bbox 181 4321 971 4390; baseline 0.014 -22"><span class='ocrx_word' id='word_1_269' title='bbox 181 4322 271 4382; x_wconf 90' lang='lat' dir='ltr'>quitur</span> <span class='ocrx_word' id='word_1_270' title='bbox 296 4321 461 4371; x_wconf 83' lang='lat' dir='ltr'>Burcbardus</span> <span class='ocrx_word' id='word_1_271' title='bbox 485 4328 542 4373; x_wconf 84' lang='lat' dir='ltr'>erat</span> <span class='ocrx_word' id='word_1_272' title='bbox 558 4322 682 4375; x_wconf 81' lang='lat' dir='ltr'>labeones</span> <span class='ocrx_word' id='word_1_273' title='bbox 697 4326 727 4375; x_wconf 84' lang='lat' dir='ltr'>da</span> <span class='ocrx_word' id='word_1_274' title='bbox 744 4324 857 4386; x_wconf 83' lang='lat' dir='ltr'>Villisrs,</span> <span class='ocrx_word' id='word_1_275' title='bbox 878 4329 922 4390; x_wconf 92' lang='lat' dir='ltr'>qui</span> <span class='ocrx_word' id='word_1_276' title='bbox 944 4333 971 4379; x_wconf 89' lang='lat' dir='ltr'>et</span> 
     </span>
     <span class='ocr_line' id='line_1_43' title="bbox 170 4397 971 4465; baseline 0.007 -16"><span class='ocrx_word' id='word_1_277' title='bbox 170 4399 212 4465; x_wconf 78' lang='lat' dir='ltr'>¹da</span> <span class='ocrx_word' id='word_1_278' title='bbox 232 4399 257 4448; x_wconf 90' lang='lat' dir='ltr'>lu</span> <span class='ocrx_word' id='word_1_279' title='bbox 278 4397 397 4457; x_wconf 77' lang='lat' dir='ltr'>Groslopa</span> <span class='ocrx_word' id='word_1_280' title='bbox 423 4402 672 4461; x_wconf 77' lang='lat' dir='ltr'>cognominabatur,</span> <span class='ocrx_word' id='word_1_281' title='bbox 695 4408 721 4453; x_wconf 92' lang='lat' dir='ltr'>et</span> <span class='ocrx_word' id='word_1_282' title='bbox 745 4404 840 4455; x_wconf 86' lang='lat' dir='ltr'>iuiulas</span> <span class='ocrx_word' id='word_1_283' title='bbox 861 4406 971 4456; x_wconf 85' lang='lat' dir='ltr'>Lamba-</span> 
     </span>
     <span class='ocr_line' id='line_1_44' title="bbox 182 4478 969 4535; baseline 0.013 -9"><span class='ocrx_word' id='word_1_284' title='bbox 182 4478 283 4527; x_wconf 89' lang='lat' dir='ltr'>rienses</span> <span class='ocrx_word' id='word_1_285' title='bbox 301 4478 449 4528; x_wconf 87' lang='lat' dir='ltr'>obtinuerat</span> <span class='ocrx_word' id='word_1_286' title='bbox 472 4494 539 4529; x_wconf 90' lang='lat' dir='ltr'>anno</span> <span class='ocrx_word' id='word_1_287' title='bbox 559 4484 626 4532; x_wconf 80' lang='grc'><strong>4474.</strong></span> <span class='ocrx_word' id='word_1_288' title='bbox 646 4481 682 4530; x_wconf 88' lang='lat' dir='ltr'>De</span> <span class='ocrx_word' id='word_1_289' title='bbox 700 4494 732 4531; x_wconf 90' lang='lat' dir='ltr'>eo</span> <span class='ocrx_word' id='word_1_290' title='bbox 750 4485 828 4534; x_wconf 89' lang='lat' dir='ltr'>multa</span> <span class='ocrx_word' id='word_1_291' title='bbox 847 4485 969 4535; x_wconf 82' lang='lat' dir='ltr'>reserun-</span> 
     </span>
     <span class='ocr_line' id='line_1_45' title="bbox 181 4558 969 4619; baseline 0.01 -13"><span class='ocrx_word' id='word_1_292' title='bbox 181 4563 224 4606; x_wconf 88' lang='lat' dir='ltr'>tur</span> <span class='ocrx_word' id='word_1_293' title='bbox 248 4558 281 4606; x_wconf 89' lang='lat' dir='ltr'>ab</span> <span class='ocrx_word' id='word_1_294' title='bbox 306 4558 458 4608; x_wconf 87' lang='lat' dir='ltr'>auctoribus</span> <span class='ocrx_word' id='word_1_295' title='bbox 480 4559 577 4610; x_wconf 87' lang='lat' dir='ltr'>Galliae</span> <span class='ocrx_word' id='word_1_296' title='bbox 593 4558 780 4619; x_wconf 72' lang='lat' dir='ltr'>Christianae,</span> <span class='ocrx_word' id='word_1_297' title='bbox 799 4569 852 4613; x_wconf 88' lang='lat' dir='ltr'>turn</span> <span class='ocrx_word' id='word_1_298' title='bbox 876 4567 901 4613; x_wconf 88' lang='lat' dir='ltr'>in</span> <span class='ocrx_word' id='word_1_299' title='bbox 918 4566 969 4614; x_wconf 85' lang='lat' dir='ltr'>Ec-</span> 
     </span>
     <span class='ocr_line' id='line_1_46' title="bbox 180 4637 967 4707; baseline 0.011 -22"><span class='ocrx_word' id='word_1_300' title='bbox 180 4638 261 4687; x_wconf 87' lang='lat' dir='ltr'>clesia</span> <span class='ocrx_word' id='word_1_301' title='bbox 285 4637 439 4696; x_wconf 89' lang='lat' dir='ltr'>Parisiensi,</span> <span class='ocrx_word' id='word_1_302' title='bbox 455 4643 510 4689; x_wconf 90' lang='lat' dir='ltr'>tum</span> <span class='ocrx_word' id='word_1_303' title='bbox 537 4642 562 4689; x_wconf 91' lang='lat' dir='ltr'>in</span> <span class='ocrx_word' id='word_1_304' title='bbox 579 4642 757 4692; x_wconf 79' lang='lat' dir='ltr'>bamberiensi</span> <span class='ocrx_word' id='word_1_305' title='bbox 773 4644 782 4704; x_wconf 87' lang='lat'>(</span> <span class='ocrx_word' id='word_1_306' title='bbox 799 4645 859 4692; x_wconf 88' lang='lat' dir='ltr'>tom.</span> <span class='ocrx_word' id='word_1_307' title='bbox 877 4643 923 4693; x_wconf 84' lang='lat' dir='ltr'>Vll.</span> <span class='ocrx_word' id='word_1_308' title='bbox 940 4656 967 4707; x_wconf 86' lang='lat' dir='ltr'>p.</span> 
     </span>
     <span class='ocr_line' id='line_1_47' title="bbox 181 4717 968 4783; baseline 0.005 -16"><span class='ocrx_word' id='word_1_309' title='bbox 181 4717 235 4767; x_wconf 74' lang='lat' dir='ltr'>aaa.</span> <span class='ocrx_word' id='word_1_310' title='bbox 254 4719 307 4768; x_wconf 86' lang='grc'><strong>407.</strong></span> <span class='ocrx_word' id='word_1_311' title='bbox 334 4720 394 4767; x_wconf 84' lang='lat' dir='ltr'>tom.</span> <span class='ocrx_word' id='word_1_312' title='bbox 408 4717 468 4768; x_wconf 81' lang='lat' dir='ltr'>Xlll.</span> <span class='ocrx_word' id='word_1_313' title='bbox 486 4732 512 4781; x_wconf 89' lang='lat' dir='ltr'>p.</span> <span class='ocrx_word' id='word_1_314' title='bbox 529 4721 633 4772; x_wconf 72' lang='lat' dir='ltr'>ita-³26</span> <span class='ocrx_word' id='word_1_315' title='bbox 650 4725 667 4783; x_wconf 86' lang='lat' dir='ltr'>i.</span> <span class='ocrx_word' id='word_1_316' title='bbox 682 4723 859 4774; x_wconf 85' lang='lat' dir='ltr'>blcmarantur</span> <span class='ocrx_word' id='word_1_317' title='bbox 875 4723 911 4772; x_wconf 91' lang='lat' dir='ltr'>ibi</span> <span class='ocrx_word' id='word_1_318' title='bbox 929 4724 968 4772; x_wconf 90' lang='lat' dir='ltr'>le·</span> 
     </span>
     <span class='ocr_line' id='line_1_48' title="bbox 179 4796 966 4865; baseline 0.009 -20"><span class='ocrx_word' id='word_1_319' title='bbox 179 4797 297 4858; x_wconf 62' lang='grc'><strong>44444444</strong></span> <span class='ocrx_word' id='word_1_320' title='bbox 313 4796 438 4848; x_wconf 86' lang='lat' dir='ltr'>lobannis</span> <span class='ocrx_word' id='word_1_321' title='bbox 455 4797 487 4847; x_wconf 91' lang='lat' dir='ltr'>ad</span> <span class='ocrx_word' id='word_1_322' title='bbox 503 4798 693 4850; x_wconf 81' lang='lat' dir='ltr'>Perdinaodum</span> <span class='ocrx_word' id='word_1_323' title='bbox 710 4803 855 4863; x_wconf 66' lang='lat' dir='ltr'>aragoniae</span> <span class='ocrx_word' id='word_1_324' title='bbox 873 4801 966 4865; x_wconf 83' lang='lat' dir='ltr'>Regem</span> 
     </span>
     <span class='ocr_line' id='line_1_49' title="bbox 181 4873 966 4942; baseline 0.013 -20"><span class='ocrx_word' id='word_1_325' title='bbox 181 4878 207 4922; x_wconf 90' lang='lat' dir='ltr'>et</span> <span class='ocrx_word' id='word_1_326' title='bbox 220 4873 358 4925; x_wconf 84' lang='lat' dir='ltr'>isabellam</span> <span class='ocrx_word' id='word_1_327' title='bbox 376 4876 408 4925; x_wconf 91' lang='lat' dir='ltr'>de</span> <span class='ocrx_word' id='word_1_328' title='bbox 425 4875 538 4927; x_wconf 82' lang='lat' dir='ltr'>Castalia</span> <span class='ocrx_word' id='word_1_329' title='bbox 555 4878 613 4934; x_wconf 84' lang='lat' dir='ltr'>ejus</span> <span class='ocrx_word' id='word_1_330' title='bbox 629 4892 738 4929; x_wconf 87' lang='lat' dir='ltr'>uxorem</span> <span class='ocrx_word' id='word_1_331' title='bbox 750 4882 831 4942; x_wconf 90' lang='lat' dir='ltr'>(anua</span> <span class='ocrx_word' id='word_1_332' title='bbox 849 4882 928 4942; x_wconf 83' lang='lat' dir='ltr'>1t77.)</span> <span class='ocrx_word' id='word_1_333' title='bbox 940 4886 966 4932; x_wconf 86' lang='lat' dir='ltr'>el</span> 
     </span>
    </p>
   </div>
   <div class='ocr_carea' id='block_1_8' title="bbox 79 4954 964 5022">
    <p class='ocr_par' dir='ltr' id='par_1_9' title="bbox 79 4954 964 5022">
     <span class='ocr_line' id='line_1_50' title="bbox 79 4954 964 5022; baseline 0.011 -22"><span class='ocrx_word' id='word_1_334' title='bbox 79 4987 83 4993; x_wconf 85' lang='lat'>.</span> <span class='ocrx_word' id='word_1_335' title='bbox 178 4954 205 5003; x_wconf 89' lang='lat' dir='ltr'>lu</span> <span class='ocrx_word' id='word_1_336' title='bbox 221 4954 385 5005; x_wconf 86' lang='lat' dir='ltr'>Germaniam</span> <span class='ocrx_word' id='word_1_337' title='bbox 402 4969 451 5019; x_wconf 89' lang='lat' dir='ltr'>pro</span> <span class='ocrx_word' id='word_1_338' title='bbox 469 4958 631 5008; x_wconf 87' lang='lat' dir='ltr'>concilianda</span> <span class='ocrx_word' id='word_1_339' title='bbox 647 4971 713 5022; x_wconf 90' lang='lat' dir='ltr'>pace</span> <span class='ocrx_word' id='word_1_340' title='bbox 726 4959 964 5010; x_wconf 81' lang='lat' dir='ltr'>interbudarlaum</span> 
     </span>
    </p>
   </div>
   <div class='ocr_carea' id='block_1_9' title="bbox 177 5030 968 5405">
    <p class='ocr_par' dir='ltr' id='par_1_10' title="bbox 177 5030 968 5405">
     <span class='ocr_line' id='line_1_51' title="bbox 178 5030 968 5101; baseline 0.013 -20"><span class='ocrx_word' id='word_1_341' title='bbox 178 5030 221 5081; x_wconf 84' lang='lat' dir='ltr'>Xl.</span> <span class='ocrx_word' id='word_1_342' title='bbox 236 5037 262 5083; x_wconf 88' lang='lat' dir='ltr'>et</span> <span class='ocrx_word' id='word_1_343' title='bbox 273 5033 475 5085; x_wconf 68' lang='lat' dir='ltr'>maximilianum</span> <span class='ocrx_word' id='word_1_344' title='bbox 488 5038 662 5088; x_wconf 78' lang='lat' dir='ltr'>Romanarum</span> <span class='ocrx_word' id='word_1_345' title='bbox 679 5038 773 5100; x_wconf 80' lang='lat' dir='ltr'>Regem</span> <span class='ocrx_word' id='word_1_346' title='bbox 790 5040 872 5098; x_wconf 76' lang='lat' dir='ltr'>(eona</span> <span class='ocrx_word' id='word_1_347' title='bbox 886 5040 968 5101; x_wconf 81' lang='grc'><strong>4489).</strong></span> 
     </span>
     <span class='ocr_line' id='line_1_52' title="bbox 179 5109 966 5181; baseline 0.013 -22"><span class='ocrx_word' id='word_1_348' title='bbox 179 5109 230 5160; x_wconf 88' lang='lat' dir='ltr'>Sed</span> <span class='ocrx_word' id='word_1_349' title='bbox 239 5113 271 5161; x_wconf 91' lang='lat' dir='ltr'>de</span> <span class='ocrx_word' id='word_1_350' title='bbox 282 5114 329 5163; x_wconf 88' lang='grc'>444</span> <span class='ocrx_word' id='word_1_351' title='bbox 339 5113 371 5163; x_wconf 88' lang='lat' dir='ltr'>ad</span> <span class='ocrx_word' id='word_1_352' title='bbox 382 5113 529 5166; x_wconf 89' lang='lat' dir='ltr'>Pantillcem</span> <span class='ocrx_word' id='word_1_353' title='bbox 545 5116 675 5181; x_wconf 73' lang='lat' dir='ltr'>legatione</span> <span class='ocrx_word' id='word_1_354' title='bbox 685 5117 765 5169; x_wconf 82' lang='lat' dir='ltr'>luisse</span> <span class='ocrx_word' id='word_1_355' title='bbox 775 5120 880 5180; x_wconf 88' lang='lat' dir='ltr'>penitus</span> <span class='ocrx_word' id='word_1_356' title='bbox 896 5119 966 5181; x_wconf 78' lang='lat' dir='ltr'>igna-</span> 
     </span>
     <span class='ocr_line' id='line_1_53' title="bbox 178 5196 964 5259; baseline 0.015 -23"><span class='ocrx_word' id='word_1_357' title='bbox 178 5197 239 5247; x_wconf 88' lang='lat' dir='ltr'>ros,</span> <span class='ocrx_word' id='word_1_358' title='bbox 260 5205 292 5241; x_wconf 87' lang='lat' dir='ltr'>ex</span> <span class='ocrx_word' id='word_1_359' title='bbox 320 5205 411 5244; x_wconf 87' lang='lat' dir='ltr'>aarum</span> <span class='ocrx_word' id='word_1_360' title='bbox 438 5196 542 5245; x_wconf 87' lang='lat' dir='ltr'>silentia</span> <span class='ocrx_word' id='word_1_361' title='bbox 563 5198 668 5259; x_wconf 88' lang='lat' dir='ltr'>penitus</span> <span class='ocrx_word' id='word_1_362' title='bbox 693 5197 830 5246; x_wconf 80' lang='lat' dir='ltr'>evincitur.</span> <span class='ocrx_word' id='word_1_363' title='bbox 854 5196 890 5246; x_wconf 91' lang='lat' dir='ltr'>Dc</span> <span class='ocrx_word' id='word_1_364' title='bbox 915 5203 964 5249; x_wconf 87' lang='lat' dir='ltr'>noc</span> 
     </span>
     <span class='ocr_line' id='line_1_54' title="bbox 177 5267 963 5337; baseline 0.015 -20"><span class='ocrx_word' id='word_1_365' title='bbox 177 5267 287 5321; x_wconf 89' lang='lat' dir='ltr'>Oratore</span> <span class='ocrx_word' id='word_1_366' title='bbox 299 5284 367 5323; x_wconf 92' lang='lat' dir='ltr'>anna</span> <span class='ocrx_word' id='word_1_367' title='bbox 380 5275 449 5325; x_wconf 76' lang='grc'><strong>4493.</strong></span> <span class='ocrx_word' id='word_1_368' title='bbox 463 5274 497 5325; x_wconf 90' lang='lat' dir='ltr'>ad</span> <span class='ocrx_word' id='word_1_369' title='bbox 508 5275 701 5328; x_wconf 83' lang='lat' dir='ltr'>cardinalatum</span> <span class='ocrx_word' id='word_1_370' title='bbox 719 5279 864 5337; x_wconf 82' lang='lat' dir='ltr'>assumpto,</span> <span class='ocrx_word' id='word_1_371' title='bbox 881 5276 963 5330; x_wconf 89' lang='lat' dir='ltr'>verba</span> 
     </span>
     <span class='ocr_line' id='line_1_55' title="bbox 177 5339 444 5405; baseline 0.015 -6"><span class='ocrx_word' id='word_1_372' title='bbox 177 5350 227 5400; x_wconf 90' lang='lat' dir='ltr'>alla</span> <span class='ocrx_word' id='word_1_373' title='bbox 241 5339 298 5402; x_wconf 87' lang='lat' dir='ltr'>laco</span> <span class='ocrx_word' id='word_1_374' title='bbox 314 5352 444 5405; x_wconf 83' lang='lat' dir='ltr'>iacienda.</span> 
     </span>
    </p>
   </div>
   <div class='ocr_carea' id='block_1_10' title="bbox 659 250 1366 360">
    <p class='ocr_par' dir='ltr' id='par_1_11' title="bbox 659 250 1366 360">
     <span class='ocr_line' id='line_1_56' title="bbox 659 250 1366 360; baseline -0.001 -43"><span class='ocrx_word' id='word_1_375' title='bbox 659 252 943 321; x_wconf 68' lang='lat' dir='ltr'>conturbatus</span> <span class='ocrx_word' id='word_1_376' title='bbox 961 250 1186 360; x_wconf 72' lang='lat' dir='ltr'>attacum</span> <span class='ocrx_word' id='word_1_377' title='bbox 1214 252 1366 318; x_wconf 68' lang='lat' dir='ltr'>ociter.</span> 
     </span>
    </p>
   </div>
   <div class='ocr_carea' id='block_1_11' title="bbox 1738 261 1839 349">
    <p class='ocr_par' dir='ltr' id='par_1_12' title="bbox 1738 261 1839 349">
     <span class='ocr_line' id='line_1_57' title="bbox 1738 261 1839 349; baseline 0.02 -25"><span class='ocrx_word' id='word_1_378' title='bbox 1738 261 1839 349; x_wconf 79' lang='grc'><strong>(4444)</strong></span> 
     </span>
    </p>
   </div>
   <div class='ocr_carea' id='block_1_12' title="bbox 1033 387 1882 5418">
    <p class='ocr_par' dir='ltr' id='par_1_13' title="bbox 1033 387 1882 5418">
     <span class='ocr_line' id='line_1_58' title="bbox 1052 387 1840 463; baseline 0.01 -14"><span class='ocrx_word' id='word_1_379' title='bbox 1052 389 1198 463; x_wconf 82' lang='lat' dir='ltr'>lamento,</span> <span class='ocrx_word' id='word_1_380' title='bbox 1236 388 1381 459; x_wconf 77' lang='lat' dir='ltr'>Antonius</span> <span class='ocrx_word' id='word_1_381' title='bbox 1417 387 1453 450; x_wconf 89' lang='lat' dir='ltr'>de</span> <span class='ocrx_word' id='word_1_382' title='bbox 1485 387 1585 452; x_wconf 82' lang='lat' dir='ltr'>Facies</span> <span class='ocrx_word' id='word_1_383' title='bbox 1620 391 1840 457; x_wconf 84' lang='lat' dir='ltr'>archidiaconus</span> 
     </span>
     <span class='ocr_line' id='line_1_59' title="bbox 1051 488 1840 565; baseline 0.011 -15"><span class='ocrx_word' id='word_1_384' title='bbox 1051 488 1291 561; x_wconf 66' lang='lat' dir='ltr'>matisconensis,</span> <span class='ocrx_word' id='word_1_385' title='bbox 1307 488 1429 552; x_wconf 41' lang='lat' dir='ltr'>xiosuae</span> <span class='ocrx_word' id='word_1_386' title='bbox 1455 491 1629 565; x_wconf 81' lang='lat' dir='ltr'>brimerci,</span> <span class='ocrx_word' id='word_1_387' title='bbox 1656 493 1782 557; x_wconf 69' lang='lat' dir='ltr'>leam</span> <span class='ocrx_word' id='word_1_388' title='bbox 1810 497 1840 559; x_wconf 87' lang='lat' dir='ltr'>de</span> 
     </span>
     <span class='ocr_line' id='line_1_60' title="bbox 1052 588 1840 662; baseline 0.011 -12"><span class='ocrx_word' id='word_1_389' title='bbox 1052 589 1199 662; x_wconf 83' lang='lat' dir='ltr'>Candida,</span> <span class='ocrx_word' id='word_1_390' title='bbox 1221 589 1267 650; x_wconf 81' lang='lat' dir='ltr'>la.</span> <span class='ocrx_word' id='word_1_391' title='bbox 1290 589 1325 650; x_wconf 90' lang='lat' dir='ltr'>de</span> <span class='ocrx_word' id='word_1_392' title='bbox 1345 588 1460 653; x_wconf 80' lang='lat' dir='ltr'>Lienan.</span> <span class='ocrx_word' id='word_1_393' title='bbox 1482 592 1607 655; x_wconf 87' lang='lat' dir='ltr'>decanus</span> <span class='ocrx_word' id='word_1_394' title='bbox 1629 595 1797 657; x_wconf 89' lang='lat' dir='ltr'>Pisantiuus</span> <span class='ocrx_word' id='word_1_395' title='bbox 1816 611 1840 659; x_wconf 92' lang='lat' dir='ltr'>et</span> 
     </span>
     <span class='ocr_line' id='line_1_61' title="bbox 1052 689 1839 773; baseline 0.013 -23"><span class='ocrx_word' id='word_1_396' title='bbox 1052 689 1224 751; x_wconf 87' lang='lat' dir='ltr'>Gallielmus</span> <span class='ocrx_word' id='word_1_397' title='bbox 1256 690 1386 770; x_wconf 77' lang='lat' dir='ltr'>Bongioe</span> <span class='ocrx_word' id='word_1_398' title='bbox 1419 694 1526 773; x_wconf 77' lang='lat' dir='ltr'>regalis</span> <span class='ocrx_word' id='word_1_399' title='bbox 1562 696 1739 757; x_wconf 85' lang='lat' dir='ltr'>secretarius</span> <span class='ocrx_word' id='word_1_400' title='bbox 1777 715 1839 760; x_wconf 88' lang='lat' dir='ltr'>eum</span> 
     </span>
     <span class='ocr_line' id='line_1_62' title="bbox 1051 789 1839 884; baseline 0.014 -35"><span class='ocrx_word' id='word_1_401' title='bbox 1051 793 1181 868; x_wconf 85' lang='lat' dir='ltr'>peremis</span> <span class='ocrx_word' id='word_1_402' title='bbox 1203 790 1283 850; x_wconf 90' lang='lat' dir='ltr'>cirea</span> <span class='ocrx_word' id='word_1_403' title='bbox 1303 789 1397 865; x_wconf 74' lang='lat' dir='ltr'>did,</span> <span class='ocrx_word' id='word_1_404' title='bbox 1415 793 1466 884; x_wconf 83' lang='lat' dir='ltr'>qpi</span> <span class='ocrx_word' id='word_1_405' title='bbox 1488 813 1506 853; x_wconf 88' lang='lat' dir='ltr'>a</span> <span class='ocrx_word' id='word_1_406' title='bbox 1528 795 1650 858; x_wconf 74' lang='lat' dir='ltr'>familiis·</span> <span class='ocrx_word' id='word_1_407' title='bbox 1669 797 1727 858; x_wconf 82' lang='grc'><strong>88.</strong></span> <span class='ocrx_word' id='word_1_408' title='bbox 1755 798 1792 858; x_wconf 85' lang='grc'>4).</span> <span class='ocrx_word' id='word_1_409' title='bbox 1811 798 1839 861; x_wconf 83' lang='lat' dir='ltr'>ii.</span> 
     </span>
     <span class='ocr_line' id='line_1_63' title="bbox 1051 889 1839 969; baseline 0.018 -21"><span class='ocrx_word' id='word_1_410' title='bbox 1051 889 1168 969; x_wconf 89' lang='lat' dir='ltr'>Papae,</span> <span class='ocrx_word' id='word_1_411' title='bbox 1200 900 1229 951; x_wconf 87' lang='lat' dir='ltr'>et</span> <span class='ocrx_word' id='word_1_412' title='bbox 1262 890 1458 952; x_wconf 75' lang='lat' dir='ltr'>cardinalium</span> <span class='ocrx_word' id='word_1_413' title='bbox 1489 895 1518 954; x_wconf 92' lang='lat' dir='ltr'>in</span> <span class='ocrx_word' id='word_1_414' title='bbox 1546 896 1637 959; x_wconf 79' lang='lat' dir='ltr'>Urbe</span> <span class='ocrx_word' id='word_1_415' title='bbox 1661 899 1839 961; x_wconf 79' lang='lat' dir='ltr'>existentiam</span> 
     </span>
     <span class='ocr_line' id='line_1_64' title="bbox 1050 993 1838 1078; baseline 0.016 -26"><span class='ocrx_word' id='word_1_416' title='bbox 1050 1011 1131 1053; x_wconf 84' lang='lat' dir='ltr'>inore</span> <span class='ocrx_word' id='word_1_417' title='bbox 1142 993 1226 1054; x_wconf 88' lang='lat' dir='ltr'>salita</span> <span class='ocrx_word' id='word_1_418' title='bbox 1248 994 1355 1074; x_wconf 89' lang='lat' dir='ltr'>recepti</span> <span class='ocrx_word' id='word_1_419' title='bbox 1370 994 1499 1072; x_wconf 89' lang='lat' dir='ltr'>luerunt,</span> <span class='ocrx_word' id='word_1_420' title='bbox 1511 1007 1540 1059; x_wconf 88' lang='lat' dir='ltr'>et</span> <span class='ocrx_word' id='word_1_421' title='bbox 1557 1016 1650 1078; x_wconf 89' lang='lat' dir='ltr'>osque</span> <span class='ocrx_word' id='word_1_422' title='bbox 1666 1000 1838 1065; x_wconf 80' lang='lat' dir='ltr'>ad&#39;dornum</span> 
     </span>
     <span class='ocr_line' id='line_1_65' title="bbox 1050 1093 1835 1176; baseline 0.017 -24"><span class='ocrx_word' id='word_1_423' title='bbox 1050 1093 1085 1154; x_wconf 91' lang='lat' dir='ltr'>de</span> <span class='ocrx_word' id='word_1_424' title='bbox 1116 1093 1231 1168; x_wconf 85' lang='lat' dir='ltr'>Flisco,</span> <span class='ocrx_word' id='word_1_425' title='bbox 1263 1094 1292 1155; x_wconf 92' lang='lat' dir='ltr'>in</span> <span class='ocrx_word' id='word_1_426' title='bbox 1328 1115 1385 1174; x_wconf 91' lang='lat' dir='ltr'>qua</span> <span class='ocrx_word' id='word_1_427' title='bbox 1416 1097 1527 1176; x_wconf 89' lang='lat' dir='ltr'>primus</span> <span class='ocrx_word' id='word_1_428' title='bbox 1549 1096 1685 1175; x_wconf 84' lang='lat' dir='ltr'>Orator,</span> <span class='ocrx_word' id='word_1_429' title='bbox 1709 1102 1835 1165; x_wconf 81' lang='lat' dir='ltr'>videlicet</span> 
     </span>
     <span class='ocr_line' id='line_1_66' title="bbox 1050 1195 1838 1276; baseline 0.018 -22"><span class='ocrx_word' id='word_1_430' title='bbox 1050 1195 1227 1275; x_wconf 89' lang='lat' dir='ltr'>episcopus,</span> <span class='ocrx_word' id='word_1_431' title='bbox 1243 1195 1383 1276; x_wconf 85' lang='lat' dir='ltr'>hospitari</span> <span class='ocrx_word' id='word_1_432' title='bbox 1407 1200 1518 1273; x_wconf 84' lang='lat' dir='ltr'>valuit,</span> <span class='ocrx_word' id='word_1_433' title='bbox 1543 1202 1687 1265; x_wconf 83' lang='lat' dir='ltr'>associati.</span> <span class='ocrx_word' id='word_1_434' title='bbox 1707 1203 1838 1267; x_wconf 71' lang='lat' dir='ltr'>ramata</span> 
     </span>
     <span class='ocr_line' id='line_1_67' title="bbox 1052 1292 1837 1374; baseline 0.014 -19"><span class='ocrx_word' id='word_1_435' title='bbox 1052 1292 1213 1355; x_wconf 82' lang='lat' dir='ltr'>Gurdinalis</span> <span class='ocrx_word' id='word_1_436' title='bbox 1235 1295 1266 1357; x_wconf 85' lang='grc'><strong>8.</strong></span> <span class='ocrx_word' id='word_1_437' title='bbox 1288 1296 1368 1358; x_wconf 89' lang='lat' dir='ltr'>Petri</span> <span class='ocrx_word' id='word_1_438' title='bbox 1389 1297 1426 1357; x_wconf 90' lang='lat' dir='ltr'>ad</span> <span class='ocrx_word' id='word_1_439' title='bbox 1445 1299 1583 1374; x_wconf 75' lang='lat' dir='ltr'>Vincula,</span> <span class='ocrx_word' id='word_1_440' title='bbox 1601 1312 1631 1362; x_wconf 89' lang='lat' dir='ltr'>ct</span> <span class='ocrx_word' id='word_1_441' title='bbox 1644 1302 1837 1366; x_wconf 78' lang='lat' dir='ltr'>Beneventani</span> 
     </span>
     <span class='ocr_line' id='line_1_68' title="bbox 1049 1395 1836 1479; baseline 0.013 -22"><span class='ocrx_word' id='word_1_442' title='bbox 1049 1395 1219 1475; x_wconf 88' lang='lat' dir='ltr'>equitarunt</span> <span class='ocrx_word' id='word_1_443' title='bbox 1251 1400 1334 1478; x_wconf 82' lang='lat' dir='ltr'>lange</span> <span class='ocrx_word' id='word_1_444' title='bbox 1356 1400 1433 1461; x_wconf 89' lang='grc'><strong>41444</strong></span> <span class='ocrx_word' id='word_1_445' title='bbox 1464 1412 1590 1462; x_wconf 91' lang='lat' dir='ltr'>mantem</span> <span class='ocrx_word' id='word_1_446' title='bbox 1612 1422 1775 1479; x_wconf 88' lang='lat' dir='ltr'>amarum,</span> <span class='ocrx_word' id='word_1_447' title='bbox 1797 1404 1836 1467; x_wconf 89' lang='lat' dir='ltr'>alii</span> 
     </span>
     <span class='ocr_line' id='line_1_69' title="bbox 1050 1497 1836 1583; baseline 0.013 -25"><span class='ocrx_word' id='word_1_448' title='bbox 1050 1516 1142 1576; x_wconf 89' lang='lat' dir='ltr'>usquc</span> <span class='ocrx_word' id='word_1_449' title='bbox 1158 1497 1200 1558; x_wconf 93' lang='lat' dir='ltr'>ad</span> <span class='ocrx_word' id='word_1_450' title='bbox 1220 1500 1303 1559; x_wconf 88' lang='lat' dir='ltr'>salita</span> <span class='ocrx_word' id='word_1_451' title='bbox 1325 1502 1398 1562; x_wconf 85' lang='lat' dir='ltr'>loca.</span> <span class='ocrx_word' id='word_1_452' title='bbox 1424 1502 1586 1583; x_wconf 85' lang='lat' dir='ltr'>Episcopus</span> <span class='ocrx_word' id='word_1_453' title='bbox 1604 1503 1836 1581; x_wconf 79' lang='lat' dir='ltr'>bamberiensis,</span> 
     </span>
     <span class='ocr_line' id='line_1_70' title="bbox 1046 1596 1835 1681; baseline 0.016 -24"><span class='ocrx_word' id='word_1_454' title='bbox 1046 1601 1161 1677; x_wconf 89' lang='lat' dir='ltr'>primus</span> <span class='ocrx_word' id='word_1_455' title='bbox 1194 1596 1328 1673; x_wconf 91' lang='lat' dir='ltr'>Orator,</span> <span class='ocrx_word' id='word_1_456' title='bbox 1362 1604 1505 1681; x_wconf 82' lang='lat' dir='ltr'>equitavit</span> <span class='ocrx_word' id='word_1_457' title='bbox 1546 1605 1621 1668; x_wconf 88' lang='lat' dir='ltr'>inter</span> <span class='ocrx_word' id='word_1_458' title='bbox 1654 1609 1835 1670; x_wconf 83' lang='lat' dir='ltr'>Franciseon</span> 
     </span>
     <span class='ocr_line' id='line_1_71' title="bbox 1046 1697 1836 1786; baseline 0.013 -26"><span class='ocrx_word' id='word_1_459' title='bbox 1046 1698 1119 1760; x_wconf 87' lang='lat' dir='ltr'>Cibo</span> <span class='ocrx_word' id='word_1_460' title='bbox 1142 1697 1236 1759; x_wconf 86' lang='lat' dir='ltr'>fillum</span> <span class='ocrx_word' id='word_1_461' title='bbox 1256 1698 1352 1780; x_wconf 86' lang='lat' dir='ltr'>Papae</span> <span class='ocrx_word' id='word_1_462' title='bbox 1362 1730 1374 1775; x_wconf 94' lang='lat'>·,</span> <span class='ocrx_word' id='word_1_463' title='bbox 1396 1705 1446 1782; x_wconf 90' lang='lat' dir='ltr'>qui</span> <span class='ocrx_word' id='word_1_464' title='bbox 1471 1706 1512 1766; x_wconf 89' lang='lat' dir='ltr'>sic</span> <span class='ocrx_word' id='word_1_465' title='bbox 1536 1708 1651 1780; x_wconf 81' lang='lat' dir='ltr'>soluit,</span> <span class='ocrx_word' id='word_1_466' title='bbox 1673 1724 1690 1766; x_wconf 91' lang='grc'>4</span> <span class='ocrx_word' id='word_1_467' title='bbox 1725 1708 1836 1786; x_wconf 84' lang='lat' dir='ltr'>dextris,</span> 
     </span>
     <span class='ocr_line' id='line_1_72' title="bbox 1045 1788 1836 1890; baseline 0.016 -31"><span class='ocrx_word' id='word_1_468' title='bbox 1045 1809 1075 1859; x_wconf 92' lang='lat' dir='ltr'>et</span> <span class='ocrx_word' id='word_1_469' title='bbox 1087 1798 1319 1864; x_wconf 86' lang='lat' dir='ltr'>Gubernatorem</span> <span class='ocrx_word' id='word_1_470' title='bbox 1331 1788 1439 1878; x_wconf 62' lang='lat' dir='ltr'>Urbis,</span> <span class='ocrx_word' id='word_1_471' title='bbox 1459 1805 1556 1867; x_wconf 79' lang='grc'><strong>44444</strong></span> <span class='ocrx_word' id='word_1_472' title='bbox 1577 1806 1609 1869; x_wconf 88' lang='grc'><strong>8.</strong></span> <span class='ocrx_word' id='word_1_473' title='bbox 1625 1810 1747 1870; x_wconf 74' lang='lat' dir='ltr'>Antonii</span> <span class='ocrx_word' id='word_1_474' title='bbox 1761 1808 1773 1890; x_wconf 84' lang='grc'><strong>(</strong></span> <span class='ocrx_word' id='word_1_475' title='bbox 1780 1830 1836 1872; x_wconf 87' lang='lat' dir='ltr'>cum</span> 
     </span>
     <span class='ocr_line' id='line_1_73' title="bbox 1046 1904 1834 1990; baseline 0.016 -30"><span class='ocrx_word' id='word_1_476' title='bbox 1046 1918 1105 1979; x_wconf 89' lang='lat' dir='ltr'>qua</span> <span class='ocrx_word' id='word_1_477' title='bbox 1125 1919 1211 1982; x_wconf 83' lang='lat' dir='ltr'>super</span> <span class='ocrx_word' id='word_1_478' title='bbox 1233 1904 1432 1982; x_wconf 86' lang='lat' dir='ltr'>praecedentia</span> <span class='ocrx_word' id='word_1_479' title='bbox 1455 1908 1645 1970; x_wconf 88' lang='lat' dir='ltr'>contendebat</span> <span class='ocrx_word' id='word_1_480' title='bbox 1671 1911 1758 1990; x_wconf 90' lang='lat' dir='ltr'>prior</span> <span class='ocrx_word' id='word_1_481' title='bbox 1788 1913 1834 1973; x_wconf 78' lang='lat' dir='ltr'>ll·</span> 
     </span>
     <span class='ocr_line' id='line_1_74' title="bbox 1045 2003 1835 2089; baseline 0.016 -28"><span class='ocrx_word' id='word_1_482' title='bbox 1045 2003 1181 2083; x_wconf 82' lang='lat' dir='ltr'>verulae,</span> <span class='ocrx_word' id='word_1_483' title='bbox 1203 2023 1258 2083; x_wconf 91' lang='lat' dir='ltr'>pro</span> <span class='ocrx_word' id='word_1_484' title='bbox 1279 2023 1314 2066; x_wconf 91' lang='lat' dir='ltr'>eo</span> <span class='ocrx_word' id='word_1_485' title='bbox 1337 2007 1415 2083; x_wconf 94' lang='lat' dir='ltr'>quod</span> <span class='ocrx_word' id='word_1_486' title='bbox 1434 2018 1463 2068; x_wconf 90' lang='lat' dir='ltr'>et</span> <span class='ocrx_word' id='word_1_487' title='bbox 1487 2009 1548 2089; x_wconf 90' lang='lat' dir='ltr'>ipse</span> <span class='ocrx_word' id='word_1_488' title='bbox 1573 2009 1661 2072; x_wconf 88' lang='lat' dir='ltr'>Prior</span> <span class='ocrx_word' id='word_1_489' title='bbox 1684 2012 1794 2073; x_wconf 82' lang='lat' dir='ltr'>lecerat</span> <span class='ocrx_word' id='word_1_490' title='bbox 1810 2032 1835 2074; x_wconf 84' lang='lat' dir='ltr'>se</span> 
     </span>
     <span class='ocr_line' id='line_1_75' title="bbox 1045 2101 1834 2196; baseline 0.016 -33"><span class='ocrx_word' id='word_1_491' title='bbox 1045 2101 1075 2164; x_wconf 91' lang='lat' dir='ltr'>ln</span> <span class='ocrx_word' id='word_1_492' title='bbox 1105 2105 1196 2166; x_wconf 91' lang='lat' dir='ltr'>literis</span> <span class='ocrx_word' id='word_1_493' title='bbox 1218 2106 1363 2185; x_wconf 81' lang='lat' dir='ltr'>regalibus</span> <span class='ocrx_word' id='word_1_494' title='bbox 1382 2109 1435 2187; x_wconf 88' lang='lat' dir='ltr'>ipsi</span> <span class='ocrx_word' id='word_1_495' title='bbox 1456 2110 1555 2173; x_wconf 88' lang='lat' dir='ltr'>abbati</span> <span class='ocrx_word' id='word_1_496' title='bbox 1576 2113 1718 2191; x_wconf 90' lang='lat' dir='ltr'>praeponi</span> <span class='ocrx_word' id='word_1_497' title='bbox 1732 2111 1742 2196; x_wconf 81' lang='lat' dir='ltr'>J</span> <span class='ocrx_word' id='word_1_498' title='bbox 1755 2116 1834 2192; x_wconf 90' lang='lat' dir='ltr'>equi·</span> 
     </span>
     <span class='ocr_line' id='line_1_76' title="bbox 1046 2208 1834 2288; baseline 0.01 -21"><span class='ocrx_word' id='word_1_499' title='bbox 1046 2208 1117 2267; x_wconf 83' lang='lat' dir='ltr'>tavit</span> <span class='ocrx_word' id='word_1_500' title='bbox 1149 2208 1222 2267; x_wconf 89' lang='lat' dir='ltr'>inter</span> <span class='ocrx_word' id='word_1_501' title='bbox 1255 2210 1349 2288; x_wconf 89' lang='lat' dir='ltr'>ipsum</span> <span class='ocrx_word' id='word_1_502' title='bbox 1369 2209 1503 2274; x_wconf 87' lang='lat' dir='ltr'>Priorem</span> <span class='ocrx_word' id='word_1_503' title='bbox 1529 2230 1547 2272; x_wconf 93' lang='lat' dir='ltr'>a</span> <span class='ocrx_word' id='word_1_504' title='bbox 1570 2211 1704 2286; x_wconf 81' lang='lat' dir='ltr'>destris,</span> <span class='ocrx_word' id='word_1_505' title='bbox 1735 2226 1764 2274; x_wconf 89' lang='lat' dir='ltr'>et</span> <span class='ocrx_word' id='word_1_506' title='bbox 1788 2234 1834 2275; x_wconf 87' lang='lat' dir='ltr'>ar·</span> 
     </span>
     <span class='ocr_line' id='line_1_77' title="bbox 1045 2298 1829 2392; baseline 0.013 -25"><span class='ocrx_word' id='word_1_507' title='bbox 1045 2298 1264 2388; x_wconf 84' lang='lat' dir='ltr'>ebiepiscapum</span> <span class='ocrx_word' id='word_1_508' title='bbox 1286 2311 1484 2372; x_wconf 76' lang='lat' dir='ltr'>Arelatensem</span> <span class='ocrx_word' id='word_1_509' title='bbox 1503 2330 1521 2372; x_wconf 91' lang='lat' dir='ltr'>a</span> <span class='ocrx_word' id='word_1_510' title='bbox 1542 2313 1685 2387; x_wconf 84' lang='lat' dir='ltr'>sinistris;</span> <span class='ocrx_word' id='word_1_511' title='bbox 1717 2327 1829 2392; x_wconf 91' lang='lat' dir='ltr'>quartus</span> 
     </span>
     <span class='ocr_line' id='line_1_78' title="bbox 1045 2403 1832 2498; baseline 0.013 -30"><span class='ocrx_word' id='word_1_512' title='bbox 1045 2405 1154 2469; x_wconf 90' lang='lat' dir='ltr'>Orator</span> <span class='ocrx_word' id='word_1_513' title='bbox 1173 2410 1249 2470; x_wconf 87' lang='lat' dir='ltr'>inter</span> <span class='ocrx_word' id='word_1_514' title='bbox 1283 2412 1406 2472; x_wconf 88' lang='lat' dir='ltr'>eiectam</span> <span class='ocrx_word' id='word_1_515' title='bbox 1441 2403 1610 2476; x_wconf 77' lang='lat' dir='ltr'>Thebanum</span> <span class='ocrx_word' id='word_1_516' title='bbox 1643 2427 1672 2476; x_wconf 84' lang='lat' dir='ltr'>et</span> <span class='ocrx_word' id='word_1_517' title='bbox 1704 2417 1832 2498; x_wconf 76' lang='lat' dir='ltr'>Andaga·</span> 
     </span>
     <span class='ocr_line' id='line_1_79' title="bbox 1045 2511 1829 2596; baseline 0.019 -29"><span class='ocrx_word' id='word_1_518' title='bbox 1045 2528 1196 2571; x_wconf 89' lang='lat' dir='ltr'>rensema</span> <span class='ocrx_word' id='word_1_519' title='bbox 1226 2511 1332 2572; x_wconf 81' lang='lat' dir='ltr'>dextris</span> <span class='ocrx_word' id='word_1_520' title='bbox 1359 2522 1390 2573; x_wconf 89' lang='lat' dir='ltr'>et</span> <span class='ocrx_word' id='word_1_521' title='bbox 1410 2513 1663 2596; x_wconf 85' lang='lat' dir='ltr'>archiepiscopum</span> <span class='ocrx_word' id='word_1_522' title='bbox 1694 2518 1829 2581; x_wconf 87' lang='lat' dir='ltr'>Constan-</span> 
     </span>
     <span class='ocr_line' id='line_1_80' title="bbox 1045 2607 1833 2700; baseline 0.014 -29"><span class='ocrx_word' id='word_1_523' title='bbox 1045 2613 1162 2672; x_wconf 87' lang='lat' dir='ltr'>tiensem</span> <span class='ocrx_word' id='word_1_524' title='bbox 1182 2607 1342 2681; x_wconf 82' lang='lat' dir='ltr'>Oratorem</span> <span class='ocrx_word' id='word_1_525' title='bbox 1362 2614 1544 2694; x_wconf 87' lang='lat' dir='ltr'>imperialem</span> <span class='ocrx_word' id='word_1_526' title='bbox 1562 2636 1580 2683; x_wconf 91' lang='grc'>4</span> <span class='ocrx_word' id='word_1_527' title='bbox 1595 2618 1722 2681; x_wconf 86' lang='lat' dir='ltr'>sinistris</span> <span class='ocrx_word' id='word_1_528' title='bbox 1735 2640 1744 2681; x_wconf 78' lang='lat' dir='ltr'>s</span> <span class='ocrx_word' id='word_1_529' title='bbox 1756 2623 1833 2700; x_wconf 89' lang='lat' dir='ltr'>qnin-</span> 
     </span>
     <span class='ocr_line' id='line_1_81' title="bbox 1045 2713 1832 2798; baseline 0.014 -25"><span class='ocrx_word' id='word_1_530' title='bbox 1045 2723 1112 2785; x_wconf 88' lang='lat' dir='ltr'>tus,</span> <span class='ocrx_word' id='word_1_531' title='bbox 1128 2713 1203 2774; x_wconf 90' lang='lat' dir='ltr'>inter</span> <span class='ocrx_word' id='word_1_532' title='bbox 1225 2714 1482 2796; x_wconf 76' lang='lat' dir='ltr'>archiepiscopum</span> <span class='ocrx_word' id='word_1_533' title='bbox 1503 2717 1687 2798; x_wconf 74' lang='lat' dir='ltr'>Ragusinum</span> <span class='ocrx_word' id='word_1_534' title='bbox 1704 2740 1722 2780; x_wconf 91' lang='lat' dir='ltr'>a</span> <span class='ocrx_word' id='word_1_535' title='bbox 1737 2723 1832 2783; x_wconf 82' lang='lat' dir='ltr'>destris</span> 
     </span>
     <span class='ocr_line' id='line_1_82' title="bbox 1043 2813 1828 2902; baseline 0.015 -30"><span class='ocrx_word' id='word_1_536' title='bbox 1043 2823 1071 2873; x_wconf 89' lang='lat' dir='ltr'>et</span> <span class='ocrx_word' id='word_1_537' title='bbox 1094 2813 1260 2895; x_wconf 90' lang='lat' dir='ltr'>episcopum</span> <span class='ocrx_word' id='word_1_538' title='bbox 1282 2813 1462 2892; x_wconf 85' lang='lat' dir='ltr'>Pacensem,</span> <span class='ocrx_word' id='word_1_539' title='bbox 1495 2817 1653 2881; x_wconf 90' lang='lat' dir='ltr'>Oratorem</span> <span class='ocrx_word' id='word_1_540' title='bbox 1677 2821 1756 2902; x_wconf 81' lang='lat' dir='ltr'>regis</span> <span class='ocrx_word' id='word_1_541' title='bbox 1780 2821 1828 2883; x_wconf 85' lang='lat' dir='ltr'>ill·</span> 
     </span>
     <span class='ocr_line' id='line_1_83' title="bbox 1044 2914 1831 3002; baseline 0.015 -31"><span class='ocrx_word' id='word_1_542' title='bbox 1044 2914 1167 2992; x_wconf 90' lang='lat' dir='ltr'>spaniae,</span> <span class='ocrx_word' id='word_1_543' title='bbox 1185 2933 1202 2973; x_wconf 91' lang='grc'>4</span> <span class='ocrx_word' id='word_1_544' title='bbox 1218 2914 1351 3002; x_wconf 80' lang='lat' dir='ltr'>sinistris3</span> <span class='ocrx_word' id='word_1_545' title='bbox 1364 2929 1459 2979; x_wconf 79' lang='lat' dir='ltr'>sentus</span> <span class='ocrx_word' id='word_1_546' title='bbox 1478 2920 1552 2979; x_wconf 88' lang='lat' dir='ltr'>inter</span> <span class='ocrx_word' id='word_1_547' title='bbox 1568 2919 1739 3002; x_wconf 85' lang='lat' dir='ltr'>episcopum</span> <span class='ocrx_word' id='word_1_548' title='bbox 1752 2922 1831 2983; x_wconf 77' lang='lat' dir='ltr'>Asta·</span> 
     </span>
     <span class='ocr_line' id='line_1_84' title="bbox 1043 3015 1831 3104; baseline 0.01 -29"><span class='ocrx_word' id='word_1_549' title='bbox 1043 3015 1213 3076; x_wconf 85' lang='lat' dir='ltr'>ricenscma</span> <span class='ocrx_word' id='word_1_550' title='bbox 1228 3016 1354 3090; x_wconf 85' lang='lat' dir='ltr'>dextris,</span> <span class='ocrx_word' id='word_1_551' title='bbox 1369 3029 1399 3079; x_wconf 90' lang='lat' dir='ltr'>et</span> <span class='ocrx_word' id='word_1_552' title='bbox 1415 3017 1571 3081; x_wconf 89' lang='lat' dir='ltr'>Oratorem</span> <span class='ocrx_word' id='word_1_553' title='bbox 1587 3021 1675 3101; x_wconf 74' lang='lat' dir='ltr'>Regis</span> <span class='ocrx_word' id='word_1_554' title='bbox 1688 3023 1831 3104; x_wconf 87' lang='lat' dir='ltr'>Hispaniae</span> 
     </span>
     <span class='ocr_line' id='line_1_85' title="bbox 1043 3116 1830 3202; baseline 0.017 -28"><span class='ocrx_word' id='word_1_555' title='bbox 1043 3116 1215 3191; x_wconf 88' lang='lat' dir='ltr'>asinislris;</span> <span class='ocrx_word' id='word_1_556' title='bbox 1235 3118 1382 3197; x_wconf 90' lang='lat' dir='ltr'>septimus,</span> <span class='ocrx_word' id='word_1_557' title='bbox 1394 3120 1468 3180; x_wconf 89' lang='lat' dir='ltr'>inter</span> <span class='ocrx_word' id='word_1_558' title='bbox 1487 3122 1651 3202; x_wconf 85' lang='lat' dir='ltr'>episcopum</span> <span class='ocrx_word' id='word_1_559' title='bbox 1675 3123 1830 3186; x_wconf 78' lang='lat' dir='ltr'>cartonen·</span> 
     </span>
     <span class='ocr_line' id='line_1_86' title="bbox 1043 3216 1830 3290; baseline 0.011 -14"><span class='ocrx_word' id='word_1_560' title='bbox 1043 3234 1103 3277; x_wconf 86' lang='lat' dir='ltr'>sem</span> <span class='ocrx_word' id='word_1_561' title='bbox 1129 3217 1296 3290; x_wconf 73' lang='lat' dir='ltr'>adramis,</span> <span class='ocrx_word' id='word_1_562' title='bbox 1334 3228 1363 3278; x_wconf 90' lang='lat' dir='ltr'>et</span> <span class='ocrx_word' id='word_1_563' title='bbox 1398 3216 1560 3281; x_wconf 87' lang='lat' dir='ltr'>Oratorem</span> <span class='ocrx_word' id='word_1_564' title='bbox 1598 3222 1783 3286; x_wconf 74' lang='lat' dir='ltr'>venetiarum</span> <span class='ocrx_word' id='word_1_565' title='bbox 1817 3245 1830 3285; x_wconf 92' lang='lat' dir='ltr'>a</span> 
     </span>
     <span class='ocr_line' id='line_1_87' title="bbox 1042 3316 1830 3402; baseline 0.013 -26"><span class='ocrx_word' id='word_1_566' title='bbox 1042 3316 1184 3391; x_wconf 83' lang='lat' dir='ltr'>sinistris3</span> <span class='ocrx_word' id='word_1_567' title='bbox 1207 3328 1328 3379; x_wconf 88' lang='lat' dir='ltr'>octavus</span> <span class='ocrx_word' id='word_1_568' title='bbox 1359 3320 1433 3380; x_wconf 90' lang='lat' dir='ltr'>inter</span> <span class='ocrx_word' id='word_1_569' title='bbox 1466 3324 1632 3402; x_wconf 89' lang='lat' dir='ltr'>episcopum</span> <span class='ocrx_word' id='word_1_570' title='bbox 1669 3324 1830 3386; x_wconf 83' lang='lat' dir='ltr'>Volaterra-</span> 
     </span>
     <span class='ocr_line' id='line_1_88' title="bbox 1044 3419 1828 3502; baseline 0.015 -24"><span class='ocrx_word' id='word_1_571' title='bbox 1044 3436 1160 3480; x_wconf 88' lang='lat' dir='ltr'>nensem</span> <span class='ocrx_word' id='word_1_572' title='bbox 1179 3437 1195 3477; x_wconf 90' lang='grc'>4</span> <span class='ocrx_word' id='word_1_573' title='bbox 1217 3419 1347 3494; x_wconf 76' lang='lat' dir='ltr'>dextris,</span> <span class='ocrx_word' id='word_1_574' title='bbox 1368 3432 1399 3482; x_wconf 89' lang='lat' dir='ltr'>et</span> <span class='ocrx_word' id='word_1_575' title='bbox 1426 3425 1593 3502; x_wconf 87' lang='lat' dir='ltr'>episcopum</span> <span class='ocrx_word' id='word_1_576' title='bbox 1623 3424 1828 3489; x_wconf 81' lang='lat' dir='ltr'>Terdooenserr</span> 
     </span>
     <span class='ocr_line' id='line_1_89' title="bbox 1042 3517 1828 3589; baseline 0.014 -11"><span class='ocrx_word' id='word_1_577' title='bbox 1042 3517 1198 3580; x_wconf 86' lang='lat' dir='ltr'>Oratorem</span> <span class='ocrx_word' id='word_1_578' title='bbox 1213 3518 1295 3580; x_wconf 92' lang='lat' dir='ltr'>ducis</span> <span class='ocrx_word' id='word_1_579' title='bbox 1316 3520 1466 3583; x_wconf 83' lang='lat' dir='ltr'>blediolani</span> <span class='ocrx_word' id='word_1_580' title='bbox 1484 3526 1650 3585; x_wconf 85' lang='lat' dir='ltr'>asinistris:</span> <span class='ocrx_word' id='word_1_581' title='bbox 1673 3545 1768 3589; x_wconf 90' lang='lat' dir='ltr'>nanus</span> <span class='ocrx_word' id='word_1_582' title='bbox 1788 3530 1828 3588; x_wconf 93' lang='lat' dir='ltr'>in·</span> 
     </span>
     <span class='ocr_line' id='line_1_90' title="bbox 1041 3621 1828 3705; baseline 0.023 -28"><span class='ocrx_word' id='word_1_583' title='bbox 1041 3628 1086 3681; x_wconf 92' lang='lat' dir='ltr'>ter</span> <span class='ocrx_word' id='word_1_584' title='bbox 1107 3622 1273 3701; x_wconf 90' lang='lat' dir='ltr'>episcopum</span> <span class='ocrx_word' id='word_1_585' title='bbox 1296 3621 1477 3686; x_wconf 81' lang='lat' dir='ltr'>serviensem</span> <span class='ocrx_word' id='word_1_586' title='bbox 1497 3647 1514 3686; x_wconf 94' lang='grc'>4</span> <span class='ocrx_word' id='word_1_587' title='bbox 1537 3627 1642 3690; x_wconf 77' lang='lat' dir='ltr'>destris</span> <span class='ocrx_word' id='word_1_588' title='bbox 1655 3675 1666 3705; x_wconf 94' lang='lat'>,</span> <span class='ocrx_word' id='word_1_589' title='bbox 1681 3642 1711 3702; x_wconf 88' lang='lat' dir='ltr'>et</span> <span class='ocrx_word' id='word_1_590' title='bbox 1726 3630 1828 3694; x_wconf 88' lang='lat' dir='ltr'>Orata·</span> 
     </span>
     <span class='ocr_line' id='line_1_91' title="bbox 1041 3724 1825 3812; baseline 0.014 -30"><span class='ocrx_word' id='word_1_591' title='bbox 1041 3741 1104 3783; x_wconf 89' lang='lat' dir='ltr'>rem</span> <span class='ocrx_word' id='word_1_592' title='bbox 1125 3724 1327 3785; x_wconf 86' lang='lat' dir='ltr'>Florentinum</span> <span class='ocrx_word' id='word_1_593' title='bbox 1358 3745 1375 3786; x_wconf 92' lang='lat' dir='ltr'>a</span> <span class='ocrx_word' id='word_1_594' title='bbox 1398 3728 1530 3789; x_wconf 86' lang='lat' dir='ltr'>sinistris.</span> <span class='ocrx_word' id='word_1_595' title='bbox 1559 3730 1619 3791; x_wconf 84' lang='lat' dir='ltr'>llas</span> <span class='ocrx_word' id='word_1_596' title='bbox 1641 3733 1825 3812; x_wconf 83' lang='lat' dir='ltr'>sequebantur</span> 
     </span>
     <span class='ocr_line' id='line_1_92' title="bbox 1041 3825 1824 3904; baseline 0.013 -22"><span class='ocrx_word' id='word_1_597' title='bbox 1041 3825 1088 3883; x_wconf 93' lang='lat' dir='ltr'>olii</span> <span class='ocrx_word' id='word_1_598' title='bbox 1110 3825 1130 3885; x_wconf 87' lang='lat'>8</span> <span class='ocrx_word' id='word_1_599' title='bbox 1151 3826 1272 3904; x_wconf 89' lang='lat' dir='ltr'>praelati</span> <span class='ocrx_word' id='word_1_600' title='bbox 1294 3825 1354 3886; x_wconf 91' lang='lat' dir='ltr'>bini</span> <span class='ocrx_word' id='word_1_601' title='bbox 1372 3838 1402 3888; x_wconf 90' lang='lat' dir='ltr'>et</span> <span class='ocrx_word' id='word_1_602' title='bbox 1423 3828 1503 3900; x_wconf 91' lang='lat' dir='ltr'>bini,</span> <span class='ocrx_word' id='word_1_603' title='bbox 1528 3829 1628 3891; x_wconf 87' lang='lat' dir='ltr'>deinde</span> <span class='ocrx_word' id='word_1_604' title='bbox 1662 3834 1824 3895; x_wconf 88' lang='lat' dir='ltr'>cubicularii</span> 
     </span>
     <span class='ocr_line' id='line_1_93' title="bbox 1040 3925 1824 4015; baseline 0.01 -29"><span class='ocrx_word' id='word_1_605' title='bbox 1040 3935 1069 3986; x_wconf 86' lang='lat' dir='ltr'>ct</span> <span class='ocrx_word' id='word_1_606' title='bbox 1091 3926 1138 3986; x_wconf 92' lang='lat' dir='ltr'>alii</span> <span class='ocrx_word' id='word_1_607' title='bbox 1171 3927 1252 3988; x_wconf 81' lang='lat' dir='ltr'>mare</span> <span class='ocrx_word' id='word_1_608' title='bbox 1282 3929 1388 4000; x_wconf 89' lang='lat' dir='ltr'>salita,</span> <span class='ocrx_word' id='word_1_609' title='bbox 1410 3940 1440 3989; x_wconf 91' lang='lat' dir='ltr'>et</span> <span class='ocrx_word' id='word_1_610' title='bbox 1461 3925 1538 3990; x_wconf 71' lang='lat' dir='ltr'>curn¹</span> <span class='ocrx_word' id='word_1_611' title='bbox 1557 3931 1672 3992; x_wconf 87' lang='lat' dir='ltr'>ultimis</span> <span class='ocrx_word' id='word_1_612' title='bbox 1701 3935 1824 4015; x_wconf 88' lang='lat' dir='ltr'>praelatis</span> 
     </span>
     <span class='ocr_line' id='line_1_94' title="bbox 1040 4025 1823 4104; baseline 0.014 -20"><span class='ocrx_word' id='word_1_613' title='bbox 1040 4025 1141 4085; x_wconf 86' lang='lat' dir='ltr'>Palatii</span> <span class='ocrx_word' id='word_1_614' title='bbox 1156 4026 1322 4104; x_wconf 90' lang='lat' dir='ltr'>equitarunt</span> <span class='ocrx_word' id='word_1_615' title='bbox 1340 4026 1375 4088; x_wconf 88' lang='lat' dir='ltr'>D.</span> <span class='ocrx_word' id='word_1_616' title='bbox 1392 4028 1536 4091; x_wconf 82' lang='lat' dir='ltr'>biattbeus</span> <span class='ocrx_word' id='word_1_617' title='bbox 1554 4031 1626 4093; x_wconf 87' lang='lat' dir='ltr'>Ciba</span> <span class='ocrx_word' id='word_1_618' title='bbox 1643 4034 1823 4097; x_wconf 87' lang='lat' dir='ltr'>subdiaconus</span> 
     </span>
     <span class='ocr_line' id='line_1_95' title="bbox 1038 4130 1822 4214; baseline 0.018 -27"><span class='ocrx_word' id='word_1_619' title='bbox 1038 4130 1213 4207; x_wconf 86' lang='lat' dir='ltr'>apostolicus</span> <span class='ocrx_word' id='word_1_620' title='bbox 1248 4147 1335 4208; x_wconf 87' lang='lat' dir='ltr'>nepas</span> <span class='ocrx_word' id='word_1_621' title='bbox 1367 4131 1482 4211; x_wconf 89' lang='lat' dir='ltr'>Papae,</span> <span class='ocrx_word' id='word_1_622' title='bbox 1517 4143 1631 4214; x_wconf 87' lang='lat' dir='ltr'>praeter</span> <span class='ocrx_word' id='word_1_623' title='bbox 1657 4140 1822 4200; x_wconf 76' lang='lat' dir='ltr'>voluntalem</span> 
     </span>
     <span class='ocr_line' id='line_1_96' title="bbox 1039 4233 1692 4303; baseline 0.012 -12"><span class='ocrx_word' id='word_1_624' title='bbox 1039 4247 1156 4303; x_wconf 82' lang='grc'><strong>444444,</strong></span> <span class='ocrx_word' id='word_1_625' title='bbox 1178 4248 1234 4290; x_wconf 94' lang='lat' dir='ltr'>nan</span> <span class='ocrx_word' id='word_1_626' title='bbox 1255 4233 1317 4292; x_wconf 76' lang='lat' dir='ltr'>sinc·</span> <span class='ocrx_word' id='word_1_627' title='bbox 1337 4234 1498 4293; x_wconf 90' lang='lat' dir='ltr'>multorom</span> <span class='ocrx_word' id='word_1_628' title='bbox 1521 4235 1692 4299; x_wconf 86' lang='lat' dir='ltr'>collusione.</span> 
     </span>
     <span class='ocr_line' id='line_1_97' title="bbox 1081 4329 1821 4411; baseline 0.007 -21"><span class='ocrx_word' id='word_1_629' title='bbox 1081 4329 1226 4403; x_wconf 90' lang='grc'><strong>8444444,</strong></span> <span class='ocrx_word' id='word_1_630' title='bbox 1246 4330 1414 4392; x_wconf 88' lang='lat' dir='ltr'>duodecima</span> <span class='ocrx_word' id='word_1_631' title='bbox 1437 4336 1626 4411; x_wconf 86' lang='lat' dir='ltr'>novembris,</span> <span class='ocrx_word' id='word_1_632' title='bbox 1649 4339 1679 4397; x_wconf 91' lang='lat' dir='ltr'>in</span> <span class='ocrx_word' id='word_1_633' title='bbox 1713 4336 1821 4400; x_wconf 84' lang='lat' dir='ltr'>ecclesia</span> 
     </span>
     <span class='ocr_line' id='line_1_98' title="bbox 1039 4426 1820 4517; baseline 0.01 -29"><span class='ocrx_word' id='word_1_634' title='bbox 1039 4426 1163 4491; x_wconf 85' lang='lat' dir='ltr'>Sanctae</span> <span class='ocrx_word' id='word_1_635' title='bbox 1184 4428 1322 4492; x_wconf 82' lang='lat' dir='ltr'>Praxedis</span> <span class='ocrx_word' id='word_1_636' title='bbox 1353 4432 1412 4494; x_wconf 86' lang='lat' dir='ltr'>luit</span> <span class='ocrx_word' id='word_1_637' title='bbox 1434 4435 1535 4495; x_wconf 91' lang='lat' dir='ltr'>ultima</span> <span class='ocrx_word' id='word_1_638' title='bbox 1556 4435 1617 4498; x_wconf 89' lang='lat' dir='ltr'>dies</span> <span class='ocrx_word' id='word_1_639' title='bbox 1641 4440 1820 4517; x_wconf 79' lang='lat' dir='ltr'>exequiarum</span> 
     </span>
     <span class='ocr_line' id='line_1_99' title="bbox 1038 4530 1875 4617; baseline 0.008 -28"><span class='ocrx_word' id='word_1_640' title='bbox 1038 4530 1128 4592; x_wconf 88' lang='lat' dir='ltr'>bonae</span> <span class='ocrx_word' id='word_1_641' title='bbox 1151 4531 1305 4592; x_wconf 87' lang='lat' dir='ltr'>memoriae</span> <span class='ocrx_word' id='word_1_642' title='bbox 1330 4532 1490 4596; x_wconf 86' lang='lat' dir='ltr'>Cardiualis</span> <span class='ocrx_word' id='word_1_643' title='bbox 1515 4537 1742 4617; x_wconf 59' lang='lat' dir='ltr'>studegavensis.</span> <span class='ocrx_word' id='word_1_644' title='bbox 1770 4537 1821 4597; x_wconf 87' lang='lat' dir='ltr'>iis·</span> <span class='ocrx_word' id='word_1_645' title='bbox 1874 4552 1875 4556; x_wconf 73' lang='grc'>’</span> 
     </span>
     <span class='ocr_line' id='line_1_100' title="bbox 1039 4629 1882 4717; baseline 0.005 -27"><span class='ocrx_word' id='word_1_646' title='bbox 1039 4629 1261 4692; x_wconf 86' lang='lat' dir='ltr'>vei·endissimus</span> <span class='ocrx_word' id='word_1_647' title='bbox 1274 4631 1414 4692; x_wconf 90' lang='lat' dir='ltr'>Dominus</span> <span class='ocrx_word' id='word_1_648' title='bbox 1431 4633 1595 4697; x_wconf 83' lang='lat' dir='ltr'>Cardinalis</span> <span class='ocrx_word' id='word_1_649' title='bbox 1613 4637 1821 4698; x_wconf 83' lang='lat' dir='ltr'>Beneventanus</span> <span class='ocrx_word' id='word_1_650' title='bbox 1881 4712 1882 4717; x_wconf 8' lang='grc' dir='ltr'>ἵ</span> 
     </span>
     <span class='ocr_line' id='line_1_101' title="bbox 1038 4729 1879 4817; baseline 0.01 -28"><span class='ocrx_word' id='word_1_651' title='bbox 1038 4730 1196 4791; x_wconf 89' lang='lat' dir='ltr'>celebravit</span> <span class='ocrx_word' id='word_1_652' title='bbox 1216 4729 1332 4791; x_wconf 88' lang='lat' dir='ltr'>blissam</span> <span class='ocrx_word' id='word_1_653' title='bbox 1355 4733 1500 4812; x_wconf 90' lang='lat' dir='ltr'>publicam</span> <span class='ocrx_word' id='word_1_654' title='bbox 1519 4746 1625 4817; x_wconf 89' lang='lat' dir='ltr'>etpost</span> <span class='ocrx_word' id='word_1_655' title='bbox 1647 4756 1712 4798; x_wconf 90' lang='lat' dir='ltr'>eom</span> <span class='ocrx_word' id='word_1_656' title='bbox 1735 4738 1820 4798; x_wconf 87' lang='lat' dir='ltr'>absol·</span> <span class='ocrx_word' id='word_1_657' title='bbox 1878 4802 1879 4805; x_wconf 48' lang='lat'>,</span> 
     </span>
     <span class='ocr_line' id='line_1_102' title="bbox 1037 4831 1820 4917; baseline 0.01 -26"><span class='ocrx_word' id='word_1_658' title='bbox 1037 4831 1100 4905; x_wconf 86' lang='lat' dir='ltr'>rit,</span> <span class='ocrx_word' id='word_1_659' title='bbox 1120 4842 1149 4892; x_wconf 92' lang='lat' dir='ltr'>et</span> <span class='ocrx_word' id='word_1_660' title='bbox 1170 4850 1239 4902; x_wconf 90' lang='lat' dir='ltr'>cum</span> <span class='ocrx_word' id='word_1_661' title='bbox 1261 4852 1295 4894; x_wconf 89' lang='lat' dir='ltr'>ea</span> <span class='ocrx_word' id='word_1_662' title='bbox 1318 4831 1391 4895; x_wconf 81' lang='lat' dir='ltr'>Der.</span> <span class='ocrx_word' id='word_1_663' title='bbox 1412 4834 1526 4896; x_wconf 80' lang='lat' dir='ltr'>Domini</span> <span class='ocrx_word' id='word_1_664' title='bbox 1547 4837 1717 4917; x_wconf 87' lang='lat' dir='ltr'>Cardinales</span> <span class='ocrx_word' id='word_1_665' title='bbox 1746 4839 1820 4901; x_wconf 86' lang='lat' dir='ltr'>Vice-</span> 
     </span>
     <span class='ocr_line' id='line_1_103' title="bbox 1036 4932 1819 5019; baseline 0.006 -26"><span class='ocrx_word' id='word_1_666' title='bbox 1036 4934 1228 4994; x_wconf 88' lang='lat' dir='ltr'>cancellorius</span> <span class='ocrx_word' id='word_1_667' title='bbox 1245 4944 1275 4995; x_wconf 92' lang='lat' dir='ltr'>ct</span> <span class='ocrx_word' id='word_1_668' title='bbox 1289 4932 1490 4997; x_wconf 82' lang='lat' dir='ltr'>Ulixbonensis</span> <span class='ocrx_word' id='word_1_669' title='bbox 1507 4936 1655 5019; x_wconf 86' lang='lat' dir='ltr'>Episcopi,</span> <span class='ocrx_word' id='word_1_670' title='bbox 1670 4959 1706 5002; x_wconf 91' lang='lat' dir='ltr'>ac</span> <span class='ocrx_word' id='word_1_671' title='bbox 1729 4939 1819 5002; x_wconf 83' lang='lat' dir='ltr'>Sancti</span> 
     </span>
     <span class='ocr_line' id='line_1_104' title="bbox 1034 5032 1820 5116; baseline 0.008 -22"><span class='ocrx_word' id='word_1_672' title='bbox 1034 5032 1187 5096; x_wconf 88' lang='lat' dir='ltr'>Clementis</span> <span class='ocrx_word' id='word_1_673' title='bbox 1219 5035 1370 5116; x_wconf 73' lang='lat' dir='ltr'>presbyter</span> <span class='ocrx_word' id='word_1_674' title='bbox 1388 5036 1549 5100; x_wconf 82' lang='lat' dir='ltr'>cardinalis</span> <span class='ocrx_word' id='word_1_675' title='bbox 1559 5060 1570 5113; x_wconf 70' lang='grc' dir='ltr'><strong><em>ς</em></strong></span> <span class='ocrx_word' id='word_1_676' title='bbox 1589 5042 1761 5104; x_wconf 86' lang='lat' dir='ltr'>assistebant</span> <span class='ocrx_word' id='word_1_677' title='bbox 1775 5040 1820 5102; x_wconf 84' lang='grc'>44·</span> 
     </span>
     <span class='ocr_line' id='line_1_105' title="bbox 1034 5130 1819 5217; baseline 0.004 -19"><span class='ocrx_word' id='word_1_678' title='bbox 1034 5138 1167 5210; x_wconf 89' lang='lat' dir='ltr'>nuensis,</span> <span class='ocrx_word' id='word_1_679' title='bbox 1191 5136 1224 5198; x_wconf 92' lang='lat' dir='ltr'>dc</span> <span class='ocrx_word' id='word_1_680' title='bbox 1247 5136 1430 5212; x_wconf 85' lang='lat' dir='ltr'>Comitibus,</span> <span class='ocrx_word' id='word_1_681' title='bbox 1451 5138 1643 5217; x_wconf 90' lang='lat' dir='ltr'>Parmensis,</span> <span class='ocrx_word' id='word_1_682' title='bbox 1661 5130 1819 5212; x_wconf 75' lang='lat' dir='ltr'>Aleriensis,</span> 
     </span>
     <span class='ocr_line' id='line_1_106' title="bbox 1033 5238 1819 5322; baseline 0.006 -21"><span class='ocrx_word' id='word_1_683' title='bbox 1033 5250 1062 5301; x_wconf 90' lang='lat' dir='ltr'>ct</span> <span class='ocrx_word' id='word_1_684' title='bbox 1081 5238 1205 5298; x_wconf 88' lang='lat' dir='ltr'>Sanctae</span> <span class='ocrx_word' id='word_1_685' title='bbox 1230 5238 1395 5300; x_wconf 78' lang='lat' dir='ltr'>Anastasiae</span> <span class='ocrx_word' id='word_1_686' title='bbox 1415 5240 1579 5322; x_wconf 79' lang='lat' dir='ltr'>presbyteri</span> <span class='ocrx_word' id='word_1_687' title='bbox 1610 5262 1645 5307; x_wconf 85' lang='lat' dir='ltr'>aa</span> <span class='ocrx_word' id='word_1_688' title='bbox 1667 5245 1704 5308; x_wconf 89' lang='lat' dir='ltr'>de</span> <span class='ocrx_word' id='word_1_689' title='bbox 1726 5242 1819 5307; x_wconf 82' lang='grc'><strong>84444·</strong></span> 
     </span>
     <span class='ocr_line' id='line_1_107' title="bbox 1033 5339 1877 5418; baseline 0.017 -19"><span class='ocrx_word' id='word_1_690' title='bbox 1033 5340 1090 5411; x_wconf 90' lang='lat' dir='ltr'>lis,</span> <span class='ocrx_word' id='word_1_691' title='bbox 1120 5339 1266 5402; x_wconf 89' lang='lat' dir='ltr'>Diaconos</span> <span class='ocrx_word' id='word_1_692' title='bbox 1298 5340 1481 5416; x_wconf 83' lang='lat' dir='ltr'>Cardlnali‘s3</span> <span class='ocrx_word' id='word_1_693' title='bbox 1503 5354 1532 5405; x_wconf 87' lang='lat' dir='ltr'>et</span> <span class='ocrx_word' id='word_1_694' title='bbox 1553 5345 1611 5408; x_wconf 89' lang='lat' dir='ltr'>alia</span> <span class='ocrx_word' id='word_1_695' title='bbox 1643 5349 1743 5411; x_wconf 87' lang='lat' dir='ltr'>amaia</span> <span class='ocrx_word' id='word_1_696' title='bbox 1771 5344 1819 5410; x_wconf 81' lang='lat' dir='ltr'>ab·</span> <span class='ocrx_word' id='word_1_697' title='bbox 1876 5404 1877 5418; x_wconf 42' lang='lat'>2</span> 
     </span>
    </p>
   </div>
   <div class='ocr_carea' id='block_1_13' title="bbox 0 0 1886 6036">
    <p class='ocr_par' dir='ltr' id='par_1_14' title="bbox 0 0 1886 6036">
     <span class='ocr_line' id='line_1_108' title="bbox 0 0 1886 6036; baseline 0 5"><span class='ocrx_word' id='word_1_698' title='bbox 0 0 1886 6036; x_wconf 95' lang='lat' dir='ltr'> </span> 
     </span>
    </p>
   </div>
  </div>
 </body>
</html>
