3764 6036
200 293 260 355 ii8
674 284 957 361 commeastis
979 277 1201 346 mdcccxlii
1221 279 1373 346 ocrtvx.

197 432 264 506 atri,
285 448 413 510 quarum
436 429 535 492 decem
556 437 639 489 crant
658 427 703 488 ael
723 426 801 486 cirea
813 433 894 486 extra
912 441 984 502 por·

198 541 259 590 tam
291 530 459 592 Partasiam.
498 528 570 589 liam
612 527 729 588 'lurcos
763 522 849 601 juxta
884 540 985 583 muros

197 631 287 693 Urbis
314 643 343 691 et
373 630 507 702 caman,
530 638 611 689 extra
631 626 736 688 dictam
757 634 884 706 partam,
897 642 984 702 eques

197 730 301 792 horam
318 730 485 811 expectabat
507 727 660 788 introitus:
677 725 745 786 huic
765 722 886 785 Oratori
902 733 983 786 extra

197 834 307 895 dictam
336 844 451 915 portam
483 833 668 913 expectanti,
690 830 806 891 obviam
841 838 984 889 venerunt

196 933 296 1007 Prior,
312 944 342 994 et
362 933 620 1013 'lurchopellarius
641 930 794 1012 praedicti,
816 938 848 990 ut
871 927 983 987 tamilla

197 1031 344 1106 Oratoris,
362 1052 436 1112 quae
454 1050 587 1094 accensas
607 1032 669 1092 sine
695 1039 789 1092 tamen
811 1028 917 1108 sigillis
937 1037 984 1088 te·

196 1134 283 1196 nebat
294 1133 397 1194 cordas
415 1134 476 1194 siae
487 1128 835 1213 searaa(i)deponeret,et
845 1128 887 1187 sic
902 1127 983 1188 incr·

197 1254 259 1295 mes
278 1233 470 1296 accederent:
491 1232 534 1292 sic
554 1232 672 1290 iactum
687 1229 770 1290 Tunc
797 1236 983 1288 accemeruat

197 1335 244 1397 ille
261 1354 361 1413 eques,
376 1334 426 1393 isti
446 1332 594 1413 pedestres
609 1349 711 1393 tarsus
734 1328 884 1401 Turcum,
897 1345 982 1406 quem

194 1454 262 1497 eum
292 1436 391 1497 videre
426 1434 564 1514 coepisset
590 1451 625 1492 ec
654 1450 744 1512 prope
774 1449 841 1491 eum
862 1429 983 1490 circiter

198 1536 390 1616 quadraginta
409 1533 539 1615 passibus
548 1532 694 1619 existerat,
709 1528 820 1591 Orator
837 1527 983 1590 descendit

195 1656 229 1698 ex
246 1656 333 1717 equa,
355 1647 384 1698 et
402 1635 485 1696 valde
508 1634 626 1696 honesta
645 1652 729 1712 passu
750 1632 870 1693 accessit
890 1648 983 1708 usque

196 1756 286 1817 prope
307 1739 390 1799 illum
409 1736 530 1797 circiter
549 1735 679 1816 passibus
704 1733 877 1812 quindecim.
906 1731 983 1792 Tum

196 1857 248 1918 per
270 1857 370 1919 passus
388 1838 539 1916 quinque,
553 1838 598 1898 rel
621 1836 711 1909 circa,
736 1836 875 1908 ambiens,
895 1854 925 1895 se
954 1834 982 1894 in

196 1949 305 2000 terram
327 1958 415 2019 super
435 1938 571 2000 dextrum
594 1939 670 2001 latus
688 1938 775 1999 etiam
796 1937 889 2017 eapite
910 1953 1003 2015 pra·-

195 2041 322 2113 atmrit,
351 2050 380 2101 et
409 2058 475 2102 mox
507 2058 629 2120 surgens
650 2039 747 2099 tribus
769 2037 901 2118 passibus
931 2054 983 2097 scu

196 2151 324 2221 quatuor
338 2141 405 2201 aliis
418 2141 556 2212 ambiens,
568 2159 655 2221 super
673 2157 749 2218 genu
765 2139 914 2199 dexterum
929 2155 983 2216 ge·

196 2243 341 2302 nuilexum
365 2262 396 2302 se
422 2241 528 2302 habam
546 2250 575 2303 et
597 2252 707 2303 terram
728 2248 847 2319 tangens
865 2243 981 2299 dextera

196 2343 382 2419 manu,illem
394 2362 461 2405 moa
471 2343 628 2404 osculatus.
642 2341 718 2403 Tum
729 2341 838 2401 iterum
850 2355 983 2417 surgens,

196 2457 225 2506 et
246 2446 336 2506 uatis
355 2445 486 2525 parribus
510 2443 638 2504 ambiens
659 2460 751 2520 usque
775 2440 812 2499 ad
834 2439 982 2513 i'urcum,

196 2564 296 2607 acram
318 2564 377 2624 quo
397 2543 575 2624 genuflexus,
594 2543 675 2618 illius
695 2560 798 2620 equam
820 2542 983 2621 perpacem

197 2647 330 2708 mamurra
341 2647 401 2707 sire
419 2646 611 2707 sinistrumct
630 2644 720 2705 Turci
731 2641 831 2724 pedem
851 2643 983 2705 dextrum

196 2748 343 2828 ampiexus
373 2756 418 2808 est
430 2790 440 2820 ,
466 2746 554 2806 simul
584 2755 614 2806 et
642 2743 743 2824 pedem
770 2743 862 2824 ipsius
892 2742 984 2804 Turei

197 2848 346 2909 osculatus
359 2857 411 2908 eat.
428 2845 505 2906 Tum
526 2863 649 2925 surgens
666 2861 744 2923 genu
756 2842 891 2905 dextrum
903 2843 984 2904 illius

196 2957 242 3010 tar
271 2947 339 3009 binc
370 2958 402 3009 et
432 2946 497 3008 inda
523 2947 670 3008 osculatus
697 2955 764 3018 eat,
789 2943 838 3005 cui
868 2943 984 3004 Turcus

198 3066 314 3108 manum
341 3048 487 3109 dexteram
519 3047 555 3106 ad
588 3048 698 3108 collum
727 3046 901 3127 porrigens,
935 3045 984 3107 ille

198 3160 291 3210 vestes
309 3148 445 3209 similiter
465 3149 615 3210 osculatus
635 3159 690 3220 eat3
712 3166 786 3226 quae
806 3146 902 3208 omnia
924 3147 985 3226 ipsa

197 3246 307 3309 Orator
327 3246 398 3311 adea
419 3247 588 3309 cordialiter
610 3248 706 3308 iacere
726 3247 805 3307 visus
824 3255 882 3318 est,
906 3246 985 3324 quad

198 3348 281 3425 quasi
303 3347 373 3408 dere
401 3347 438 3407 ab
470 3347 604 3408 amnibus
626 3348 704 3408 visus
723 3359 775 3409 est
797 3346 914 3408 Turcus
928 3364 984 3406 au·

197 3458 255 3510 tem
277 3448 391 3508 nullum
411 3450 527 3528 signum
548 3449 590 3508 illi
613 3447 747 3520 terame,
767 3448 818 3509 aed
840 3457 873 3507 ut
894 3446 984 3508 Prin·

198 3565 264 3628 ceps
275 3545 546 3628 Fisamua(l)illnm
571 3548 736 3626 expectabat
750 3560 779 3609 et
798 3550 896 3610 nullus
911 3549 985 3609 alter

199 3649 359 3727 quicquam
376 3647 559 3723 dicebat,sed
578 3648 662 3709 iactis
682 3667 734 3728 per
755 3647 914 3712 Oratorem
933 3669 984 3710 re·

203 3747 356 3820 verentiia,
379 3747 497 3809 Turcus
524 3748 567 3808 illi
598 3765 696 3809 coram
722 3767 753 3809 ae
785 3750 872 3809 stami
898 3750 986 3811 unico

198 3849 291 3912 verbo
309 3847 463 3917 annuebat,
482 3861 516 3909 ut
535 3865 644 3927 equum
665 3847 830 3910 ascenderet
845 3892 853 3921 ,
870 3849 922 3927 qui
941 3850 984 3911 illi

197 3949 337 4031 proprius
362 3949 505 4009 adductus
527 3959 572 4010 est
592 3960 624 4011 ut
644 3968 711 4011 eum
732 3951 913 4024 ascenderet3
933 3970 984 4012 re·

197 4052 283 4112 cessit
303 4050 396 4131 igitur
416 4051 503 4130 piano
522 4069 608 4130 passu
628 4070 646 4111 a
667 4051 788 4126 Tureo,
814 4063 848 4112 ut
875 4070 984 4131 equuus

198 4169 286 4212 suum
301 4152 479 4225 ascenderet,
497 4162 528 4212 et
545 4170 633 4230 eques
656 4164 721 4215 ante
738 4140 872 4213 Tuscum
891 4153 985 4214 rediit.

194 4251 319 4313 interim
340 4253 418 4313 venit
436 4270 513 4312 unus
529 4271 563 4313 ex
586 4252 693 4312 familia
705 4252 797 4313 Tucci
813 4264 841 4314 et
856 4251 986 4313 familia·

198 4372 244 4414 tes
257 4352 386 4432 singulas
398 4350 534 4413 Oratoris
552 4353 699 4432 amplexus
715 4363 767 4414 est.
784 4353 861 4414 Tum
875 4337 987 4432 singuli

197 4466 263 4516 ante
285 4452 418 4514 Tuscum
450 4453 690 4532 genuflectentes,
723 4464 835 4525 terram
871 4453 986 4514 dextera

197 4551 391 4630 tangebantet
405 4552 550 4614 dexteram
569 4554 790 4627 osculabuntur3
810 4565 872 4613 tum
891 4571 986 4632 genu-

199 4651 274 4726 flexi,
295 4650 360 4729 ejus
380 4653 448 4730 equi
468 4663 497 4715 et
514 4653 615 4734 pedem
634 4654 783 4716 dexterum
804 4653 897 4714 Tucci
918 4672 983 4713 am·

198 4754 363 4833 plectentes,
374 4752 474 4833 pedem
492 4754 601 4833 prima,
616 4753 714 4816 deinde
734 4772 810 4834 genu
827 4754 903 4813 illius
917 4767 985 4815 sunt

197 4855 330 4915 mouisti.
352 4852 536 4914 Paucissimia
560 4852 655 4914 verbis
679 4853 796 4916 Turnus
822 4863 852 4915 et
873 4851 985 4915 Orator

199 4971 229 5015 ae
259 4954 466 5028 absolverunt,
485 4954 584 5032 sieque
606 4952 722 5014 Turcus
743 4953 852 5017 Urbem
884 4965 985 5032 pastea

198 5065 241 5115 cst
260 5055 409 5135 ingressus
426 5051 482 5139 (i).

239 5273 274 5328 (t)
291 5270 327 5322 De
343 5273 430 5321 Zialmi
447 5274 473 5320 in
490 5270 557 5321 Orbe
573 5272 695 5335 ingressu
711 5270 787 5320 eiiam
805 5270 982 5320 narrationem

202 5345 346 5410 habemus,
362 5363 441 5413 quam
458 5350 577 5412 reterre,
594 5351 750 5413 praesertim
771 5349 806 5400 ab
827 5350 980 5401 infortunati

1725 275 1826 362 (aaa)

1092 418 1229 493 Sabbata,
1249 417 1466 495 decimaquarta
1484 414 1594 491 martii,
1606 414 1664 476 luit
1684 415 1825 496 publicum

1051 519 1253 582 consistorium
1282 518 1312 578 ia
1332 517 1427 597 prima
1446 518 1512 578 aula
1544 535 1669 597 magna,
1700 516 1826 579 videlicet

1050 757 1176 820 Principis
1188 756 1410 820 descriptionem,
1421 771 1473 808 non
1484 769 1677 820 supervacuum
1696 757 1757 808 erit.
1769 758 1828 808 llaec

1050 835 1128 898 igitur
1153 835 1289 886 Mattiacas
1309 836 1405 886 Bassam
1419 836 1576 887 'Cananicas
1593 837 1758 887 Veronensis
1770 874 1778 899 ,
1791 840 1828 900 qai

1051 916 1179 979 ingressui
1198 914 1299 965 aderat.

1093 1012 1103 1033 ι
1121 991 1233 1041 solemni
1249 1005 1345 1054 pompe
1361 996 1506 1054 exceptus.
1522 997 1575 1045 tota
1593 993 1660 1044 Urbe
1684 996 1830 1056 spectantes

1049 1072 1157 1120 lacessit
1175 1072 1243 1119 enim
1264 1071 1313 1132 'per
1330 1071 1507 1133 speciosiores
1525 1073 1579 1122 vias
1605 1072 1701 1135 insigni
1719 1072 1828 1122 insidens

1050 1159 1136 1211 equa,
1153 1148 1254 1198 medius
1270 1151 1339 1198 inter
1356 1147 1521 1199 Franciscum
1543 1148 1671 1200 Pontidois
1689 1151 1789 1208 illium,
1807 1155 1830 1200 et

1049 1227 1132 1290 Magni
1148 1228 1262 1291 Magistri
1278 1227 1434 1278 Rhodiorum
1448 1227 1570 1291 Equilum
1586 1229 1712 1287 iratrems
1724 1229 1829 1291 danique

1051 1307 1077 1355 ln
1093 1307 1217 1357 Palatium
1230 1306 1379 1357 Vaticanum
1391 1307 1521 1359 deductus
1531 1312 1580 1369 est,
1592 1308 1683 1373 ibique
1695 1309 1831 1360 honorilice

1050 1385 1162 1436 habitus.
1177 1387 1234 1438 Non
1252 1386 1347 1436 multas
1364 1391 1424 1450 post
1440 1388 1497 1437 dies
1513 1388 1647 1451 publicum
1665 1390 1692 1438 in
1710 1391 1830 1439 consista-

1050 1466 1116 1515 rium
1142 1466 1289 1524 deductus,
1307 1466 1339 1515 ad
1365 1466 1495 1517 Pontificis
1522 1469 1627 1518 Maximi
1644 1473 1829 1531 conspectum,

1049 1544 1193 1606 conspicua
1204 1546 1230 1593 in
1241 1545 1338 1594 throno
1350 1545 1478 1604 sedentis,
1489 1553 1575 1608 aeque
1591 1546 1661 1597 docti
1680 1549 1742 1596 anta
1758 1548 1832 1605 iiiam,

1050 1635 1137 1687 nequa
1153 1623 1310 1682 deosculari,
1328 1634 1361 1672 ex
1378 1637 1469 1685 mare,
1485 1626 1579 1689 pedes,
1595 1631 1633 1685 ut,
1650 1627 1697 1689 qui
1713 1631 1830 1688 praesunt

1060 1704 1141 1753 sacris
1159 1703 1271 1764 ritibus,
1295 1704 1366 1754 illum
1384 1704 1471 1755 iacere
1486 1705 1647 1765 edocebant.
1665 1707 1719 1757 ulla
1744 1717 1831 1768 pessus

1050 1782 1232 1840 aalmado,illa
1249 1783 1293 1845 qui
1304 1785 1354 1833 sub
1368 1784 1623 1847 patrelhlahomethe
1647 1789 1752 1835 tantum
1768 1783 1831 1832 cbri-

1051 1862 1128 1909 strani
1145 1862 1277 1924 sanguinis
1299 1861 1443 1922 effuderat,
1460 1875 1556 1913 saevus
1574 1868 1601 1914 at
1637 1867 1742 1927 mpius,
1761 1877 1832 1926 quan·

1050 1941 1104 1989 tum
1121 1940 1166 1988 vix
1178 1942 1249 1990 rivus
1260 1945 1356 2003 egeret.
1372 1942 1503 2005 aspectus
1518 1942 1626 1994 barbari
1640 1945 1734 1994 zizimi
1744 1956 1830 1994 saevas

1051 2023 1078 2068 et
1094 2020 1268 2079 truculentus,
1285 2033 1383 2084 corpus
1399 2033 1581 2084 compressam
1598 2027 1625 2072 et
1643 2024 1831 2086 corpulentae.

1050 2100 1142 2149 cervix
1160 2101 1226 2158 lata,
1245 2105 1337 2162 pectus
1363 2105 1467 2151 vastum
1490 2106 1517 2150 et
1537 2103 1713 2165 prominens,
1737 2106 1828 2152 statura

1050 2177 1119 2226 ultra
1137 2178 1311 2237 mediocrem,
1328 2178 1429 2229 babens
1447 2181 1581 2229 oculorum
1605 2182 1720 2231 alterum
1741 2184 1829 2231 luscum

1051 2269 1081 2306 ac
1099 2261 1213 2318 torvum,
1230 2271 1321 2309 nasum
1339 2259 1579 2323 aquilinamcapat
1596 2262 1760 2324 inquietum,
1771 2273 1831 2311 sem·

1050 2350 1099 2399 per
1111 2340 1197 2388 amnia
1205 2339 1374 2397 collustrans,
1384 2343 1410 2388 et
1427 2342 1549 2401 tanquam
1566 2339 1658 2388 minax
1670 2341 1826 2402 inspectans

1051 2421 1125 2468 aetas
1142 2418 1187 2476 illi,
1204 2422 1233 2468 ut
1251 2418 1399 2477 videbatur,
1410 2419 1694 2483 annaquadragesima
1706 2425 1829 2483 proxima:

1050 2501 1153 2558 patrem
1170 2501 1181 2556 (
1191 2497 1267 2553 euius
1283 2497 1368 2560 imago
1385 2499 1485 2548 caelata
1503 2511 1564 2550 aare
1580 2512 1663 2562 saepe
1673 2500 1790 2561 videtur)
1803 2500 1827 2550 ad

1051 2588 1165 2639 unquam
1184 2575 1312 2634 reterens,
1330 2580 1367 2636 et,
1383 2580 1412 2625 ut
1430 2577 1530 2641 indole,
1547 2579 1584 2628 sie
1602 2581 1628 2628 at
1646 2579 1767 2628 moribus
1783 2591 1829 2641 pes·

1051 2657 1141 2714 simis,
1157 2655 1249 2717 insigni
1267 2655 1406 2705 atrocitate
1423 2658 1502 2718 atqua
1520 2658 1629 2706 saevitia
1648 2670 1802 2720 aequans·

1091 2734 1250 2798 tegentibus
1278 2746 1331 2784 nan
1355 2734 1407 2784 erit
1429 2735 1558 2798 ingratum
1587 2736 1666 2785 aliam
1690 2736 1725 2787 de
1746 2737 1827 2786 zirina

1052 2815 1150 2865 rescire
1176 2814 1313 2872 notitiam,
1329 2826 1407 2877 quam
1435 2827 1484 2865 aas
1507 2814 1635 2866 habemus
1653 2828 1689 2866 ex
1718 2818 1827 2867 comitata

1051 2892 1147 2943 domini
1157 2892 1275 2943 columbi
1291 2891 1455 2953 De-ilatines,
1468 2895 1493 2943 iu
1511 2895 1631 2945 amnibus
1649 2895 1733 2946 rebus
1751 2896 1827 2944 biblio

1053 2971 1184 3035 graphicis
1201 2971 1365 3034 peritissimi.
1389 2970 1436 3020 lile
1457 2971 1535 3021 nobis
1551 2973 1677 3023 narrabat
1702 2976 1728 3024 in
1746 2975 1826 3023 biblio·

1052 3052 1130 3101 theca
1156 3049 1287 3112 imperiali
1314 3049 1453 3100 Parisiansl
1477 3056 1646 3102 monumenta
1675 3053 1781 3103 diversa
1802 3052 1826 3102 de

1052 3129 1187 3180 mansione
1213 3127 1338 3191 Principia
1356 3129 1382 3179 in
1399 3128 1555 3191 betphtaata
1582 3135 1694 3189 extare,
1711 3146 1777 3195 qnae
1790 3145 1826 3183 nas

1052 3210 1171 3260 obtinere
1189 3212 1267 3271 alque
1283 3209 1309 3258 in
1323 3209 1474 3272 appendice
1491 3211 1621 3261 collocare
1638 3225 1784 3275 speramus.
1797 3213 1827 3262 la

1052 3301 1132 3350 super
1141 3288 1172 3337 de
1181 3286 1314 3337 volumine
1326 3286 1396 3337 inter
1410 3289 1561 3340 rarissimos
1572 3290 1771 3342 adnumeranda
1787 3304 1825 3340 aas

1051 3368 1171 3429 edocuit,
1187 3369 1228 3417 cui
1245 3368 1338 3417 titulus
1354 3369 1514 3431 inscriptus:
1532 3389 1542 3409 ·
1560 3370 1656 3419 dirimi
1670 3373 1761 3433 priore
1774 3371 1827 3421 orta

1050 3462 1114 3500 maa
1124 3459 1268 3499 amoureuc
1284 3448 1314 3497 dc
1329 3446 1455 3510 Philipiae
1475 3447 1573 3499 lisiciaa
1587 3449 1619 3499 dc
1633 3449 1786 3513 wamma,
1799 3449 1830 3498 ii·

1051 3529 1128 3579 stairo
1143 3527 1316 3589 baaphiaoiae
1329 3529 1395 3589 (par
1406 3527 1461 3576 Gar
1470 3527 1581 3595 Arcana
1591 3529 1608 3588 ).
1623 3528 1756 3578 Grenobie
1772 3529 1828 3588 1111,

1051 3608 1114 3659 leon
1135 3606 1247 3657 Nicator.
1264 3605 1390 3667 Quamvis
1407 3619 1474 3669 opus
1491 3618 1542 3657 non
1558 3607 1592 3656 sit
1608 3620 1644 3657 ex
1661 3608 1764 3671 integro
1779 3610 1828 3657 ista

1052 3687 1155 3743 ricum,
1173 3685 1221 3734 sed
1239 3684 1378 3734 dramatici
1395 3684 1428 3733 ad
1445 3687 1530 3734 instar
1550 3685 1627 3744 (itali
1646 3688 1779 3749 appellant
1792 3697 1827 3735 ra·

1051 3764 1139 3825 moazi
1147 3766 1166 3825 i,
1180 3767 1268 3813 tamen
1286 3763 1425 3813 traditione
1440 3765 1558 3814 innititur
1570 3763 1668 3826 ubique
1684 3765 1712 3815 in
1724 3767 1766 3816 illa
1780 3778 1828 3828 pra

1052 3848 1137 3897 vincia
1153 3849 1272 3909 accepta,
1292 3844 1437 3908 Principem
1453 3845 1769 3911 constantinopolitanum
1785 3858 1827 3896 aaa

1052 3927 1135 3977 salum
1152 3937 1242 3975 amare
1254 3925 1358 3987 proilia
1375 3926 1485 3975 muliere
1500 3926 1681 3987 pulcherrima
1698 3928 1829 3977 exarsisse,

1052 4006 1109 4066 aed,
1125 4004 1158 4054 ad
1174 4004 1336 4064 voluptatem
1354 4006 1519 4052 sacramenta
1536 4003 1717 4054 indissolubili
1735 4004 1830 4067 explen-

1051 4086 1124 4145 dam,
1139 4085 1183 4134 diu
1199 4083 1329 4144 cogitasse
1346 4093 1379 4131 ex
1396 4082 1460 4132 laisa
1477 4083 1532 4145 lege
1547 4081 1695 4146 Prophetae
1715 4084 1748 4134 ad
1767 4082 1829 4132 Chri·

1053 4167 1087 4215 sti
1106 4166 1187 4228 legem
1204 4163 1305 4212 venire.

1089 4243 1239 4293 vicecomes
1248 4238 1679 4291 laudatuscaumaushecaums
1688 4254 1738 4293 nas
1747 4240 1830 4293 edocet

1052 4322 1196 4385 (Manitcur
1224 4320 1255 4369 dc
1277 4318 1303 4368 ln
1331 4317 1470 4378 Librciric,
1492 4317 1598 4380 iowaal
1626 4317 1831 4375 hebdomadaire)

1052 4399 1247 4463 bibliographos
1273 4397 1360 4447 Gallos
1383 4396 1497 4446 indicare
1522 4398 1599 4447 alium
1627 4398 1725 4448 librum
1746 4401 1783 4448 sic
1802 4400 1832 4446 ia·
1879 4452 1880 4455 g

1053 4483 1186 4542 scriptum:
1206 4497 1215 4518 ·
1241 4476 1349 4527 libiaim
1364 4477 1406 4526 dea
1421 4489 1526 4525 omaars
1547 4478 1577 4527 da
1592 4477 1685 4527 zizimi
1701 4482 1723 4529 ct
1738 4475 1832 4527 111111·

1051 4558 1128 4620 lipiao
1145 4555 1235 4607 nouas
1254 4557 1285 4606 de
1299 4554 1445 4618 8111111191.
1466 4556 1610 4615 Granoble,
1628 4559 1703 4616 1671,
1719 4556 1828 4607 Niealoa

1052 4638 1102 4690 sed
1118 4639 1190 4687 recta
1207 4634 1332 4685 observat
1348 4634 1417 4685 idem
1436 4647 1502 4697 opus
1518 4635 1560 4684 vel
1578 4635 1646 4685 mala
1665 4634 1826 4698 descriptura,

1051 4717 1094 4766 vel
1112 4715 1188 4766 titula
1205 4717 1304 4762 tantum
1322 4713 1437 4763 diverso.
1459 4712 1594 4763 Postrema
1610 4714 1730 4776 legentes
1750 4714 1828 4763 adma-

1051 4798 1096 4845 net
1123 4794 1157 4843 de
1183 4792 1233 4841 alia
1260 4790 1500 4853 bibliograpborum
1529 4803 1621 4841 errare
1656 4791 1699 4842 his
1731 4792 1827 4842 verbis:

1054 4872 1186 4922 ·Baanraa
1201 4870 1316 4932 (betica.
1332 4871 1374 4921 das
1390 4870 1531 4930 lammae
1541 4870 1571 4922 N.
1590 4871 1712 4928 1911111
1728 4869 1827 4922 camnis

1051 4965 1102 5003 une
1119 4965 1212 5003 erreur
1229 4965 1261 5002 en
1278 4951 1394 5001 donnant
1410 4963 1511 5000 comme
1528 4952 1718 5012 raimpression
1736 4950 1769 5000 du
1788 4950 1825 4998 ita

1052 5045 1111 5081 maa
1126 5031 1159 5081 de
1175 5032 1232 5095 Gay
1248 5030 1340 5080 Allard
1357 5030 1493 5091 i’ouvrage
1510 5031 1632 5079 sulcante
1651 5030 1688 5080 ba
1705 5029 1783 5080 itaet
1800 5026 1825 5073 111

1049 5112 1186 5162 demeres
1208 5110 1239 5161 de
1261 5111 1354 5158 Zizima
1373 5107 1411 5170 pls
1434 5110 1465 5158 da
1484 5108 1629 5171 Mabomet,
1652 5121 1781 5172 emperor
1793 5107 1824 5156 la
1873 5132 1877 5165 -,

1051 5189 1129 5239 Taras
1144 5202 1193 5253 por
1207 5188 1235 5239 O.
1252 5189 1282 5238 b.
1301 5188 1353 5250 11(
1365 5187 1461 5238 Claude
1472 5188 1506 5239 ba
1518 5189 1634 5241 battlere
1646 5192 1665 5251 1.
1681 5191 1752 5240 Paria
1768 5186 1821 5238 1111
1872 5230 1875 5234 ,

1051 5272 1182 5329 111111,
1199 5270 1225 5318 in
1242 5271 1284 5320 11.
1300 5266 1347 5318 cet
1364 5280 1480 5331 ouvrage
1500 5268 1591 5320 athara
1613 5268 1783 5322 satiaremeat
1797 5261 1820 5310 it

1051 5351 1122 5402 celui
1140 5349 1173 5399 de
1190 5349 1247 5412 Gay
1265 5349 1362 5398 Allard.
1382 5369 1392 5391 ·
