<?xml version="1.0" encoding="UTF-8"?>
<!DOCTYPE html PUBLIC "-//W3C//DTD XHTML 1.0 Transitional//EN"
    "http://www.w3.org/TR/xhtml1/DTD/xhtml1-transitional.dtd">
<html xmlns="http://www.w3.org/1999/xhtml" xml:lang="en" lang="en">
 <head>
  <title>
</title>
<meta http-equiv="Content-Type" content="text/html;charset=utf-8" />
  <meta name='ocr-system' content='tesseract 3.04.00' />
  <meta name='ocr-capabilities' content='ocr_page ocr_carea ocr_par ocr_line ocrx_word'/>
</head>
<body>
  <div class='ocr_page' id='page_1' title='image "./johannisburchar00genngoog/johannisburchar00genngoog_0172.png"; bbox 0 0 3764 6036; ppageno 0'>
   <div class='ocr_carea' id='block_1_1' title="bbox 61 262 94 355">
    <p class='ocr_par' dir='ltr' id='par_1_1' title="bbox 61 262 94 355">
     <span class='ocr_line' id='line_1_1' title="bbox 61 262 94 355; baseline -0.242 0"><span class='ocrx_word' id='word_1_1' title='bbox 61 262 94 355; x_wconf 74' lang='lat'><strong>²)</strong></span> 
     </span>
    </p>
   </div>
   <div class='ocr_carea' id='block_1_2' title="bbox 60 399 775 2795">
    <p class='ocr_par' dir='ltr' id='par_1_2' title="bbox 60 399 775 2795">
     <span class='ocr_line' id='line_1_2' title="bbox 75 399 774 479; baseline 0.004 -19"><span class='ocrx_word' id='word_1_2' title='bbox 75 399 213 460; x_wconf 89' lang='lat' dir='ltr'><strong>omnibus</strong></span> <span class='ocrx_word' id='word_1_3' title='bbox 237 399 406 461; x_wconf 86' lang='lat' dir='ltr'><strong>mandatnm</strong></span> <span class='ocrx_word' id='word_1_4' title='bbox 435 401 513 479; x_wconf 91' lang='lat' dir='ltr'><strong>quod</strong></span> <span class='ocrx_word' id='word_1_5' title='bbox 539 422 639 465; x_wconf 84' lang='lat' dir='ltr'><strong>omnes</strong></span> <span class='ocrx_word' id='word_1_6' title='bbox 668 414 774 463; x_wconf 85' lang='lat' dir='ltr'><strong>stratas</strong></span> 
     </span>
     <span class='ocr_line' id='line_1_3' title="bbox 61 499 774 580; baseline 0.007 -21"><span class='ocrx_word' id='word_1_7' title='bbox 61 500 104 560; x_wconf 90' lang='lat' dir='ltr'><strong>dic</strong></span> <span class='ocrx_word' id='word_1_8' title='bbox 124 499 272 580; x_wconf 72' lang='lat' dir='ltr'><strong>praedicta</strong></span> <span class='ocrx_word' id='word_1_9' title='bbox 291 501 476 575; x_wconf 87' lang='lat' dir='ltr'><strong>mundarent,</strong></span> <span class='ocrx_word' id='word_1_10' title='bbox 486 514 546 563; x_wconf 87' lang='lat' dir='ltr'><strong>ets</strong></span> <span class='ocrx_word' id='word_1_11' title='bbox 567 522 633 564; x_wconf 88' lang='lat' dir='ltr'><strong>sero</strong></span> <span class='ocrx_word' id='word_1_12' title='bbox 644 514 774 564; x_wconf 77' lang='lat' dir='ltr'><strong>extr-omo</strong></span> 
     </span>
     <span class='ocr_line' id='line_1_4' title="bbox 61 598 775 682; baseline 0.001 -22"><span class='ocrx_word' id='word_1_13' title='bbox 61 618 76 660; x_wconf 91' lang='lat' dir='ltr'><strong>e</strong></span> <span class='ocrx_word' id='word_1_14' title='bbox 107 618 159 679; x_wconf 89' lang='lat' dir='ltr'><strong>per</strong></span> <span class='ocrx_word' id='word_1_15' title='bbox 193 598 362 661; x_wconf 88' lang='lat' dir='ltr'><strong>hodiernam</strong></span> <span class='ocrx_word' id='word_1_16' title='bbox 392 601 467 661; x_wconf 89' lang='lat' dir='ltr'><strong>diem</strong></span> <span class='ocrx_word' id='word_1_17' title='bbox 501 620 605 680; x_wconf 90' lang='lat' dir='ltr'><strong>magna</strong></span> <span class='ocrx_word' id='word_1_18' title='bbox 635 620 775 682; x_wconf 88' lang='lat' dir='ltr'><strong>campana</strong></span> 
     </span>
     <span class='ocr_line' id='line_1_5' title="bbox 61 698 774 782; baseline 0.007 -25"><span class='ocrx_word' id='word_1_19' title='bbox 61 698 118 757; x_wconf 87' lang='lat' dir='ltr'><strong>tolii</strong></span> <span class='ocrx_word' id='word_1_20' title='bbox 140 698 253 777; x_wconf 88' lang='lat' dir='ltr'><strong>saepius</strong></span> <span class='ocrx_word' id='word_1_21' title='bbox 275 711 303 759; x_wconf 90' lang='lat' dir='ltr'><strong>ct</strong></span> <span class='ocrx_word' id='word_1_22' title='bbox 324 702 435 761; x_wconf 87' lang='lat' dir='ltr'><strong>iteratis</strong></span> <span class='ocrx_word' id='word_1_23' title='bbox 457 702 568 762; x_wconf 81' lang='lat' dir='ltr'><strong>vicibus</strong></span> <span class='ocrx_word' id='word_1_24' title='bbox 596 703 774 782; x_wconf 68' lang='lat' dir='ltr'>pulsaretur,</span> 
     </span>
     <span class='ocr_line' id='line_1_6' title="bbox 61 798 775 882; baseline 0.004 -25"><span class='ocrx_word' id='word_1_25' title='bbox 61 798 226 858; x_wconf 87' lang='lat' dir='ltr'><strong>tadmodnm</strong></span> <span class='ocrx_word' id='word_1_26' title='bbox 270 800 298 859; x_wconf 92' lang='lat' dir='ltr'><strong>in</strong></span> <span class='ocrx_word' id='word_1_27' title='bbox 338 803 535 863; x_wconf 76' lang='lat' dir='ltr'><strong>annisersario</strong></span> <span class='ocrx_word' id='word_1_28' title='bbox 573 802 775 882; x_wconf 69' lang='lat' dir='ltr'><strong>assumptionis</strong></span> 
     </span>
     <span class='ocr_line' id='line_1_7' title="bbox 61 899 774 981; baseline 0.011 -25"><span class='ocrx_word' id='word_1_29' title='bbox 61 902 223 960; x_wconf 79' lang='lat' dir='ltr'><strong>ironationis</strong></span> <span class='ocrx_word' id='word_1_30' title='bbox 239 899 334 981; x_wconf 89' lang='lat' dir='ltr'><strong>Papae</strong></span> <span class='ocrx_word' id='word_1_31' title='bbox 353 899 416 962; x_wconf 84' lang='lat' dir='ltr'><strong>lieri</strong></span> <span class='ocrx_word' id='word_1_32' title='bbox 438 905 605 977; x_wconf 86' lang='lat' dir='ltr'><strong>consuevit;</strong></span> <span class='ocrx_word' id='word_1_33' title='bbox 617 915 645 964; x_wconf 90' lang='lat' dir='ltr'><strong>et</strong></span> <span class='ocrx_word' id='word_1_34' title='bbox 662 905 691 963; x_wconf 90' lang='lat' dir='ltr'><strong>in</strong></span> <span class='ocrx_word' id='word_1_35' title='bbox 708 918 774 965; x_wconf 88' lang='lat' dir='ltr'><strong>sero</strong></span> 
     </span>
     <span class='ocr_line' id='line_1_8' title="bbox 63 1002 772 1083; baseline 0.01 -26"><span class='ocrx_word' id='word_1_36' title='bbox 63 1019 136 1078; x_wconf 87' lang='lat' dir='ltr'><strong>sque</strong></span> <span class='ocrx_word' id='word_1_37' title='bbox 167 1002 222 1063; x_wconf 86' lang='lat' dir='ltr'><strong>diei</strong></span> <span class='ocrx_word' id='word_1_38' title='bbox 243 1004 329 1063; x_wconf 89' lang='lat' dir='ltr'><strong>multi</strong></span> <span class='ocrx_word' id='word_1_39' title='bbox 352 1005 431 1081; x_wconf 86' lang='lat' dir='ltr'><strong>ignes</strong></span> <span class='ocrx_word' id='word_1_40' title='bbox 464 1024 515 1083; x_wconf 89' lang='lat' dir='ltr'><strong>pcr</strong></span> <span class='ocrx_word' id='word_1_41' title='bbox 537 1004 648 1067; x_wconf 88' lang='lat' dir='ltr'><strong>Urbem</strong></span> <span class='ocrx_word' id='word_1_42' title='bbox 681 1005 772 1078; x_wconf 81' lang='lat' dir='ltr'><strong>iacti3</strong></span> 
     </span>
     <span class='ocr_line' id='line_1_9' title="bbox 61 1100 773 1182; baseline 0.008 -27"><span class='ocrx_word' id='word_1_43' title='bbox 61 1100 112 1160; x_wconf 90' lang='lat' dir='ltr'><strong>iter</strong></span> <span class='ocrx_word' id='word_1_44' title='bbox 134 1103 163 1160; x_wconf 91' lang='lat' dir='ltr'><strong>in</strong></span> <span class='ocrx_word' id='word_1_45' title='bbox 185 1102 293 1182; x_wconf 90' lang='lat' dir='ltr'><strong>palatio</strong></span> <span class='ocrx_word' id='word_1_46' title='bbox 313 1102 481 1181; x_wconf 79' lang='lat' dir='ltr'><strong>Apostolico</strong></span> <span class='ocrx_word' id='word_1_47' title='bbox 502 1116 531 1164; x_wconf 88' lang='lat' dir='ltr'><strong>et</strong></span> <span class='ocrx_word' id='word_1_48' title='bbox 552 1115 649 1164; x_wconf 90' lang='lat' dir='ltr'><strong>castro</strong></span> <span class='ocrx_word' id='word_1_49' title='bbox 673 1103 773 1163; x_wconf 78' lang='lat' dir='ltr'><strong>Sancti</strong></span> 
     </span>
     <span class='ocr_line' id='line_1_10' title="bbox 64 1203 773 1283; baseline 0.001 -19"><span class='ocrx_word' id='word_1_50' title='bbox 64 1204 188 1279; x_wconf 64' lang='lat' dir='ltr'><strong>ligitem</strong></span> <span class='ocrx_word' id='word_1_51' title='bbox 219 1203 385 1263; x_wconf 89' lang='lat' dir='ltr'><strong>ordinatum</strong></span> <span class='ocrx_word' id='word_1_52' title='bbox 405 1204 488 1283; x_wconf 94' lang='lat' dir='ltr'><strong>quod</strong></span> <span class='ocrx_word' id='word_1_53' title='bbox 509 1214 588 1266; x_wconf 90' lang='lat' dir='ltr'><strong>totus</strong></span> <span class='ocrx_word' id='word_1_54' title='bbox 609 1204 714 1280; x_wconf 84' lang='lat' dir='ltr'><strong>Clarus</strong></span> <span class='ocrx_word' id='word_1_55' title='bbox 745 1215 773 1265; x_wconf 89' lang='lat' dir='ltr'><strong>et</strong></span> 
     </span>
     <span class='ocr_line' id='line_1_11' title="bbox 61 1303 773 1382; baseline 0.001 -20"><span class='ocrx_word' id='word_1_56' title='bbox 61 1324 79 1364; x_wconf 71' lang='lat' dir='ltr'><strong>es</strong></span> <span class='ocrx_word' id='word_1_57' title='bbox 96 1303 247 1382; x_wconf 81' lang='lat' dir='ltr'><strong>religiones</strong></span> <span class='ocrx_word' id='word_1_58' title='bbox 262 1304 294 1366; x_wconf 88' lang='lat' dir='ltr'><strong>iu</strong></span> <span class='ocrx_word' id='word_1_59' title='bbox 308 1304 431 1365; x_wconf 87' lang='lat' dir='ltr'><strong>Basilica</strong></span> <span class='ocrx_word' id='word_1_60' title='bbox 443 1306 542 1366; x_wconf 84' lang='lat' dir='ltr'><strong>Sancti</strong></span> <span class='ocrx_word' id='word_1_61' title='bbox 555 1305 637 1365; x_wconf 89' lang='lat' dir='ltr'><strong>Petri</strong></span> <span class='ocrx_word' id='word_1_62' title='bbox 655 1324 684 1364; x_wconf 88' lang='lat' dir='ltr'><strong>sc</strong></span> <span class='ocrx_word' id='word_1_63' title='bbox 701 1322 773 1365; x_wconf 88' lang='lat' dir='ltr'><strong>con·</strong></span> 
     </span>
     <span class='ocr_line' id='line_1_12' title="bbox 61 1403 773 1483; baseline 0.001 -21"><span class='ocrx_word' id='word_1_64' title='bbox 61 1416 161 1476; x_wconf 85' lang='lat' dir='ltr'><strong>arent,</strong></span> <span class='ocrx_word' id='word_1_65' title='bbox 178 1414 208 1463; x_wconf 91' lang='lat' dir='ltr'><strong>et</strong></span> <span class='ocrx_word' id='word_1_66' title='bbox 234 1403 315 1464; x_wconf 89' lang='lat' dir='ltr'><strong>circa</strong></span> <span class='ocrx_word' id='word_1_67' title='bbox 337 1404 441 1465; x_wconf 89' lang='lat' dir='ltr'><strong>boram</strong></span> <span class='ocrx_word' id='word_1_68' title='bbox 472 1405 613 1466; x_wconf 80' lang='lat' dir='ltr'><strong>decianam</strong></span> <span class='ocrx_word' id='word_1_69' title='bbox 635 1418 773 1483; x_wconf 88' lang='lat' dir='ltr'><strong>quartarn</strong></span> 
     </span>
     <span class='ocr_line' id='line_1_13' title="bbox 61 1503 772 1585; baseline 0.004 -20"><span class='ocrx_word' id='word_1_70' title='bbox 61 1523 72 1565; x_wconf 88' lang='lat' dir='ltr'><strong>s</strong></span> <span class='ocrx_word' id='word_1_71' title='bbox 94 1503 284 1578; x_wconf 78' lang='lat' dir='ltr'><strong>Dominicis,</strong></span> <span class='ocrx_word' id='word_1_72' title='bbox 316 1508 568 1585; x_wconf 75' lang='lat' dir='ltr'><strong>processionaliter</strong></span> <span class='ocrx_word' id='word_1_73' title='bbox 597 1507 652 1566; x_wconf 79' lang='lat' dir='ltr'><strong>ab&#39;</strong></span> <span class='ocrx_word' id='word_1_74' title='bbox 674 1507 772 1568; x_wconf 89' lang='lat' dir='ltr'><strong>eadem</strong></span> 
     </span>
     <span class='ocr_line' id='line_1_14' title="bbox 61 1604 773 1687; baseline 0.006 -26"><span class='ocrx_word' id='word_1_75' title='bbox 61 1604 101 1665; x_wconf 86' lang='lat' dir='ltr'><strong>ica</strong></span> <span class='ocrx_word' id='word_1_76' title='bbox 114 1605 252 1682; x_wconf 84' lang='lat' dir='ltr'><strong>usquead</strong></span> <span class='ocrx_word' id='word_1_77' title='bbox 269 1607 419 1667; x_wconf 84' lang='lat' dir='ltr'><strong>ecclesiam</strong></span> <span class='ocrx_word' id='word_1_78' title='bbox 431 1607 613 1687; x_wconf 89' lang='lat' dir='ltr'><strong>praedictam</strong></span> <span class='ocrx_word' id='word_1_79' title='bbox 632 1607 773 1681; x_wconf 81' lang='lat' dir='ltr'><strong>venirent,</strong></span> 
     </span>
     <span class='ocr_line' id='line_1_15' title="bbox 61 1705 774 1787; baseline -0.001 -21"><span class='ocrx_word' id='word_1_80' title='bbox 61 1709 101 1766; x_wconf 85' lang='lat' dir='ltr'><strong>rio</strong></span> <span class='ocrx_word' id='word_1_81' title='bbox 120 1705 207 1767; x_wconf 88' lang='lat' dir='ltr'><strong>Urbis</strong></span> <span class='ocrx_word' id='word_1_82' title='bbox 224 1708 438 1784; x_wconf 87' lang='lat' dir='ltr'><strong>processionem</strong></span> <span class='ocrx_word' id='word_1_83' title='bbox 460 1708 552 1787; x_wconf 88' lang='lat' dir='ltr'><strong>ipsam</strong></span> <span class='ocrx_word' id='word_1_84' title='bbox 573 1708 601 1766; x_wconf 92' lang='lat' dir='ltr'><strong>in</strong></span> <span class='ocrx_word' id='word_1_85' title='bbox 617 1705 774 1786; x_wconf 82' lang='lat' dir='ltr'><strong>pontificali</strong></span> 
     </span>
     <span class='ocr_line' id='line_1_16' title="bbox 61 1791 775 1888; baseline 0.001 -22"><span class='ocrx_word' id='word_1_86' title='bbox 61 1826 80 1866; x_wconf 85' lang='lat' dir='ltr'><strong>ir</strong></span> <span class='ocrx_word' id='word_1_87' title='bbox 112 1819 267 1885; x_wconf 83' lang='lat' dir='ltr'><strong>aequente:</strong></span> <span class='ocrx_word' id='word_1_88' title='bbox 290 1819 354 1888; x_wconf 90' lang='lat' dir='ltr'><strong>post</strong></span> <span class='ocrx_word' id='word_1_89' title='bbox 376 1808 533 1886; x_wconf 91' lang='lat' dir='ltr'><strong>prandium</strong></span> <span class='ocrx_word' id='word_1_90' title='bbox 556 1791 775 1869; x_wconf 76' lang='lat' dir='ltr'><strong>vicecancella-</strong></span> 
     </span>
     <span class='ocr_line' id='line_1_17' title="bbox 64 1905 773 1984; baseline 0.004 -18"><span class='ocrx_word' id='word_1_91' title='bbox 64 1905 176 1969; x_wconf 88' lang='lat' dir='ltr'><strong>nterlici</strong></span> <span class='ocrx_word' id='word_1_92' title='bbox 188 1909 269 1981; x_wconf 86' lang='lat' dir='ltr'><strong>lecit,</strong></span> <span class='ocrx_word' id='word_1_93' title='bbox 280 1909 307 1967; x_wconf 94' lang='lat' dir='ltr'><strong>in</strong></span> <span class='ocrx_word' id='word_1_94' title='bbox 320 1910 400 1970; x_wconf 80' lang='lat' dir='ltr'><strong>curia</strong></span> <span class='ocrx_word' id='word_1_95' title='bbox 411 1927 463 1968; x_wconf 90' lang='lat' dir='ltr'><strong>suo</strong></span> <span class='ocrx_word' id='word_1_96' title='bbox 476 1924 540 1971; x_wconf 88' lang='lat' dir='ltr'><strong>ante</strong></span> <span class='ocrx_word' id='word_1_97' title='bbox 551 1909 668 1984; x_wconf 83' lang='lat' dir='ltr'><strong>domnio</strong></span> <span class='ocrx_word' id='word_1_98' title='bbox 679 1906 773 1984; x_wconf 85' lang='lat' dir='ltr'><strong>suam,</strong></span> 
     </span>
     <span class='ocr_line' id='line_1_18' title="bbox 60 2007 775 2088; baseline 0.006 -21"><span class='ocrx_word' id='word_1_99' title='bbox 60 2027 78 2067; x_wconf 89' lang='lat' dir='ltr'><strong>a</strong></span> <span class='ocrx_word' id='word_1_100' title='bbox 100 2007 228 2087; x_wconf 83' lang='lat' dir='ltr'><strong>publica,</strong></span> <span class='ocrx_word' id='word_1_101' title='bbox 250 2027 337 2087; x_wconf 83' lang='lat' dir='ltr'><strong>quain</strong></span> <span class='ocrx_word' id='word_1_102' title='bbox 352 2010 473 2088; x_wconf 86' lang='lat' dir='ltr'><strong>magnis</strong></span> <span class='ocrx_word' id='word_1_103' title='bbox 495 2010 629 2072; x_wconf 77' lang='lat' dir='ltr'><strong>trabibus</strong></span> <span class='ocrx_word' id='word_1_104' title='bbox 642 2009 775 2088; x_wconf 88' lang='lat' dir='ltr'><strong>undique</strong></span> 
     </span>
     <span class='ocr_line' id='line_1_19' title="bbox 61 2110 774 2189; baseline 0.007 -24"><span class='ocrx_word' id='word_1_105' title='bbox 61 2110 109 2182; x_wconf 77' lang='lat' dir='ltr'><strong>iit,</strong></span> <span class='ocrx_word' id='word_1_106' title='bbox 132 2112 262 2187; x_wconf 90' lang='lat' dir='ltr'><strong>quinque</strong></span> <span class='ocrx_word' id='word_1_107' title='bbox 286 2118 387 2170; x_wconf 90' lang='lat' dir='ltr'><strong>tauros</strong></span> <span class='ocrx_word' id='word_1_108' title='bbox 397 2137 414 2183; x_wconf 88' lang='lat'><strong>·,</strong></span> <span class='ocrx_word' id='word_1_109' title='bbox 443 2113 493 2188; x_wconf 94' lang='lat' dir='ltr'><strong>qui</strong></span> <span class='ocrx_word' id='word_1_110' title='bbox 521 2111 619 2189; x_wconf 81' lang='lat' dir='ltr'><strong>piures</strong></span> <span class='ocrx_word' id='word_1_111' title='bbox 645 2110 774 2171; x_wconf 85' lang='lat' dir='ltr'><strong>homines</strong></span> 
     </span>
     <span class='ocr_line' id='line_1_20' title="bbox 61 2211 774 2292; baseline 0.006 -24"><span class='ocrx_word' id='word_1_112' title='bbox 61 2222 122 2270; x_wconf 84' lang='lat' dir='ltr'><strong>unt</strong></span> <span class='ocrx_word' id='word_1_113' title='bbox 142 2220 172 2271; x_wconf 90' lang='lat' dir='ltr'><strong>et</strong></span> <span class='ocrx_word' id='word_1_114' title='bbox 194 2211 364 2271; x_wconf 85' lang='lat' dir='ltr'><strong>occiderunt</strong></span> <span class='ocrx_word' id='word_1_115' title='bbox 386 2223 539 2290; x_wconf 88' lang='lat' dir='ltr'><strong>antequam</strong></span> <span class='ocrx_word' id='word_1_116' title='bbox 557 2213 609 2292; x_wconf 91' lang='lat' dir='ltr'><strong>ipsi</strong></span> <span class='ocrx_word' id='word_1_117' title='bbox 626 2213 774 2272; x_wconf 88' lang='lat' dir='ltr'><strong>interime·</strong></span> 
     </span>
     <span class='ocr_line' id='line_1_21' title="bbox 61 2309 773 2391; baseline 0.007 -23"><span class='ocrx_word' id='word_1_118' title='bbox 61 2332 93 2372; x_wconf 85' lang='lat' dir='ltr'><strong>ir.</strong></span> <span class='ocrx_word' id='word_1_119' title='bbox 106 2311 240 2391; x_wconf 75' lang='lat' dir='ltr'><strong>&#39;Episcopi</strong></span> <span class='ocrx_word' id='word_1_120' title='bbox 253 2311 384 2372; x_wconf 82' lang='lat' dir='ltr'><strong>Pacensis</strong></span> <span class='ocrx_word' id='word_1_121' title='bbox 393 2323 422 2373; x_wconf 91' lang='lat' dir='ltr'><strong>et</strong></span> <span class='ocrx_word' id='word_1_122' title='bbox 437 2313 625 2374; x_wconf 64' lang='lat' dir='ltr'><strong>astoricensis</strong></span> <span class='ocrx_word' id='word_1_123' title='bbox 633 2309 773 2373; x_wconf 84' lang='lat' dir='ltr'><strong>Oratores</strong></span> 
     </span>
     <span class='ocr_line' id='line_1_22' title="bbox 61 2411 774 2492; baseline 0.004 -21"><span class='ocrx_word' id='word_1_124' title='bbox 61 2433 68 2471; x_wconf 86' lang='lat' dir='ltr'><strong>i</strong></span> <span class='ocrx_word' id='word_1_125' title='bbox 89 2423 118 2471; x_wconf 86' lang='lat' dir='ltr'><strong>et</strong></span> <span class='ocrx_word' id='word_1_126' title='bbox 140 2411 270 2489; x_wconf 81' lang='lat' dir='ltr'><strong>lleginaa</strong></span> <span class='ocrx_word' id='word_1_127' title='bbox 291 2412 502 2491; x_wconf 72' lang='lat' dir='ltr'><strong>Hispaniarum</strong></span> <span class='ocrx_word' id='word_1_128' title='bbox 523 2413 622 2492; x_wconf 89' lang='lat' dir='ltr'><strong>parari</strong></span> <span class='ocrx_word' id='word_1_129' title='bbox 642 2413 774 2474; x_wconf 82' lang='lat' dir='ltr'><strong>lecerunt</strong></span> 
     </span>
     <span class='ocr_line' id='line_1_23' title="bbox 61 2510 773 2592; baseline 0.004 -22"><span class='ocrx_word' id='word_1_130' title='bbox 61 2538 63 2570; x_wconf 85' lang='grc' dir='ltr'>ι</span> <span class='ocrx_word' id='word_1_131' title='bbox 85 2510 189 2572; x_wconf 81' lang='lat' dir='ltr'><strong>cortdtii</strong></span> <span class='ocrx_word' id='word_1_132' title='bbox 210 2522 275 2591; x_wconf 87' lang='lat' dir='ltr'><strong>post</strong></span> <span class='ocrx_word' id='word_1_133' title='bbox 292 2514 419 2572; x_wconf 84' lang='lat' dir='ltr'><strong>medium</strong></span> <span class='ocrx_word' id='word_1_134' title='bbox 443 2514 568 2592; x_wconf 78' lang='lat' dir='ltr'><strong>Agonis,</strong></span> <span class='ocrx_word' id='word_1_135' title='bbox 587 2524 619 2574; x_wconf 89' lang='lat' dir='ltr'><strong>et</strong></span> <span class='ocrx_word' id='word_1_136' title='bbox 640 2512 773 2589; x_wconf 68' lang='lat' dir='ltr'><strong>arabibus</strong></span> 
     </span>
     <span class='ocr_line' id='line_1_24' title="bbox 64 2613 773 2697; baseline 0.004 -26"><span class='ocrx_word' id='word_1_137' title='bbox 64 2613 138 2674; x_wconf 91' lang='lat' dir='ltr'><strong>bulis</strong></span> <span class='ocrx_word' id='word_1_138' title='bbox 158 2614 294 2674; x_wconf 83' lang='lat' dir='ltr'><strong>Castrum</strong></span> <span class='ocrx_word' id='word_1_139' title='bbox 313 2631 408 2697; x_wconf 13' lang='lat' dir='ltr'><strong>&#39;unum</strong></span> <span class='ocrx_word' id='word_1_140' title='bbox 429 2618 553 2676; x_wconf 86' lang='lat' dir='ltr'><strong>ernincirs</strong></span> <span class='ocrx_word' id='word_1_141' title='bbox 575 2633 643 2675; x_wconf 88' lang='lat' dir='ltr'><strong>cum</strong></span> <span class='ocrx_word' id='word_1_142' title='bbox 665 2614 773 2689; x_wconf 75' lang='lat' dir='ltr'><strong>Turni,</strong></span> 
     </span>
     <span class='ocr_line' id='line_1_25' title="bbox 60 2714 774 2795; baseline 0.004 -22"><span class='ocrx_word' id='word_1_143' title='bbox 60 2733 154 2776; x_wconf 86' lang='lat' dir='ltr'><strong>iotuen</strong></span> <span class='ocrx_word' id='word_1_144' title='bbox 176 2714 318 2776; x_wconf 90' lang='lat' dir='ltr'><strong>dederunt</strong></span> <span class='ocrx_word' id='word_1_145' title='bbox 340 2716 503 2790; x_wconf 86' lang='lat' dir='ltr'><strong>Gruaotn,</strong></span> <span class='ocrx_word' id='word_1_146' title='bbox 522 2726 550 2777; x_wconf 91' lang='lat' dir='ltr'><strong>et</strong></span> <span class='ocrx_word' id='word_1_147' title='bbox 568 2734 586 2776; x_wconf 89' lang='lat' dir='ltr'><strong>a</strong></span> <span class='ocrx_word' id='word_1_148' title='bbox 607 2725 688 2777; x_wconf 86' lang='lat' dir='ltr'><strong>retro</strong></span> <span class='ocrx_word' id='word_1_149' title='bbox 710 2726 774 2795; x_wconf 91' lang='lat' dir='ltr'><strong>post</strong></span> 
     </span>
    </p>
   </div>
   <div class='ocr_carea' id='block_1_3' title="bbox 60 2955 775 5417">
    <p class='ocr_par' dir='ltr' id='par_1_3' title="bbox 61 2955 775 4627">
     <span class='ocr_line' id='line_1_26' title="bbox 61 2955 772 3038; baseline 0.001 -24"><span class='ocrx_word' id='word_1_150' title='bbox 61 2977 72 3014; x_wconf 91' lang='lat' dir='ltr'><strong>s</strong></span> <span class='ocrx_word' id='word_1_151' title='bbox 84 2965 210 3014; x_wconf 81' lang='lat' dir='ltr'><strong>vexillam</strong></span> <span class='ocrx_word' id='word_1_152' title='bbox 222 2966 403 3028; x_wconf 85' lang='lat' dir='ltr'><strong>praelerebat,</strong></span> <span class='ocrx_word' id='word_1_153' title='bbox 415 2967 536 3017; x_wconf 87' lang='lat' dir='ltr'><strong>altiorem</strong></span> <span class='ocrx_word' id='word_1_154' title='bbox 549 2967 618 3038; x_wconf 81' lang='lat' dir='ltr'><strong>arcis</strong></span> <span class='ocrx_word' id='word_1_155' title='bbox 630 2955 772 3032; x_wconf 69' lang='lat' dir='ltr'><strong>dismbrac</strong></span> 
     </span>
     <span class='ocr_line' id='line_1_27' title="bbox 61 3044 773 3109; baseline 0.001 -15"><span class='ocrx_word' id='word_1_156' title='bbox 61 3057 83 3094; x_wconf 85' lang='lat' dir='ltr'><strong>m</strong></span> <span class='ocrx_word' id='word_1_157' title='bbox 110 3044 280 3102; x_wconf 81' lang='lat' dir='ltr'><strong>conscendit,</strong></span> <span class='ocrx_word' id='word_1_158' title='bbox 302 3050 328 3095; x_wconf 89' lang='lat' dir='ltr'><strong>ct</strong></span> <span class='ocrx_word' id='word_1_159' title='bbox 350 3051 464 3096; x_wconf 81' lang='lat' dir='ltr'><strong>creatam</strong></span> <span class='ocrx_word' id='word_1_160' title='bbox 488 3058 595 3103; x_wconf 80' lang='lat' dir='ltr'><strong>croceos</strong></span> <span class='ocrx_word' id='word_1_161' title='bbox 619 3048 773 3109; x_wconf 85' lang='lat' dir='ltr'><strong>reliquaque</strong></span> 
     </span>
     <span class='ocr_line' id='line_1_28' title="bbox 65 3123 773 3188; baseline -0.001 -15"><span class='ocrx_word' id='word_1_162' title='bbox 65 3129 199 3174; x_wconf 89' lang='lat' dir='ltr'><strong>acnoctis</strong></span> <span class='ocrx_word' id='word_1_163' title='bbox 216 3123 344 3181; x_wconf 66' lang='lat' dir='ltr'><strong>ostendtts</strong></span> <span class='ocrx_word' id='word_1_164' title='bbox 362 3137 440 3188; x_wconf 89' lang='lat' dir='ltr'><strong>qnam</strong></span> <span class='ocrx_word' id='word_1_165' title='bbox 457 3137 516 3175; x_wconf 91' lang='lat' dir='ltr'><strong>cum</strong></span> <span class='ocrx_word' id='word_1_166' title='bbox 532 3125 659 3175; x_wconf 86' lang='lat' dir='ltr'><strong>catbotici</strong></span> <span class='ocrx_word' id='word_1_167' title='bbox 674 3124 773 3174; x_wconf 81' lang='lat' dir='ltr'><strong>Princi-</strong></span> 
     </span>
     <span class='ocr_line' id='line_1_29' title="bbox 68 3204 773 3268; baseline 0 -15"><span class='ocrx_word' id='word_1_168' title='bbox 68 3207 192 3267; x_wconf 84' lang='lat' dir='ltr'><strong>regisque</strong></span> <span class='ocrx_word' id='word_1_169' title='bbox 216 3208 325 3268; x_wconf 88' lang='lat' dir='ltr'><strong>protes,</strong></span> <span class='ocrx_word' id='word_1_170' title='bbox 342 3212 368 3256; x_wconf 89' lang='lat' dir='ltr'><strong>ci</strong></span> <span class='ocrx_word' id='word_1_171' title='bbox 385 3208 524 3256; x_wconf 83' lang='lat' dir='ltr'><strong>unirersus</strong></span> <span class='ocrx_word' id='word_1_172' title='bbox 540 3206 676 3256; x_wconf 85' lang='lat' dir='ltr'><strong>exercitus</strong></span> <span class='ocrx_word' id='word_1_173' title='bbox 697 3204 773 3254; x_wconf 81' lang='lat' dir='ltr'><strong>flexis</strong></span> 
     </span>
     <span class='ocr_line' id='line_1_30' title="bbox 61 3283 773 3348; baseline 0.001 -15"><span class='ocrx_word' id='word_1_174' title='bbox 61 3297 89 3333; x_wconf 87' lang='lat' dir='ltr'><strong>na</strong></span> <span class='ocrx_word' id='word_1_175' title='bbox 115 3283 169 3344; x_wconf 81' lang='lat' dir='ltr'><strong>Deo</strong></span> <span class='ocrx_word' id='word_1_176' title='bbox 194 3285 294 3347; x_wconf 88' lang='lat' dir='ltr'><strong>gratias</strong></span> <span class='ocrx_word' id='word_1_177' title='bbox 318 3290 427 3348; x_wconf 85' lang='lat' dir='ltr'><strong>agentes</strong></span> <span class='ocrx_word' id='word_1_178' title='bbox 454 3285 628 3344; x_wconf 84' lang='lat' dir='ltr'><strong>adorassent,</strong></span> <span class='ocrx_word' id='word_1_179' title='bbox 650 3288 678 3334; x_wconf 88' lang='lat' dir='ltr'><strong>et</strong></span> <span class='ocrx_word' id='word_1_180' title='bbox 703 3285 773 3334; x_wconf 88' lang='lat' dir='ltr'><strong>arcis</strong></span> 
     </span>
     <span class='ocr_line' id='line_1_31' title="bbox 61 3365 774 3428; baseline 0.004 -18"><span class='ocrx_word' id='word_1_181' title='bbox 61 3368 121 3413; x_wconf 87' lang='lat' dir='ltr'><strong>brae</strong></span> <span class='ocrx_word' id='word_1_182' title='bbox 138 3367 285 3423; x_wconf 85' lang='lat' dir='ltr'><strong>custodiam</strong></span> <span class='ocrx_word' id='word_1_183' title='bbox 303 3366 388 3428; x_wconf 84' lang='lat' dir='ltr'><strong>lgnioo</strong></span> <span class='ocrx_word' id='word_1_184' title='bbox 404 3365 540 3416; x_wconf 81' lang='lat' dir='ltr'><strong>llendoaio</strong></span> <span class='ocrx_word' id='word_1_185' title='bbox 556 3365 711 3415; x_wconf 83' lang='lat' dir='ltr'><strong>Tenditiaao</strong></span> <span class='ocrx_word' id='word_1_186' title='bbox 726 3377 774 3414; x_wconf 89' lang='lat' dir='ltr'><strong>co·</strong></span> 
     </span>
     <span class='ocr_line' id='line_1_32' title="bbox 61 3445 772 3505; baseline 0.004 -14"><span class='ocrx_word' id='word_1_187' title='bbox 61 3446 275 3504; x_wconf 79' lang='lat' dir='ltr'><strong>commisissent,</strong></span> <span class='ocrx_word' id='word_1_188' title='bbox 296 3446 329 3494; x_wconf 86' lang='lat' dir='ltr'><strong>ad</strong></span> <span class='ocrx_word' id='word_1_189' title='bbox 348 3445 446 3505; x_wconf 83' lang='lat' dir='ltr'><strong>¹orbem</strong></span> <span class='ocrx_word' id='word_1_190' title='bbox 469 3459 563 3496; x_wconf 86' lang='lat' dir='ltr'><strong>norem</strong></span> <span class='ocrx_word' id='word_1_191' title='bbox 589 3446 724 3495; x_wconf 86' lang='lat' dir='ltr'><strong>redieruut</strong></span> <span class='ocrx_word' id='word_1_192' title='bbox 747 3448 772 3494; x_wconf 92' lang='lat' dir='ltr'><strong>in</strong></span> 
     </span>
     <span class='ocr_line' id='line_1_33' title="bbox 61 3521 774 3587; baseline 0.003 -17"><span class='ocrx_word' id='word_1_193' title='bbox 61 3536 87 3579; x_wconf 83' lang='lat' dir='ltr'><strong>a,</strong></span> <span class='ocrx_word' id='word_1_194' title='bbox 104 3535 248 3587; x_wconf 81' lang='lat' dir='ltr'><strong>secumque</strong></span> <span class='ocrx_word' id='word_1_195' title='bbox 268 3523 426 3574; x_wconf 84' lang='lat' dir='ltr'><strong>Boabdetem</strong></span> <span class='ocrx_word' id='word_1_196' title='bbox 451 3523 627 3576; x_wconf 82' lang='lat' dir='ltr'><strong>adduxeruut.</strong></span> <span class='ocrx_word' id='word_1_197' title='bbox 644 3521 691 3572; x_wconf 89' lang='lat' dir='ltr'><strong>libi</strong></span> <span class='ocrx_word' id='word_1_198' title='bbox 710 3535 774 3584; x_wconf 89' lang='lat' dir='ltr'><strong>per·</strong></span> 
     </span>
     <span class='ocr_line' id='line_1_34' title="bbox 63 3605 772 3670; baseline 0 -19"><span class='ocrx_word' id='word_1_199' title='bbox 63 3616 92 3652; x_wconf 91' lang='lat' dir='ltr'><strong>re</strong></span> <span class='ocrx_word' id='word_1_200' title='bbox 125 3607 291 3664; x_wconf 82' lang='lat' dir='ltr'><strong>statuerunt,</strong></span> <span class='ocrx_word' id='word_1_201' title='bbox 318 3606 489 3670; x_wconf 83' lang='lat' dir='ltr'><strong>quoadusque</strong></span> <span class='ocrx_word' id='word_1_202' title='bbox 508 3605 624 3656; x_wconf 70' lang='lat' dir='ltr'><strong>rtraditis</strong></span> <span class='ocrx_word' id='word_1_203' title='bbox 651 3605 733 3653; x_wconf 90' lang='lat' dir='ltr'><strong>armis</strong></span> <span class='ocrx_word' id='word_1_204' title='bbox 758 3615 772 3651; x_wconf 83' lang='lat' dir='ltr'><strong>s</strong></span> 
     </span>
     <span class='ocr_line' id='line_1_35' title="bbox 61 3681 756 3746; baseline 0.001 -16"><span class='ocrx_word' id='word_1_205' title='bbox 61 3684 101 3741; x_wconf 88' lang='lat' dir='ltr'><strong>is,</strong></span> <span class='ocrx_word' id='word_1_206' title='bbox 118 3688 144 3732; x_wconf 90' lang='lat' dir='ltr'><strong>et</strong></span> <span class='ocrx_word' id='word_1_207' title='bbox 161 3688 244 3732; x_wconf 88' lang='lat' dir='ltr'><strong>auctis</strong></span> <span class='ocrx_word' id='word_1_208' title='bbox 261 3683 470 3745; x_wconf 83' lang='lat' dir='ltr'><strong>Christianorum</strong></span> <span class='ocrx_word' id='word_1_209' title='bbox 487 3686 600 3734; x_wconf 87' lang='lat' dir='ltr'><strong>militum</strong></span> <span class='ocrx_word' id='word_1_210' title='bbox 616 3681 756 3746; x_wconf 86' lang='lat' dir='ltr'><strong>praesidiis</strong></span> 
     </span>
     <span class='ocr_line' id='line_1_36' title="bbox 63 3752 774 3826; baseline 0.001 -17"><span class='ocrx_word' id='word_1_211' title='bbox 63 3762 124 3810; x_wconf 89' lang='lat' dir='ltr'><strong>bem</strong></span> <span class='ocrx_word' id='word_1_212' title='bbox 141 3752 372 3824; x_wconf 83' lang='lat' dir='ltr'><strong>populosissimam</strong></span> <span class='ocrx_word' id='word_1_213' title='bbox 390 3768 471 3815; x_wconf 86' lang='lat' dir='ltr'><strong>tutior</strong></span> <span class='ocrx_word' id='word_1_214' title='bbox 487 3770 560 3819; x_wconf 86' lang='lat' dir='ltr'><strong>asset</strong></span> <span class='ocrx_word' id='word_1_215' title='bbox 576 3760 774 3826; x_wconf 84' lang='lat' dir='ltr'><strong>ingressusllio</strong></span> 
     </span>
     <span class='ocr_line' id='line_1_37' title="bbox 61 3844 774 3908; baseline 0.001 -19"><span class='ocrx_word' id='word_1_216' title='bbox 61 3853 78 3891; x_wconf 56' lang='lat' dir='ltr'><strong>,s</strong></span> <span class='ocrx_word' id='word_1_217' title='bbox 94 3853 185 3903; x_wconf 78' lang='lat' dir='ltr'><strong>pauca</strong></span> <span class='ocrx_word' id='word_1_218' title='bbox 201 3844 366 3902; x_wconf 86' lang='lat' dir='ltr'><strong>commorati,</strong></span> <span class='ocrx_word' id='word_1_219' title='bbox 376 3845 534 3908; x_wconf 85' lang='lat' dir='ltr'><strong>quibusdam</strong></span> <span class='ocrx_word' id='word_1_220' title='bbox 551 3845 677 3894; x_wconf 86' lang='lat' dir='ltr'><strong>contectis</strong></span> <span class='ocrx_word' id='word_1_221' title='bbox 693 3853 774 3903; x_wconf 87' lang='lat' dir='ltr'><strong>nego·</strong></span> 
     </span>
     <span class='ocr_line' id='line_1_38' title="bbox 63 3921 775 3987; baseline 0.004 -16"><span class='ocrx_word' id='word_1_222' title='bbox 63 3927 91 3971; x_wconf 94' lang='lat' dir='ltr'><strong>et</strong></span> <span class='ocrx_word' id='word_1_223' title='bbox 108 3921 238 3973; x_wconf 71' lang='lat' dir='ltr'><strong>rebusad</strong></span> <span class='ocrx_word' id='word_1_224' title='bbox 256 3924 330 3974; x_wconf 86' lang='lat' dir='ltr'><strong>arbts</strong></span> <span class='ocrx_word' id='word_1_225' title='bbox 346 3938 492 3987; x_wconf 86' lang='lat' dir='ltr'><strong>ingressum</strong></span> <span class='ocrx_word' id='word_1_226' title='bbox 514 3925 674 3976; x_wconf 85' lang='lat' dir='ltr'><strong>necessariis</strong></span> <span class='ocrx_word' id='word_1_227' title='bbox 700 3936 775 3974; x_wconf 87' lang='lat' dir='ltr'><strong>com·</strong></span> 
     </span>
     <span class='ocr_line' id='line_1_39' title="bbox 61 4003 773 4069; baseline 0.008 -22"><span class='ocrx_word' id='word_1_228' title='bbox 61 4003 103 4061; x_wconf 86' lang='lat' dir='ltr'><strong>is,</strong></span> <span class='ocrx_word' id='word_1_229' title='bbox 129 4013 190 4052; x_wconf 89' lang='lat' dir='ltr'><strong>cum</strong></span> <span class='ocrx_word' id='word_1_230' title='bbox 219 4007 306 4054; x_wconf 88' lang='lat' dir='ltr'><strong>multis</strong></span> <span class='ocrx_word' id='word_1_231' title='bbox 333 4011 441 4057; x_wconf 84' lang='lat' dir='ltr'><strong>armatis</strong></span> <span class='ocrx_word' id='word_1_232' title='bbox 467 4004 619 4069; x_wconf 79' lang='lat' dir='ltr'><strong>equitibus,</strong></span> <span class='ocrx_word' id='word_1_233' title='bbox 645 4016 713 4066; x_wconf 89' lang='lat' dir='ltr'><strong>quos</strong></span> <span class='ocrx_word' id='word_1_234' title='bbox 740 4016 773 4053; x_wconf 83' lang='lat' dir='ltr'><strong>ex</strong></span> 
     </span>
     <span class='ocr_line' id='line_1_40' title="bbox 61 4084 773 4156; baseline 0.007 -26"><span class='ocrx_word' id='word_1_235' title='bbox 61 4084 214 4144; x_wconf 82' lang='lat' dir='ltr'><strong>spartrbos</strong></span> <span class='ocrx_word' id='word_1_236' title='bbox 239 4085 413 4152; x_wconf 61' lang='lat' dir='ltr'><strong>acciverant,</strong></span> <span class='ocrx_word' id='word_1_237' title='bbox 434 4091 461 4137; x_wconf 86' lang='lat' dir='ltr'><strong>st</strong></span> <span class='ocrx_word' id='word_1_238' title='bbox 486 4099 578 4156; x_wconf 83' lang='lat' dir='ltr'><strong>magno</strong></span> <span class='ocrx_word' id='word_1_239' title='bbox 605 4086 773 4138; x_wconf 84' lang='lat' dir='ltr'><strong>sacerdotum</strong></span> 
     </span>
     <span class='ocr_line' id='line_1_41' title="bbox 64 4163 772 4237; baseline 0 -23"><span class='ocrx_word' id='word_1_240' title='bbox 64 4178 112 4223; x_wconf 92' lang='lat' dir='ltr'><strong>ro,</strong></span> <span class='ocrx_word' id='word_1_241' title='bbox 135 4163 166 4218; x_wconf 77' lang='lat' dir='ltr'><strong>Ta</strong></span> <span class='ocrx_word' id='word_1_242' title='bbox 188 4166 268 4216; x_wconf 80' lang='lat' dir='ltr'><strong>Deam</strong></span> <span class='ocrx_word' id='word_1_243' title='bbox 285 4165 421 4216; x_wconf 80' lang='lat' dir='ltr'><strong>londonias</strong></span> <span class='ocrx_word' id='word_1_244' title='bbox 436 4167 614 4237; x_wconf 65' lang='lat' dir='ltr'><strong>depactum,</strong></span> <span class='ocrx_word' id='word_1_245' title='bbox 632 4168 772 4215; x_wconf 83' lang='lat' dir='ltr'><strong>Granatam</strong></span> 
     </span>
     <span class='ocr_line' id='line_1_42' title="bbox 61 4243 775 4308; baseline 0.001 -15"><span class='ocrx_word' id='word_1_246' title='bbox 61 4257 74 4293; x_wconf 88' lang='lat' dir='ltr'><strong>n</strong></span> <span class='ocrx_word' id='word_1_247' title='bbox 92 4243 146 4294; x_wconf 82' lang='lat' dir='ltr'><strong>Deo</strong></span> <span class='ocrx_word' id='word_1_248' title='bbox 162 4247 263 4308; x_wconf 90' lang='lat' dir='ltr'><strong>optimo</strong></span> <span class='ocrx_word' id='word_1_249' title='bbox 279 4248 410 4304; x_wconf 81' lang='lat' dir='ltr'><strong>maximo,</strong></span> <span class='ocrx_word' id='word_1_250' title='bbox 426 4247 503 4306; x_wconf 77' lang='lat' dir='ltr'><strong>cajus</strong></span> <span class='ocrx_word' id='word_1_251' title='bbox 520 4247 617 4295; x_wconf 81' lang='lat' dir='ltr'><strong>auxilio</strong></span> <span class='ocrx_word' id='word_1_252' title='bbox 639 4244 701 4294; x_wconf 89' lang='lat' dir='ltr'><strong>betti</strong></span> <span class='ocrx_word' id='word_1_253' title='bbox 725 4257 775 4306; x_wconf 86' lang='lat' dir='ltr'><strong>pa·</strong></span> 
     </span>
     <span class='ocr_line' id='line_1_43' title="bbox 61 4322 774 4388; baseline 0.001 -15"><span class='ocrx_word' id='word_1_254' title='bbox 61 4328 113 4374; x_wconf 89' lang='lat' dir='ltr'><strong>tam</strong></span> <span class='ocrx_word' id='word_1_255' title='bbox 130 4322 207 4374; x_wconf 85' lang='lat' dir='ltr'><strong>daem</strong></span> <span class='ocrx_word' id='word_1_256' title='bbox 225 4326 417 4388; x_wconf 75' lang='lat' dir='ltr'><strong>gloriosamque</strong></span> <span class='ocrx_word' id='word_1_257' title='bbox 434 4327 569 4375; x_wconf 83' lang='lat' dir='ltr'><strong>victoriam</strong></span> <span class='ocrx_word' id='word_1_258' title='bbox 588 4324 692 4374; x_wconf 82' lang='lat' dir='ltr'><strong>inerant</strong></span> <span class='ocrx_word' id='word_1_259' title='bbox 709 4325 774 4374; x_wconf 85' lang='lat' dir='ltr'><strong>adc-</strong></span> 
     </span>
     <span class='ocr_line' id='line_1_44' title="bbox 61 4405 773 4468; baseline 0.004 -17"><span class='ocrx_word' id='word_1_260' title='bbox 61 4405 149 4464; x_wconf 68' lang='lat' dir='ltr'><strong>prntias</strong></span> <span class='ocrx_word' id='word_1_261' title='bbox 167 4410 275 4466; x_wconf 75' lang='lat' dir='ltr'><strong>agentes</strong></span> <span class='ocrx_word' id='word_1_262' title='bbox 293 4407 413 4466; x_wconf 85' lang='lat' dir='ltr'><strong>ingressi,</strong></span> <span class='ocrx_word' id='word_1_263' title='bbox 425 4406 556 4468; x_wconf 84' lang='lat' dir='ltr'><strong>valdeque</strong></span> <span class='ocrx_word' id='word_1_264' title='bbox 569 4406 698 4454; x_wconf 79' lang='lat' dir='ltr'><strong>taetantes</strong></span> <span class='ocrx_word' id='word_1_265' title='bbox 710 4407 773 4454; x_wconf 86' lang='lat' dir='ltr'><strong>rota</strong></span> 
     </span>
     <span class='ocr_line' id='line_1_45' title="bbox 66 4483 773 4548; baseline 0.001 -16"><span class='ocrx_word' id='word_1_266' title='bbox 66 4483 189 4545; x_wconf 84' lang='lat' dir='ltr'><strong>religiose</strong></span> <span class='ocrx_word' id='word_1_267' title='bbox 201 4488 385 4546; x_wconf 79' lang='lat' dir='ltr'><strong>promiserant</strong></span> <span class='ocrx_word' id='word_1_268' title='bbox 397 4486 597 4548; x_wconf 79' lang='lat' dir='ltr'><strong>persolveruat;</strong></span> <span class='ocrx_word' id='word_1_269' title='bbox 607 4484 704 4534; x_wconf 82' lang='lat' dir='ltr'><strong>deindo</strong></span> <span class='ocrx_word' id='word_1_270' title='bbox 715 4496 773 4539; x_wconf 83' lang='lat' dir='ltr'><strong>car·</strong></span> 
     </span>
     <span class='ocr_line' id='line_1_46' title="bbox 61 4564 773 4627; baseline 0 -14"><span class='ocrx_word' id='word_1_271' title='bbox 61 4569 144 4613; x_wconf 79' lang='lat' dir='ltr'><strong>sotios</strong></span> <span class='ocrx_word' id='word_1_272' title='bbox 167 4576 226 4614; x_wconf 89' lang='lat' dir='ltr'><strong>cum</strong></span> <span class='ocrx_word' id='word_1_273' title='bbox 251 4567 335 4616; x_wconf 86' lang='lat' dir='ltr'><strong>literis</strong></span> <span class='ocrx_word' id='word_1_274' title='bbox 356 4568 389 4616; x_wconf 91' lang='lat' dir='ltr'><strong>da</strong></span> <span class='ocrx_word' id='word_1_275' title='bbox 414 4568 542 4622; x_wconf 80' lang='lat' dir='ltr'><strong>victoria,</strong></span> <span class='ocrx_word' id='word_1_276' title='bbox 559 4577 635 4627; x_wconf 88' lang='lat' dir='ltr'><strong>quam</strong></span> <span class='ocrx_word' id='word_1_277' title='bbox 653 4564 708 4614; x_wconf 81' lang='lat' dir='ltr'><strong>ilco</strong></span> <span class='ocrx_word' id='word_1_278' title='bbox 731 4565 773 4621; x_wconf 86' lang='lat' dir='ltr'><strong>iu·</strong></span> 
     </span>
    </p>

    <p class='ocr_par' dir='ltr' id='par_1_4' title="bbox 61 4643 773 5021">
     <span class='ocr_line' id='line_1_47' title="bbox 78 4643 773 4719; baseline 0.003 -27"><span class='ocrx_word' id='word_1_279' title='bbox 78 4643 227 4693; x_wconf 81' lang='lat' dir='ltr'><strong>dsllsuris</strong></span> <span class='ocrx_word' id='word_1_280' title='bbox 243 4644 407 4696; x_wconf 83' lang='lat' dir='ltr'><strong>Christianae</strong></span> <span class='ocrx_word' id='word_1_281' title='bbox 424 4648 560 4719; x_wconf 87' lang='lat' dir='ltr'><strong>religionis</strong></span> <span class='ocrx_word' id='word_1_282' title='bbox 582 4644 704 4696; x_wconf 90' lang='lat' dir='ltr'><strong>bostibns</strong></span> <span class='ocrx_word' id='word_1_283' title='bbox 727 4644 773 4694; x_wconf 89' lang='lat' dir='ltr'><strong>bs·</strong></span> 
     </span>
     <span class='ocr_line' id='line_1_48' title="bbox 61 4723 772 4783; baseline 0.007 -11"><span class='ocrx_word' id='word_1_284' title='bbox 61 4727 121 4783; x_wconf 80' lang='lat' dir='ltr'><strong>snt,</strong></span> <span class='ocrx_word' id='word_1_285' title='bbox 138 4723 171 4773; x_wconf 86' lang='lat' dir='ltr'><strong>ad</strong></span> <span class='ocrx_word' id='word_1_286' title='bbox 189 4723 368 4776; x_wconf 86' lang='lat' dir='ltr'><strong>innocentium</strong></span> <span class='ocrx_word' id='word_1_287' title='bbox 394 4739 525 4778; x_wconf 87' lang='lat' dir='ltr'><strong>summum</strong></span> <span class='ocrx_word' id='word_1_288' title='bbox 542 4725 711 4782; x_wconf 75' lang='lat' dir='ltr'><strong>Pontificem,</strong></span> <span class='ocrx_word' id='word_1_289' title='bbox 738 4724 772 4777; x_wconf 85' lang='lat' dir='ltr'><strong>ad</strong></span> 
     </span>
     <span class='ocr_line' id='line_1_49' title="bbox 61 4799 773 4866; baseline 0.001 -16"><span class='ocrx_word' id='word_1_290' title='bbox 61 4804 150 4860; x_wconf 87' lang='lat' dir='ltr'><strong>nates,</strong></span> <span class='ocrx_word' id='word_1_291' title='bbox 165 4802 198 4852; x_wconf 85' lang='lat' dir='ltr'><strong>ad</strong></span> <span class='ocrx_word' id='word_1_292' title='bbox 215 4799 379 4854; x_wconf 82' lang='lat' dir='ltr'><strong>Christianos</strong></span> <span class='ocrx_word' id='word_1_293' title='bbox 395 4807 529 4866; x_wconf 84' lang='lat' dir='ltr'><strong>principes</strong></span> <span class='ocrx_word' id='word_1_294' title='bbox 539 4840 551 4860; x_wconf 80' lang='lat'><strong>,</strong></span> <span class='ocrx_word' id='word_1_295' title='bbox 563 4803 597 4854; x_wconf 84' lang='lat' dir='ltr'><strong>ad</strong></span> <span class='ocrx_word' id='word_1_296' title='bbox 619 4815 712 4854; x_wconf 78' lang='lat' dir='ltr'><strong>omncs</strong></span> <span class='ocrx_word' id='word_1_297' title='bbox 730 4804 773 4851; x_wconf 81' lang='lat' dir='ltr'><strong>tii·</strong></span> 
     </span>
     <span class='ocr_line' id='line_1_50' title="bbox 61 4879 772 4944; baseline 0.004 -16"><span class='ocrx_word' id='word_1_298' title='bbox 61 4891 87 4928; x_wconf 88' lang='lat' dir='ltr'><strong>ia</strong></span> <span class='ocrx_word' id='word_1_299' title='bbox 115 4879 270 4944; x_wconf 83' lang='lat' dir='ltr'><strong>Siciliaeque</strong></span> <span class='ocrx_word' id='word_1_300' title='bbox 303 4886 424 4932; x_wconf 80' lang='lat' dir='ltr'><strong>civitates</strong></span> <span class='ocrx_word' id='word_1_301' title='bbox 451 4883 617 4933; x_wconf 86' lang='lat' dir='ltr'><strong>destinarunt</strong></span> <span class='ocrx_word' id='word_1_302' title='bbox 647 4903 672 4925; x_wconf 76' lang='grc' dir='ltr'><strong>ι.</strong></span> <span class='ocrx_word' id='word_1_303' title='bbox 700 4880 772 4931; x_wconf 84' lang='lat' dir='ltr'><strong>Haec</strong></span> 
     </span>
     <span class='ocr_line' id='line_1_51' title="bbox 61 4958 771 5021; baseline 0.003 -14"><span class='ocrx_word' id='word_1_304' title='bbox 61 4967 80 5007; x_wconf 80' lang='lat' dir='ltr'><strong>a</strong></span> <span class='ocrx_word' id='word_1_305' title='bbox 98 4960 280 5017; x_wconf 70' lang='lat' dir='ltr'><strong>marinaeus,</strong></span> <span class='ocrx_word' id='word_1_306' title='bbox 296 4960 326 5010; x_wconf 79' lang='lat' dir='ltr'><strong>ds</strong></span> <span class='ocrx_word' id='word_1_307' title='bbox 342 4960 420 5010; x_wconf 76' lang='lat' dir='ltr'><strong>liebus</strong></span> <span class='ocrx_word' id='word_1_308' title='bbox 443 4959 513 5021; x_wconf 77' lang='lat' dir='ltr'><strong>tltsp.</strong></span> <span class='ocrx_word' id='word_1_309' title='bbox 540 4959 580 5009; x_wconf 85' lang='lat' dir='ltr'><strong>lib.</strong></span> <span class='ocrx_word' id='word_1_310' title='bbox 605 4962 644 5010; x_wconf 78' lang='lat'><strong>2⁰.</strong></span> <span class='ocrx_word' id='word_1_311' title='bbox 663 4958 771 5009; x_wconf 83' lang='lat' dir='ltr'><strong>videndi</strong></span> 
     </span>
    </p>

    <p class='ocr_par' dir='ltr' id='par_1_5' title="bbox 60 5033 774 5417">
     <span class='ocr_line' id='line_1_52' title="bbox 77 5033 774 5095; baseline -0.001 -8"><span class='ocrx_word' id='word_1_312' title='bbox 77 5035 207 5087; x_wconf 77' lang='lat' dir='ltr'><strong>bissinus</strong></span> <span class='ocrx_word' id='word_1_313' title='bbox 224 5033 326 5095; x_wconf 43' lang='lat' dir='ltr'><strong>titan,</strong></span> <span class='ocrx_word' id='word_1_314' title='bbox 345 5048 367 5085; x_wconf 83' lang='lat' dir='ltr'><strong>s.</strong></span> <span class='ocrx_word' id='word_1_315' title='bbox 392 5039 429 5087; x_wconf 71' lang='lat' dir='ltr'><strong>ta</strong></span> <span class='ocrx_word' id='word_1_316' title='bbox 459 5036 531 5087; x_wconf 83' lang='lat' dir='ltr'><strong>sarit</strong></span> <span class='ocrx_word' id='word_1_317' title='bbox 555 5036 602 5086; x_wconf 80' lang='lat' dir='ltr'><strong>tto.</strong></span> <span class='ocrx_word' id='word_1_318' title='bbox 623 5037 662 5086; x_wconf 81' lang='lat'><strong>2⁰.</strong></span> <span class='ocrx_word' id='word_1_319' title='bbox 685 5047 707 5084; x_wconf 87' lang='lat' dir='ltr'><strong>c.</strong></span> <span class='ocrx_word' id='word_1_320' title='bbox 731 5038 774 5094; x_wconf 65' lang='lat' dir='ltr'><strong>aa</strong></span> 
     </span>
     <span class='ocr_line' id='line_1_53' title="bbox 60 5113 769 5176; baseline 0 -14"><span class='ocrx_word' id='word_1_321' title='bbox 60 5124 116 5165; x_wconf 79' lang='lat' dir='ltr'><strong>isa.</strong></span> <span class='ocrx_word' id='word_1_322' title='bbox 128 5114 155 5162; x_wconf 82' lang='lat' dir='ltr'><strong>io</strong></span> <span class='ocrx_word' id='word_1_323' title='bbox 167 5114 443 5176; x_wconf 70' lang='lat' dir='ltr'><strong>carcassonensis.</strong></span> <span class='ocrx_word' id='word_1_324' title='bbox 455 5118 611 5166; x_wconf 85' lang='lat' dir='ltr'><strong>voasraas.</strong></span> <span class='ocrx_word' id='word_1_325' title='bbox 629 5113 769 5176; x_wconf 81' lang='lat' dir='ltr'><strong>Gsopropt.</strong></span> 
     </span>
     <span class='ocr_line' id='line_1_54' title="bbox 74 5193 770 5256; baseline 0.001 -13"><span class='ocrx_word' id='word_1_326' title='bbox 74 5193 125 5244; x_wconf 81' lang='lat' dir='ltr'><strong>ool.</strong></span> <span class='ocrx_word' id='word_1_327' title='bbox 142 5197 165 5244; x_wconf 82' lang='lat' dir='ltr'><strong>t.</strong></span> <span class='ocrx_word' id='word_1_328' title='bbox 180 5206 237 5256; x_wconf 75' lang='lat' dir='ltr'><strong>aaa</strong></span> <span class='ocrx_word' id='word_1_329' title='bbox 250 5196 288 5244; x_wconf 76' lang='lat' dir='ltr'><strong>so.</strong></span> <span class='ocrx_word' id='word_1_330' title='bbox 302 5198 400 5244; x_wconf 82' lang='lat' dir='ltr'><strong>sassa.</strong></span> <span class='ocrx_word' id='word_1_331' title='bbox 412 5194 475 5245; x_wconf 80' lang='lat' dir='ltr'><strong>lton.</strong></span> <span class='ocrx_word' id='word_1_332' title='bbox 493 5195 529 5245; x_wconf 84' lang='lat' dir='ltr'><strong>ttt.</strong></span> <span class='ocrx_word' id='word_1_333' title='bbox 548 5193 565 5244; x_wconf 76' lang='lat' dir='ltr'><strong>t,</strong></span> <span class='ocrx_word' id='word_1_334' title='bbox 576 5195 599 5243; x_wconf 86' lang='lat' dir='ltr'><strong>a.</strong></span> <span class='ocrx_word' id='word_1_335' title='bbox 616 5196 770 5253; x_wconf 76' lang='lat' dir='ltr'><strong>arrasam,</strong></span> 
     </span>
     <span class='ocr_line' id='line_1_55' title="bbox 61 5271 770 5326; baseline 0.003 -6"><span class='ocrx_word' id='word_1_336' title='bbox 61 5271 148 5323; x_wconf 76' lang='lat' dir='ltr'><strong>‚eccl</strong></span> <span class='ocrx_word' id='word_1_337' title='bbox 165 5273 199 5324; x_wconf 88' lang='lat' dir='ltr'><strong>od</strong></span> <span class='ocrx_word' id='word_1_338' title='bbox 214 5286 276 5323; x_wconf 84' lang='lat' dir='ltr'><strong>ooo.</strong></span> <span class='ocrx_word' id='word_1_339' title='bbox 301 5274 369 5324; x_wconf 66' lang='lat'><strong>1492</strong></span> <span class='ocrx_word' id='word_1_340' title='bbox 395 5276 563 5326; x_wconf 86' lang='lat' dir='ltr'><strong>llonumsuta</strong></span> <span class='ocrx_word' id='word_1_341' title='bbox 583 5273 708 5325; x_wconf 85' lang='lat' dir='ltr'><strong>nonnulla</strong></span> <span class='ocrx_word' id='word_1_342' title='bbox 728 5275 770 5322; x_wconf 87' lang='lat' dir='ltr'><strong>in·</strong></span> 
     </span>
     <span class='ocr_line' id='line_1_56' title="bbox 61 5351 394 5417; baseline -0.003 -15"><span class='ocrx_word' id='word_1_343' title='bbox 61 5365 68 5402; x_wconf 86' lang='lat' dir='ltr'><strong>i</strong></span> <span class='ocrx_word' id='word_1_344' title='bbox 84 5354 195 5417; x_wconf 83' lang='lat' dir='ltr'><strong>insuper</strong></span> <span class='ocrx_word' id='word_1_345' title='bbox 212 5354 238 5402; x_wconf 89' lang='lat' dir='ltr'><strong>tn</strong></span> <span class='ocrx_word' id='word_1_346' title='bbox 254 5351 394 5417; x_wconf 84' lang='lat' dir='ltr'><strong>appendic.</strong></span> 
     </span>
    </p>
   </div>
   <div class='ocr_carea' id='block_1_4' title="bbox 453 252 1160 346">
    <p class='ocr_par' dir='ltr' id='par_1_6' title="bbox 453 252 1160 346">
     <span class='ocr_line' id='line_1_57' title="bbox 453 252 1160 346; baseline 0.001 -22"><span class='ocrx_word' id='word_1_347' title='bbox 453 261 738 331; x_wconf 80' lang='lat' dir='ltr'><strong>nourinrcsnua</strong></span> <span class='ocrx_word' id='word_1_348' title='bbox 758 252 985 346; x_wconf 81' lang='lat' dir='ltr'><strong>inuocanrn</strong></span> <span class='ocrx_word' id='word_1_349' title='bbox 1006 263 1160 329; x_wconf 83' lang='lat' dir='ltr'><strong>ocrsvr.</strong></span> 
     </span>
    </p>
   </div>
   <div class='ocr_carea' id='block_1_5' title="bbox 1572 262 1636 323">
    <p class='ocr_par' dir='ltr' id='par_1_7' title="bbox 1572 262 1636 323">
     <span class='ocr_line' id='line_1_58' title="bbox 1572 262 1636 323; baseline -0.063 1"><span class='ocrx_word' id='word_1_350' title='bbox 1572 262 1636 323; x_wconf 76' lang='lat' dir='ltr'><strong>loti</strong></span> 
     </span>
    </p>
   </div>
   <div class='ocr_carea' id='block_1_6' title="bbox 840 398 1638 5422">
    <p class='ocr_par' dir='ltr' id='par_1_8' title="bbox 840 398 1638 3494">
     <span class='ocr_line' id='line_1_59' title="bbox 842 398 1634 483; baseline -0.008 -18"><span class='ocrx_word' id='word_1_351' title='bbox 842 403 994 465; x_wconf 69' lang='lat' dir='ltr'><strong>connatam</strong></span> <span class='ocrx_word' id='word_1_352' title='bbox 1015 402 1172 483; x_wconf 83' lang='lat' dir='ltr'><strong>Hospitalis</strong></span> <span class='ocrx_word' id='word_1_353' title='bbox 1192 409 1341 481; x_wconf 82' lang='lat' dir='ltr'><strong>praeterea</strong></span> <span class='ocrx_word' id='word_1_354' title='bbox 1362 399 1447 469; x_wconf 80' lang='lat' dir='ltr'><strong>allam</strong></span> <span class='ocrx_word' id='word_1_355' title='bbox 1469 398 1578 460; x_wconf 88' lang='lat' dir='ltr'><strong>turrim</strong></span> <span class='ocrx_word' id='word_1_356' title='bbox 1591 399 1634 459; x_wconf 87' lang='lat' dir='ltr'><strong>si·</strong></span> 
     </span>
     <span class='ocr_line' id='line_1_60' title="bbox 843 500 1638 582; baseline -0.006 -18"><span class='ocrx_word' id='word_1_357' title='bbox 843 505 949 565; x_wconf 90' lang='lat' dir='ltr'><strong>militer</strong></span> <span class='ocrx_word' id='word_1_358' title='bbox 971 522 1006 564; x_wconf 80' lang='lat' dir='ltr'><strong>ex</strong></span> <span class='ocrx_word' id='word_1_359' title='bbox 1025 502 1141 576; x_wconf 87' lang='lat' dir='ltr'><strong>tabulis,</strong></span> <span class='ocrx_word' id='word_1_360' title='bbox 1165 511 1384 582; x_wconf 81' lang='lat' dir='ltr'><strong>repraesentare·</strong></span> <span class='ocrx_word' id='word_1_361' title='bbox 1398 500 1524 565; x_wconf 84' lang='lat' dir='ltr'><strong>volentes</strong></span> <span class='ocrx_word' id='word_1_362' title='bbox 1545 517 1638 580; x_wconf 83' lang='lat' dir='ltr'><strong>expu-</strong></span> 
     </span>
     <span class='ocr_line' id='line_1_61' title="bbox 842 599 1637 682; baseline -0.005 -19"><span class='ocrx_word' id='word_1_363' title='bbox 842 601 1006 682; x_wconf 85' lang='lat' dir='ltr'><strong>gnationem</strong></span> <span class='ocrx_word' id='word_1_364' title='bbox 1017 614 1046 663; x_wconf 90' lang='lat' dir='ltr'><strong>et</strong></span> <span class='ocrx_word' id='word_1_365' title='bbox 1061 602 1212 663; x_wconf 79' lang='lat' dir='ltr'><strong>victoriam</strong></span> <span class='ocrx_word' id='word_1_366' title='bbox 1225 613 1325 664; x_wconf 89' lang='lat' dir='ltr'><strong>contra</strong></span> <span class='ocrx_word' id='word_1_367' title='bbox 1334 599 1637 673; x_wconf 77' lang='lat' dir='ltr'><strong>Granatambabitam3</strong></span> 
     </span>
     <span class='ocr_line' id='line_1_62' title="bbox 841 699 1638 784; baseline -0.009 -19"><span class='ocrx_word' id='word_1_368' title='bbox 841 715 872 765; x_wconf 93' lang='lat' dir='ltr'><strong>et</strong></span> <span class='ocrx_word' id='word_1_369' title='bbox 884 703 985 784; x_wconf 88' lang='lat' dir='ltr'><strong>primis</strong></span> <span class='ocrx_word' id='word_1_370' title='bbox 996 702 1155 763; x_wconf 83' lang='lat' dir='ltr'><strong>Gradatam</strong></span> <span class='ocrx_word' id='word_1_371' title='bbox 1179 702 1351 766; x_wconf 84' lang='lat' dir='ltr'><strong>intrantibus</strong></span> <span class='ocrx_word' id='word_1_372' title='bbox 1366 710 1445 761; x_wconf 91' lang='lat' dir='ltr'><strong>certa</strong></span> <span class='ocrx_word' id='word_1_373' title='bbox 1461 699 1533 760; x_wconf 90' lang='lat' dir='ltr'><strong>dona</strong></span> <span class='ocrx_word' id='word_1_374' title='bbox 1548 718 1638 779; x_wconf 86' lang='lat' dir='ltr'><strong>para·</strong></span> 
     </span>
     <span class='ocr_line' id='line_1_63' title="bbox 843 799 1633 881; baseline -0.006 -16"><span class='ocrx_word' id='word_1_375' title='bbox 843 812 935 877; x_wconf 86' lang='lat' dir='ltr'><strong>runt;</strong></span> <span class='ocrx_word' id='word_1_376' title='bbox 958 805 1007 881; x_wconf 93' lang='lat' dir='ltr'><strong>qui</strong></span> <span class='ocrx_word' id='word_1_377' title='bbox 1027 802 1142 880; x_wconf 86' lang='lat' dir='ltr'><strong>quidem</strong></span> <span class='ocrx_word' id='word_1_378' title='bbox 1159 799 1247 878; x_wconf 86' lang='lat' dir='ltr'><strong>jocus</strong></span> <span class='ocrx_word' id='word_1_379' title='bbox 1266 802 1483 862; x_wconf 85' lang='lat' dir='ltr'><strong>Dominicaxrt.</strong></span> <span class='ocrx_word' id='word_1_380' title='bbox 1499 800 1633 860; x_wconf 89' lang='lat' dir='ltr'><strong>similiter</strong></span> 
     </span>
     <span class='ocr_line' id='line_1_64' title="bbox 842 899 1636 983; baseline -0.001 -21"><span class='ocrx_word' id='word_1_381' title='bbox 842 899 906 964; x_wconf 85' lang='lat' dir='ltr'><strong>fieri</strong></span> <span class='ocrx_word' id='word_1_382' title='bbox 933 901 1071 975; x_wconf 87' lang='lat' dir='ltr'><strong>debebat,</strong></span> <span class='ocrx_word' id='word_1_383' title='bbox 1093 901 1141 963; x_wconf 88' lang='lat' dir='ltr'><strong>sed</strong></span> <span class='ocrx_word' id='word_1_384' title='bbox 1164 900 1437 983; x_wconf 84' lang='lat' dir='ltr'><strong>propterpluriam</strong></span> <span class='ocrx_word' id='word_1_385' title='bbox 1458 900 1514 966; x_wconf 83' lang='lat' dir='ltr'><strong>luit</strong></span> <span class='ocrx_word' id='word_1_386' title='bbox 1535 916 1568 960; x_wconf 85' lang='lat' dir='ltr'><strong>ea</strong></span> <span class='ocrx_word' id='word_1_387' title='bbox 1590 899 1636 961; x_wconf 86' lang='lat' dir='ltr'><strong>die</strong></span> 
     </span>
     <span class='ocr_line' id='line_1_65' title="bbox 842 1001 1637 1082; baseline -0.001 -20"><span class='ocrx_word' id='word_1_388' title='bbox 842 1003 1070 1082; x_wconf 88' lang='lat' dir='ltr'><strong>praetermissus.</strong></span> <span class='ocrx_word' id='word_1_389' title='bbox 1093 1002 1180 1077; x_wconf 79' lang='lat' dir='ltr'><strong>Facta</strong></span> <span class='ocrx_word' id='word_1_390' title='bbox 1203 1002 1298 1081; x_wconf 89' lang='lat' dir='ltr'><strong>igitur</strong></span> <span class='ocrx_word' id='word_1_391' title='bbox 1317 1003 1413 1064; x_wconf 92' lang='lat' dir='ltr'><strong>omnia</strong></span> <span class='ocrx_word' id='word_1_392' title='bbox 1434 1003 1463 1061; x_wconf 90' lang='lat' dir='ltr'><strong>in</strong></span> <span class='ocrx_word' id='word_1_393' title='bbox 1487 1001 1637 1061; x_wconf 82' lang='lat' dir='ltr'><strong>Dominica</strong></span> 
     </span>
     <span class='ocr_line' id='line_1_66' title="bbox 842 1096 1636 1177; baseline -0.003 -16"><span class='ocrx_word' id='word_1_394' title='bbox 842 1102 951 1166; x_wconf 89' lang='lat' dir='ltr'><strong>decima</strong></span> <span class='ocrx_word' id='word_1_395' title='bbox 972 1120 1045 1162; x_wconf 92' lang='lat' dir='ltr'><strong>nona</strong></span> <span class='ocrx_word' id='word_1_396' title='bbox 1065 1099 1194 1177; x_wconf 86' lang='lat' dir='ltr'><strong>ejusdem</strong></span> <span class='ocrx_word' id='word_1_397' title='bbox 1217 1104 1329 1163; x_wconf 88' lang='lat' dir='ltr'><strong>mensis.</strong></span> <span class='ocrx_word' id='word_1_398' title='bbox 1352 1103 1384 1162; x_wconf 92' lang='lat' dir='ltr'><strong>ln</strong></span> <span class='ocrx_word' id='word_1_399' title='bbox 1402 1118 1484 1161; x_wconf 90' lang='lat' dir='ltr'><strong>mane</strong></span> <span class='ocrx_word' id='word_1_400' title='bbox 1505 1096 1636 1176; x_wconf 86' lang='lat' dir='ltr'><strong>ejusdem</strong></span> 
     </span>
     <span class='ocr_line' id='line_1_67' title="bbox 841 1185 1636 1284; baseline 0.001 -23"><span class='ocrx_word' id='word_1_401' title='bbox 841 1203 896 1262; x_wconf 90' lang='lat' dir='ltr'><strong>diei</strong></span> <span class='ocrx_word' id='word_1_402' title='bbox 926 1219 997 1264; x_wconf 86' lang='lat' dir='ltr'><strong>xix.</strong></span> <span class='ocrx_word' id='word_1_403' title='bbox 1027 1204 1191 1283; x_wconf 87' lang='lat' dir='ltr'><strong>praedictus</strong></span> <span class='ocrx_word' id='word_1_404' title='bbox 1216 1204 1367 1284; x_wconf 87' lang='lat' dir='ltr'><strong>episcopus</strong></span> <span class='ocrx_word' id='word_1_405' title='bbox 1394 1201 1527 1264; x_wconf 80' lang='lat' dir='ltr'><strong>Pacensis</strong></span> <span class='ocrx_word' id='word_1_406' title='bbox 1555 1185 1636 1262; x_wconf 83' lang='lat' dir='ltr'><strong>celc-</strong></span> 
     </span>
     <span class='ocr_line' id='line_1_68' title="bbox 840 1300 1635 1383; baseline 0.001 -21"><span class='ocrx_word' id='word_1_407' title='bbox 840 1301 941 1362; x_wconf 80' lang='lat' dir='ltr'><strong>braiit</strong></span> <span class='ocrx_word' id='word_1_408' title='bbox 972 1303 1087 1369; x_wconf 80' lang='lat' dir='ltr'><strong>Missam</strong></span> <span class='ocrx_word' id='word_1_409' title='bbox 1109 1304 1255 1383; x_wconf 86' lang='lat' dir='ltr'><strong>publicum</strong></span> <span class='ocrx_word' id='word_1_410' title='bbox 1277 1305 1444 1365; x_wconf 86' lang='lat' dir='ltr'><strong>solemniter</strong></span> <span class='ocrx_word' id='word_1_411' title='bbox 1477 1302 1504 1361; x_wconf 93' lang='lat' dir='ltr'><strong>in</strong></span> <span class='ocrx_word' id='word_1_412' title='bbox 1533 1300 1635 1363; x_wconf 85' lang='lat' dir='ltr'><strong>eadem</strong></span> 
     </span>
     <span class='ocr_line' id='line_1_69' title="bbox 840 1402 1635 1483; baseline -0.004 -20"><span class='ocrx_word' id='word_1_413' title='bbox 840 1403 973 1474; x_wconf 86' lang='lat' dir='ltr'><strong>ecclesia,</strong></span> <span class='ocrx_word' id='word_1_414' title='bbox 990 1415 1020 1463; x_wconf 93' lang='lat' dir='ltr'><strong>et</strong></span> <span class='ocrx_word' id='word_1_415' title='bbox 1041 1404 1143 1466; x_wconf 85' lang='lat' dir='ltr'><strong>deinde</strong></span> <span class='ocrx_word' id='word_1_416' title='bbox 1163 1405 1237 1465; x_wconf 88' lang='lat' dir='ltr'><strong>lacta</strong></span> <span class='ocrx_word' id='word_1_417' title='bbox 1259 1414 1302 1465; x_wconf 90' lang='lat' dir='ltr'><strong>est</strong></span> <span class='ocrx_word' id='word_1_418' title='bbox 1323 1416 1375 1483; x_wconf 90' lang='lat' dir='ltr'><strong>per</strong></span> <span class='ocrx_word' id='word_1_419' title='bbox 1397 1402 1540 1464; x_wconf 86' lang='lat' dir='ltr'><strong>nationem</strong></span> <span class='ocrx_word' id='word_1_420' title='bbox 1550 1417 1635 1460; x_wconf 89' lang='lat' dir='ltr'><strong>eam·</strong></span> 
     </span>
     <span class='ocr_line' id='line_1_70' title="bbox 841 1499 1632 1585; baseline 0.009 -26"><span class='ocrx_word' id='word_1_421' title='bbox 841 1499 905 1563; x_wconf 89' lang='lat' dir='ltr'><strong>dem</strong></span> <span class='ocrx_word' id='word_1_422' title='bbox 927 1502 1060 1563; x_wconf 79' lang='lat' dir='ltr'><strong>mlunnis</strong></span> <span class='ocrx_word' id='word_1_423' title='bbox 1082 1503 1226 1582; x_wconf 85' lang='lat' dir='ltr'><strong>processio</strong></span> <span class='ocrx_word' id='word_1_424' title='bbox 1237 1526 1247 1578; x_wconf 90' lang='lat'>;</span> <span class='ocrx_word' id='word_1_425' title='bbox 1271 1502 1376 1566; x_wconf 87' lang='lat' dir='ltr'><strong>deinde-</strong></span> <span class='ocrx_word' id='word_1_426' title='bbox 1390 1516 1456 1585; x_wconf 91' lang='lat' dir='ltr'><strong>post</strong></span> <span class='ocrx_word' id='word_1_427' title='bbox 1476 1503 1632 1585; x_wconf 85' lang='lat' dir='ltr'><strong>prandium</strong></span> 
     </span>
     <span class='ocr_line' id='line_1_71' title="bbox 843 1600 1636 1684; baseline 0.005 -24"><span class='ocrx_word' id='word_1_428' title='bbox 843 1602 929 1664; x_wconf 86' lang='lat' dir='ltr'><strong>ludus</strong></span> <span class='ocrx_word' id='word_1_429' title='bbox 947 1602 1152 1680; x_wconf 86' lang='lat' dir='ltr'><strong>supradictus,</strong></span> <span class='ocrx_word' id='word_1_430' title='bbox 1173 1616 1203 1665; x_wconf 88' lang='lat' dir='ltr'><strong>et</strong></span> <span class='ocrx_word' id='word_1_431' title='bbox 1229 1603 1333 1666; x_wconf 86' lang='lat' dir='ltr'><strong>ibidem</strong></span> <span class='ocrx_word' id='word_1_432' title='bbox 1357 1617 1387 1666; x_wconf 93' lang='lat' dir='ltr'><strong>et</strong></span> <span class='ocrx_word' id='word_1_433' title='bbox 1408 1607 1437 1664; x_wconf 94' lang='lat' dir='ltr'><strong>in</strong></span> <span class='ocrx_word' id='word_1_434' title='bbox 1457 1600 1556 1684; x_wconf 75' lang='lat' dir='ltr'><strong>Agnos</strong></span> <span class='ocrx_word' id='word_1_435' title='bbox 1574 1647 1585 1678; x_wconf 90' lang='lat'><strong>,</strong></span> <span class='ocrx_word' id='word_1_436' title='bbox 1605 1614 1636 1666; x_wconf 87' lang='lat' dir='ltr'><strong>et</strong></span> 
     </span>
     <span class='ocr_line' id='line_1_72' title="bbox 841 1689 1630 1787; baseline 0.003 -25"><span class='ocrx_word' id='word_1_437' title='bbox 841 1705 919 1787; x_wconf 87' lang='lat' dir='ltr'><strong>tauri</strong></span> <span class='ocrx_word' id='word_1_438' title='bbox 949 1690 1088 1777; x_wconf 82' lang='lat' dir='ltr'><strong>mactati,</strong></span> <span class='ocrx_word' id='word_1_439' title='bbox 1114 1721 1131 1763; x_wconf 89' lang='lat' dir='ltr'><strong>a</strong></span> <span class='ocrx_word' id='word_1_440' title='bbox 1156 1689 1293 1782; x_wconf 88' lang='lat' dir='ltr'><strong>quibus,</strong></span> <span class='ocrx_word' id='word_1_441' title='bbox 1324 1722 1383 1784; x_wconf 83' lang='lat' dir='ltr'><strong>uno</strong></span> <span class='ocrx_word' id='word_1_442' title='bbox 1404 1720 1481 1783; x_wconf 90' lang='lat' dir='ltr'><strong>equo</strong></span> <span class='ocrx_word' id='word_1_443' title='bbox 1502 1704 1630 1785; x_wconf 86' lang='lat' dir='ltr'><strong>dempto,</strong></span> 
     </span>
     <span class='ocr_line' id='line_1_73' title="bbox 841 1789 1634 1890; baseline -0.001 -26"><span class='ocrx_word' id='word_1_444' title='bbox 841 1821 926 1867; x_wconf 87' lang='lat' dir='ltr'><strong>nemo</strong></span> <span class='ocrx_word' id='word_1_445' title='bbox 945 1806 1037 1866; x_wconf 89' lang='lat' dir='ltr'><strong>laesus</strong></span> <span class='ocrx_word' id='word_1_446' title='bbox 1058 1789 1129 1865; x_wconf 59' lang='lat' dir='ltr'><strong>luit,</strong></span> <span class='ocrx_word' id='word_1_447' title='bbox 1146 1803 1250 1865; x_wconf 85' lang='lat' dir='ltr'><strong>Plures</strong></span> <span class='ocrx_word' id='word_1_448' title='bbox 1270 1805 1355 1866; x_wconf 87' lang='lat' dir='ltr'><strong>etiam</strong></span> <span class='ocrx_word' id='word_1_449' title='bbox 1377 1806 1505 1890; x_wconf 60' lang='lat' dir='ltr'><strong>,praelati</strong></span> <span class='ocrx_word' id='word_1_450' title='bbox 1525 1804 1634 1884; x_wconf 84' lang='lat' dir='ltr'><strong>llispa·</strong></span> 
     </span>
     <span class='ocr_line' id='line_1_74' title="bbox 842 1904 1636 1975; baseline 0.003 -11"><span class='ocrx_word' id='word_1_451' title='bbox 842 1923 895 1965; x_wconf 88' lang='lat' dir='ltr'><strong>nac</strong></span> <span class='ocrx_word' id='word_1_452' title='bbox 907 1906 1028 1966; x_wconf 91' lang='lat' dir='ltr'><strong>nationis</strong></span> <span class='ocrx_word' id='word_1_453' title='bbox 1040 1905 1141 1965; x_wconf 89' lang='lat' dir='ltr'><strong>diebus</strong></span> <span class='ocrx_word' id='word_1_454' title='bbox 1152 1904 1273 1970; x_wconf 83' lang='lat' dir='ltr'><strong>dirersis</strong></span> <span class='ocrx_word' id='word_1_455' title='bbox 1287 1908 1451 1968; x_wconf 83' lang='lat' dir='ltr'><strong>successive</strong></span> <span class='ocrx_word' id='word_1_456' title='bbox 1466 1917 1565 1967; x_wconf 88' lang='lat' dir='ltr'><strong>tauros</strong></span> <span class='ocrx_word' id='word_1_457' title='bbox 1579 1905 1636 1975; x_wconf 57' lang='lat' dir='ltr'><strong>doe</strong></span> 
     </span>
     <span class='ocr_line' id='line_1_75' title="bbox 842 2005 1635 2089; baseline -0.001 -22"><span class='ocrx_word' id='word_1_458' title='bbox 842 2017 949 2067; x_wconf 87' lang='lat' dir='ltr'><strong>narum</strong></span> <span class='ocrx_word' id='word_1_459' title='bbox 964 2005 1077 2086; x_wconf 92' lang='lat' dir='ltr'><strong>publice</strong></span> <span class='ocrx_word' id='word_1_460' title='bbox 1095 2005 1282 2089; x_wconf 60' lang='lat' dir='ltr'><strong>occidendam</strong></span> <span class='ocrx_word' id='word_1_461' title='bbox 1297 2017 1326 2069; x_wconf 88' lang='lat' dir='ltr'><strong>et</strong></span> <span class='ocrx_word' id='word_1_462' title='bbox 1344 2007 1508 2086; x_wconf 85' lang='lat' dir='ltr'><strong>quidames</strong></span> <span class='ocrx_word' id='word_1_463' title='bbox 1518 2008 1558 2068; x_wconf 90' lang='lat' dir='ltr'><strong>eis</strong></span> <span class='ocrx_word' id='word_1_464' title='bbox 1570 2015 1635 2070; x_wconf 89' lang='lat' dir='ltr'><strong>tots</strong></span> 
     </span>
     <span class='ocr_line' id='line_1_76' title="bbox 841 2094 1634 2197; baseline 0.003 -30"><span class='ocrx_word' id='word_1_465' title='bbox 841 2107 887 2168; x_wconf 91' lang='lat' dir='ltr'><strong>die</strong></span> <span class='ocrx_word' id='word_1_466' title='bbox 909 2125 965 2167; x_wconf 91' lang='lat' dir='ltr'><strong>una</strong></span> <span class='ocrx_word' id='word_1_467' title='bbox 983 2125 1086 2187; x_wconf 85' lang='lat' dir='ltr'><strong>panem</strong></span> <span class='ocrx_word' id='word_1_468' title='bbox 1108 2094 1255 2197; x_wconf 54' lang='lat' dir='ltr'><strong>ebrinum</strong></span> <span class='ocrx_word' id='word_1_469' title='bbox 1268 2112 1297 2167; x_wconf 93' lang='lat' dir='ltr'><strong>in</strong></span> <span class='ocrx_word' id='word_1_470' title='bbox 1312 2109 1405 2188; x_wconf 86' lang='lat' dir='ltr'><strong>platea</strong></span> <span class='ocrx_word' id='word_1_471' title='bbox 1423 2108 1557 2168; x_wconf 91' lang='lat' dir='ltr'><strong>omnibus</strong></span> <span class='ocrx_word' id='word_1_472' title='bbox 1578 2125 1634 2169; x_wconf 86' lang='lat' dir='ltr'><strong>ro·</strong></span> 
     </span>
     <span class='ocr_line' id='line_1_77' title="bbox 843 2192 1634 2269; baseline -0.001 0"><span class='ocrx_word' id='word_1_473' title='bbox 843 2192 966 2269; x_wconf 80' lang='lat' dir='ltr'><strong>lentibus</strong></span> <span class='ocrx_word' id='word_1_474' title='bbox 984 2207 1052 2268; x_wconf 86' lang='lat' dir='ltr'><strong>lecit</strong></span> <span class='ocrx_word' id='word_1_475' title='bbox 1073 2208 1241 2268; x_wconf 89' lang='lat' dir='ltr'><strong>ministrari.</strong></span> <span class='ocrx_word' id='word_1_476' title='bbox 1263 2207 1300 2267; x_wconf 79' lang='lat' dir='ltr'><strong>ll.</strong></span> <span class='ocrx_word' id='word_1_477' title='bbox 1315 2207 1453 2268; x_wconf 86' lang='lat' dir='ltr'><strong>Dominus</strong></span> <span class='ocrx_word' id='word_1_478' title='bbox 1472 2206 1634 2269; x_wconf 75' lang='lat' dir='ltr'><strong>cardinalis</strong></span> 
     </span>
     <span class='ocr_line' id='line_1_78' title="bbox 842 2308 1636 2389; baseline 0.001 -19"><span class='ocrx_word' id='word_1_479' title='bbox 842 2309 941 2371; x_wconf 87' lang='lat' dir='ltr'><strong>Sancti</strong></span> <span class='ocrx_word' id='word_1_480' title='bbox 963 2309 1084 2388; x_wconf 85' lang='lat' dir='ltr'><strong>Georgii</strong></span> <span class='ocrx_word' id='word_1_481' title='bbox 1106 2308 1182 2370; x_wconf 84' lang='lat' dir='ltr'><strong>dedit</strong></span> <span class='ocrx_word' id='word_1_482' title='bbox 1215 2308 1364 2387; x_wconf 84' lang='lat' dir='ltr'><strong>quoddam</strong></span> <span class='ocrx_word' id='word_1_483' title='bbox 1397 2308 1543 2389; x_wconf 88' lang='lat' dir='ltr'><strong>pallium,</strong></span> <span class='ocrx_word' id='word_1_484' title='bbox 1574 2308 1636 2370; x_wconf 85' lang='lat' dir='ltr'><strong>sire</strong></span> 
     </span>
     <span class='ocr_line' id='line_1_79' title="bbox 842 2408 1632 2489; baseline -0.004 -18"><span class='ocrx_word' id='word_1_485' title='bbox 842 2410 1000 2484; x_wconf 79' lang='lat' dir='ltr'><strong>brasium,</strong></span> <span class='ocrx_word' id='word_1_486' title='bbox 1021 2422 1051 2470; x_wconf 91' lang='lat' dir='ltr'><strong>et</strong></span> <span class='ocrx_word' id='word_1_487' title='bbox 1071 2411 1183 2489; x_wconf 86' lang='lat' dir='ltr'><strong>galcam</strong></span> <span class='ocrx_word' id='word_1_488' title='bbox 1205 2421 1372 2489; x_wconf 79' lang='lat' dir='ltr'><strong>argenteam</strong></span> <span class='ocrx_word' id='word_1_489' title='bbox 1389 2427 1444 2489; x_wconf 89' lang='lat' dir='ltr'><strong>pro</strong></span> <span class='ocrx_word' id='word_1_490' title='bbox 1471 2408 1551 2471; x_wconf 85' lang='lat' dir='ltr'><strong>basta</strong></span> <span class='ocrx_word' id='word_1_491' title='bbox 1582 2408 1632 2469; x_wconf 92' lang='lat' dir='ltr'><strong>lu·</strong></span> 
     </span>
     <span class='ocr_line' id='line_1_80' title="bbox 842 2508 1632 2590; baseline 0.001 -21"><span class='ocrx_word' id='word_1_492' title='bbox 842 2510 975 2572; x_wconf 91' lang='lat' dir='ltr'><strong>dentibus</strong></span> <span class='ocrx_word' id='word_1_493' title='bbox 997 2512 1026 2571; x_wconf 89' lang='lat' dir='ltr'><strong>in</strong></span> <span class='ocrx_word' id='word_1_494' title='bbox 1045 2529 1150 2590; x_wconf 89' lang='lat' dir='ltr'><strong>agone,</strong></span> <span class='ocrx_word' id='word_1_495' title='bbox 1162 2512 1280 2574; x_wconf 88' lang='lat' dir='ltr'><strong>circiter</strong></span> <span class='ocrx_word' id='word_1_496' title='bbox 1297 2511 1356 2571; x_wconf 78' lang='lat' dir='ltr'><strong>rel.</strong></span> <span class='ocrx_word' id='word_1_497' title='bbox 1368 2511 1551 2571; x_wconf 81' lang='lat' dir='ltr'><strong>Ducatorum</strong></span> <span class='ocrx_word' id='word_1_498' title='bbox 1572 2508 1632 2570; x_wconf 89' lang='lat' dir='ltr'><strong>du·</strong></span> 
     </span>
     <span class='ocr_line' id='line_1_81' title="bbox 843 2598 1638 2690; baseline 0.001 -18"><span class='ocrx_word' id='word_1_499' title='bbox 843 2598 962 2672; x_wconf 87' lang='lat' dir='ltr'><strong>centum</strong></span> <span class='ocrx_word' id='word_1_500' title='bbox 976 2654 985 2685; x_wconf 93' lang='lat'><strong>,</strong></span> <span class='ocrx_word' id='word_1_501' title='bbox 999 2610 1171 2690; x_wconf 91' lang='lat' dir='ltr'><strong>proquibus</strong></span> <span class='ocrx_word' id='word_1_502' title='bbox 1191 2610 1293 2670; x_wconf 85' lang='lat' dir='ltr'><strong>inultis</strong></span> <span class='ocrx_word' id='word_1_503' title='bbox 1312 2611 1410 2673; x_wconf 87' lang='lat' dir='ltr'><strong>diebus</strong></span> <span class='ocrx_word' id='word_1_504' title='bbox 1430 2609 1486 2670; x_wconf 89' lang='lat' dir='ltr'><strong>luit</strong></span> <span class='ocrx_word' id='word_1_505' title='bbox 1500 2611 1528 2669; x_wconf 91' lang='lat' dir='ltr'><strong>in</strong></span> <span class='ocrx_word' id='word_1_506' title='bbox 1544 2627 1638 2689; x_wconf 84' lang='lat' dir='ltr'><strong>agone</strong></span> 
     </span>
     <span class='ocr_line' id='line_1_82' title="bbox 845 2709 1637 2787; baseline 0.001 -17"><span class='ocrx_word' id='word_1_507' title='bbox 845 2710 929 2771; x_wconf 86' lang='lat' dir='ltr'><strong>basta</strong></span> <span class='ocrx_word' id='word_1_508' title='bbox 950 2713 1060 2787; x_wconf 86' lang='lat' dir='ltr'><strong>lusum,</strong></span> <span class='ocrx_word' id='word_1_509' title='bbox 1080 2721 1110 2772; x_wconf 89' lang='lat' dir='ltr'><strong>et</strong></span> <span class='ocrx_word' id='word_1_510' title='bbox 1130 2712 1243 2773; x_wconf 92' lang='lat' dir='ltr'><strong>tandem</strong></span> <span class='ocrx_word' id='word_1_511' title='bbox 1258 2711 1384 2780; x_wconf 54' lang='lat' dir='ltr'><strong>‘Veneris</strong></span> <span class='ocrx_word' id='word_1_512' title='bbox 1400 2709 1525 2776; x_wconf 88' lang='lat' dir='ltr'><strong>secunda</strong></span> <span class='ocrx_word' id='word_1_513' title='bbox 1541 2709 1637 2771; x_wconf 84' lang='lat' dir='ltr'><strong>niartll</strong></span> 
     </span>
     <span class='ocr_line' id='line_1_83' title="bbox 842 2800 1634 2889; baseline 0.001 -17"><span class='ocrx_word' id='word_1_514' title='bbox 842 2813 956 2887; x_wconf 87' lang='lat' dir='ltr'><strong>cuidam</strong></span> <span class='ocrx_word' id='word_1_515' title='bbox 968 2813 1135 2876; x_wconf 80' lang='lat' dir='ltr'><strong>blascoletto</strong></span> <span class='ocrx_word' id='word_1_516' title='bbox 1147 2811 1358 2885; x_wconf 81' lang='lat' dir='ltr'><strong>Gtibernatoris</strong></span> <span class='ocrx_word' id='word_1_517' title='bbox 1370 2813 1459 2886; x_wconf 87' lang='lat' dir='ltr'><strong>Urbis</strong></span> <span class='ocrx_word' id='word_1_518' title='bbox 1480 2800 1634 2889; x_wconf 51' lang='lat' dir='ltr'><strong>adjudica?</strong></span> 
     </span>
     <span class='ocr_line' id='line_1_84' title="bbox 842 2914 1635 2995; baseline 0 -21"><span class='ocrx_word' id='word_1_519' title='bbox 842 2925 916 2986; x_wconf 83' lang='lat' dir='ltr'><strong>tuni,</strong></span> <span class='ocrx_word' id='word_1_520' title='bbox 931 2914 1168 2975; x_wconf 84' lang='lat' dir='ltr'><strong>Colutnnensibus</strong></span> <span class='ocrx_word' id='word_1_521' title='bbox 1184 2926 1337 2995; x_wconf 88' lang='lat' dir='ltr'><strong>propterea</strong></span> <span class='ocrx_word' id='word_1_522' title='bbox 1358 2916 1483 2975; x_wconf 89' lang='lat' dir='ltr'><strong>multum</strong></span> <span class='ocrx_word' id='word_1_523' title='bbox 1503 2929 1635 2990; x_wconf 86' lang='lat' dir='ltr'><strong>conqua-</strong></span> 
     </span>
     <span class='ocr_line' id='line_1_85' title="bbox 842 3009 1637 3095; baseline -0.006 -19"><span class='ocrx_word' id='word_1_524' title='bbox 842 3014 980 3076; x_wconf 87' lang='lat' dir='ltr'><strong>rentibus.</strong></span> <span class='ocrx_word' id='word_1_525' title='bbox 991 3010 1111 3074; x_wconf 83' lang='lat' dir='ltr'><strong>Festum</strong></span> <span class='ocrx_word' id='word_1_526' title='bbox 1135 3016 1163 3075; x_wconf 92' lang='lat' dir='ltr'><strong>in</strong></span> <span class='ocrx_word' id='word_1_527' title='bbox 1178 3034 1274 3095; x_wconf 86' lang='lat' dir='ltr'><strong>agone</strong></span> <span class='ocrx_word' id='word_1_528' title='bbox 1293 3025 1321 3076; x_wconf 91' lang='lat' dir='ltr'><strong>et</strong></span> <span class='ocrx_word' id='word_1_529' title='bbox 1342 3014 1399 3074; x_wconf 88' lang='lat' dir='ltr'><strong>alia</strong></span> <span class='ocrx_word' id='word_1_530' title='bbox 1420 3022 1554 3074; x_wconf 74' lang='lat' dir='ltr'><strong>conanus</strong></span> <span class='ocrx_word' id='word_1_531' title='bbox 1572 3009 1637 3071; x_wconf 81' lang='lat' dir='ltr'><strong>llo·</strong></span> 
     </span>
     <span class='ocr_line' id='line_1_86' title="bbox 842 3110 1637 3194; baseline -0.006 -18"><span class='ocrx_word' id='word_1_532' title='bbox 842 3134 927 3176; x_wconf 82' lang='lat' dir='ltr'><strong>triana</strong></span> <span class='ocrx_word' id='word_1_533' title='bbox 959 3114 1080 3177; x_wconf 86' lang='lat' dir='ltr'><strong>luerunt</strong></span> <span class='ocrx_word' id='word_1_534' title='bbox 1112 3114 1263 3194; x_wconf 79' lang='lat' dir='ltr'><strong>magnilica</strong></span> <span class='ocrx_word' id='word_1_535' title='bbox 1288 3125 1406 3194; x_wconf 85' lang='lat' dir='ltr'><strong>peracta</strong></span> <span class='ocrx_word' id='word_1_536' title='bbox 1418 3156 1429 3188; x_wconf 91' lang='lat'><strong>,</strong></span> <span class='ocrx_word' id='word_1_537' title='bbox 1458 3130 1493 3174; x_wconf 88' lang='lat' dir='ltr'><strong>ac</strong></span> <span class='ocrx_word' id='word_1_538' title='bbox 1524 3110 1637 3172; x_wconf 78' lang='lat' dir='ltr'><strong>diversa</strong></span> 
     </span>
     <span class='ocr_line' id='line_1_87' title="bbox 842 3210 1635 3295; baseline -0.005 -19"><span class='ocrx_word' id='word_1_539' title='bbox 842 3216 944 3277; x_wconf 78' lang='lat' dir='ltr'><strong>bravia</strong></span> <span class='ocrx_word' id='word_1_540' title='bbox 978 3234 1033 3295; x_wconf 92' lang='lat' dir='ltr'><strong>pro</strong></span> <span class='ocrx_word' id='word_1_541' title='bbox 1064 3216 1178 3276; x_wconf 88' lang='lat' dir='ltr'><strong>senibus</strong></span> <span class='ocrx_word' id='word_1_542' title='bbox 1194 3260 1208 3291; x_wconf 23' lang='lat'><strong>‚¹</strong></span> <span class='ocrx_word' id='word_1_543' title='bbox 1221 3212 1378 3292; x_wconf 74' lang='lat' dir='ltr'><strong>jassenibus</strong></span> <span class='ocrx_word' id='word_1_544' title='bbox 1393 3259 1404 3290; x_wconf 85' lang='lat'><strong>,</strong></span> <span class='ocrx_word' id='word_1_545' title='bbox 1421 3213 1545 3295; x_wconf 86' lang='lat' dir='ltr'><strong>pueris,</strong></span> <span class='ocrx_word' id='word_1_546' title='bbox 1576 3210 1635 3273; x_wconf 79' lang='lat' dir='ltr'><strong>lu·</strong></span> 
     </span>
     <span class='ocr_line' id='line_1_88' title="bbox 843 3312 1637 3397; baseline -0.003 -22"><span class='ocrx_word' id='word_1_547' title='bbox 843 3315 933 3391; x_wconf 84' lang='lat' dir='ltr'><strong>dacis,</strong></span> <span class='ocrx_word' id='word_1_548' title='bbox 953 3327 981 3379; x_wconf 91' lang='lat' dir='ltr'><strong>et</strong></span> <span class='ocrx_word' id='word_1_549' title='bbox 1002 3316 1101 3391; x_wconf 87' lang='lat' dir='ltr'><strong>asinis,</strong></span> <span class='ocrx_word' id='word_1_550' title='bbox 1120 3335 1155 3379; x_wconf 90' lang='lat' dir='ltr'><strong>ac</strong></span> <span class='ocrx_word' id='word_1_551' title='bbox 1177 3315 1303 3391; x_wconf 71' lang='lat' dir='ltr'><strong>bubalis,</strong></span> <span class='ocrx_word' id='word_1_552' title='bbox 1320 3327 1419 3397; x_wconf 87' lang='lat' dir='ltr'><strong>utpote</strong></span> <span class='ocrx_word' id='word_1_553' title='bbox 1439 3312 1637 3396; x_wconf 86' lang='lat' dir='ltr'><strong>superioribus</strong></span> 
     </span>
     <span class='ocr_line' id='line_1_89' title="bbox 843 3415 1272 3494; baseline 0.009 -18"><span class='ocrx_word' id='word_1_554' title='bbox 843 3415 1087 3494; x_wconf 56' lang='lat' dir='ltr'><strong>dissonamus.</strong></span> <span class='ocrx_word' id='word_1_555' title='bbox 1267 3476 1272 3480; x_wconf 80' lang='grc'>,</span> 
     </span>
    </p>

    <p class='ocr_par' dir='ltr' id='par_1_9' title="bbox 841 3510 1637 4907">
     <span class='ocr_line' id='line_1_90' title="bbox 884 3510 1632 3593; baseline -0.004 -19"><span class='ocrx_word' id='word_1_556' title='bbox 884 3514 969 3574; x_wconf 79' lang='lat' dir='ltr'><strong>Faria</strong></span> <span class='ocrx_word' id='word_1_557' title='bbox 985 3525 1104 3593; x_wconf 87' lang='lat' dir='ltr'><strong>quarta,</strong></span> <span class='ocrx_word' id='word_1_558' title='bbox 1123 3512 1262 3575; x_wconf 88' lang='lat' dir='ltr'><strong>Cinerum</strong></span> <span class='ocrx_word' id='word_1_559' title='bbox 1281 3525 1336 3575; x_wconf 89' lang='lat' dir='ltr'><strong>etc.</strong></span> <span class='ocrx_word' id='word_1_560' title='bbox 1356 3523 1510 3590; x_wconf 86' lang='lat' dir='ltr'><strong>antequam</strong></span> <span class='ocrx_word' id='word_1_561' title='bbox 1527 3510 1632 3573; x_wconf 86' lang='lat' dir='ltr'><strong>Domi·</strong></span> 
     </span>
     <span class='ocr_line' id='line_1_91' title="bbox 843 3613 1637 3696; baseline -0.003 -21"><span class='ocrx_word' id='word_1_562' title='bbox 843 3633 899 3676; x_wconf 92' lang='lat' dir='ltr'><strong>nus</strong></span> <span class='ocrx_word' id='word_1_563' title='bbox 914 3613 1017 3675; x_wconf 83' lang='lat' dir='ltr'><strong>Noster</strong></span> <span class='ocrx_word' id='word_1_564' title='bbox 1032 3617 1123 3676; x_wconf 80' lang='lat' dir='ltr'><strong>exiret</strong></span> <span class='ocrx_word' id='word_1_565' title='bbox 1138 3634 1284 3678; x_wconf 81' lang='lat' dir='ltr'><strong>mineram</strong></span> <span class='ocrx_word' id='word_1_566' title='bbox 1305 3613 1457 3696; x_wconf 79' lang='lat' dir='ltr'><strong>Papagalli</strong></span> <span class='ocrx_word' id='word_1_567' title='bbox 1474 3614 1637 3694; x_wconf 84' lang='lat' dir='ltr'><strong>supplicari</strong></span> 
     </span>
     <span class='ocr_line' id='line_1_92' title="bbox 843 3714 1634 3795; baseline -0.003 -21"><span class='ocrx_word' id='word_1_568' title='bbox 843 3714 994 3775; x_wconf 85' lang='lat' dir='ltr'><strong>Sanctisoti</strong></span> <span class='ocrx_word' id='word_1_569' title='bbox 1016 3714 1093 3776; x_wconf 87' lang='lat' dir='ltr'><strong>Suae</strong></span> <span class='ocrx_word' id='word_1_570' title='bbox 1115 3717 1270 3795; x_wconf 86' lang='lat' dir='ltr'><strong>pronubis</strong></span> <span class='ocrx_word' id='word_1_571' title='bbox 1297 3717 1410 3777; x_wconf 84' lang='lat' dir='ltr'><strong>clericis</strong></span> <span class='ocrx_word' id='word_1_572' title='bbox 1440 3715 1634 3776; x_wconf 85' lang='lat' dir='ltr'><strong>caerimonia·</strong></span> 
     </span>
     <span class='ocr_line' id='line_1_93' title="bbox 843 3815 1635 3894; baseline -0.008 -16"><span class='ocrx_word' id='word_1_573' title='bbox 843 3835 928 3889; x_wconf 86' lang='lat' dir='ltr'><strong>rum,</strong></span> <span class='ocrx_word' id='word_1_574' title='bbox 949 3817 1138 3892; x_wconf 87' lang='lat' dir='ltr'><strong>cantoribus,</strong></span> <span class='ocrx_word' id='word_1_575' title='bbox 1158 3836 1194 3878; x_wconf 94' lang='lat' dir='ltr'><strong>ac</strong></span> <span class='ocrx_word' id='word_1_576' title='bbox 1215 3818 1347 3879; x_wconf 86' lang='lat' dir='ltr'><strong>urnnibus</strong></span> <span class='ocrx_word' id='word_1_577' title='bbox 1366 3815 1532 3891; x_wconf 81' lang='lat' dir='ltr'><strong>aditialibus</strong></span> <span class='ocrx_word' id='word_1_578' title='bbox 1561 3833 1635 3894; x_wconf 88' lang='lat' dir='ltr'><strong>cap·</strong></span> 
     </span>
     <span class='ocr_line' id='line_1_94' title="bbox 843 3913 1635 3998; baseline 0 -22"><span class='ocrx_word' id='word_1_579' title='bbox 843 3919 934 3995; x_wconf 88' lang='lat' dir='ltr'><strong>pellae</strong></span> <span class='ocrx_word' id='word_1_580' title='bbox 961 3916 1129 3979; x_wconf 74' lang='lat' dir='ltr'><strong>sanctitatis</strong></span> <span class='ocrx_word' id='word_1_581' title='bbox 1160 3917 1238 3979; x_wconf 90' lang='lat' dir='ltr'><strong>Suae</strong></span> <span class='ocrx_word' id='word_1_582' title='bbox 1267 3938 1322 3998; x_wconf 92' lang='lat' dir='ltr'><strong>pro</strong></span> <span class='ocrx_word' id='word_1_583' title='bbox 1352 3918 1490 3979; x_wconf 84' lang='lat' dir='ltr'><strong>laenitate</strong></span> <span class='ocrx_word' id='word_1_584' title='bbox 1506 3913 1635 3995; x_wconf 80' lang='lat' dir='ltr'><strong>etigsodt</strong></span> 
     </span>
     <span class='ocr_line' id='line_1_95' title="bbox 843 4017 1633 4099; baseline -0.003 -22"><span class='ocrx_word' id='word_1_585' title='bbox 843 4019 925 4079; x_wconf 89' lang='lat' dir='ltr'><strong>nobis</strong></span> <span class='ocrx_word' id='word_1_586' title='bbox 947 4022 1150 4093; x_wconf 84' lang='lat' dir='ltr'><strong>consessores,</strong></span> <span class='ocrx_word' id='word_1_587' title='bbox 1172 4023 1221 4099; x_wconf 89' lang='lat' dir='ltr'><strong>qui</strong></span> <span class='ocrx_word' id='word_1_588' title='bbox 1243 4038 1294 4081; x_wconf 90' lang='lat' dir='ltr'><strong>nos</strong></span> <span class='ocrx_word' id='word_1_589' title='bbox 1313 4019 1441 4099; x_wconf 83' lang='lat' dir='ltr'><strong>plenarie</strong></span> <span class='ocrx_word' id='word_1_590' title='bbox 1464 4017 1633 4089; x_wconf 77' lang='lat' dir='ltr'><strong>absolvant,</strong></span> 
     </span>
     <span class='ocr_line' id='line_1_96' title="bbox 842 4122 1634 4200; baseline -0.006 -19"><span class='ocrx_word' id='word_1_591' title='bbox 842 4130 871 4181; x_wconf 89' lang='lat' dir='ltr'><strong>et</strong></span> <span class='ocrx_word' id='word_1_592' title='bbox 892 4122 1054 4200; x_wconf 86' lang='lat' dir='ltr'><strong>plenariam</strong></span> <span class='ocrx_word' id='word_1_593' title='bbox 1075 4122 1276 4184; x_wconf 89' lang='lat' dir='ltr'><strong>remissionem</strong></span> <span class='ocrx_word' id='word_1_594' title='bbox 1295 4123 1426 4198; x_wconf 91' lang='lat' dir='ltr'><strong>omnium</strong></span> <span class='ocrx_word' id='word_1_595' title='bbox 1448 4129 1634 4198; x_wconf 84' lang='lat' dir='ltr'><strong>peccatorum</strong></span> 
     </span>
     <span class='ocr_line' id='line_1_97' title="bbox 843 4216 1635 4302; baseline -0.001 -21"><span class='ocrx_word' id='word_1_596' title='bbox 843 4234 1021 4293; x_wconf 86' lang='lat' dir='ltr'><strong>nostrorum</strong></span> <span class='ocrx_word' id='word_1_597' title='bbox 1038 4222 1118 4282; x_wconf 91' lang='lat' dir='ltr'><strong>nobis</strong></span> <span class='ocrx_word' id='word_1_598' title='bbox 1140 4223 1326 4302; x_wconf 86' lang='lat' dir='ltr'><strong>impendant,</strong></span> <span class='ocrx_word' id='word_1_599' title='bbox 1347 4233 1376 4282; x_wconf 93' lang='lat' dir='ltr'><strong>et</strong></span> <span class='ocrx_word' id='word_1_600' title='bbox 1398 4220 1477 4299; x_wconf 91' lang='lat' dir='ltr'><strong>quod</strong></span> <span class='ocrx_word' id='word_1_601' title='bbox 1494 4216 1635 4280; x_wconf 77' lang='lat' dir='ltr'><strong>visitando</strong></span> 
     </span>
     <span class='ocr_line' id='line_1_98' title="bbox 842 4319 1634 4403; baseline 0.001 -22"><span class='ocrx_word' id='word_1_602' title='bbox 842 4324 963 4403; x_wconf 85' lang='lat' dir='ltr'><strong>singulis</strong></span> <span class='ocrx_word' id='word_1_603' title='bbox 983 4322 1083 4384; x_wconf 86' lang='lat' dir='ltr'><strong>diebus</strong></span> <span class='ocrx_word' id='word_1_604' title='bbox 1105 4325 1197 4385; x_wconf 88' lang='lat' dir='ltr'><strong>altare</strong></span> <span class='ocrx_word' id='word_1_605' title='bbox 1219 4341 1358 4402; x_wconf 81' lang='lat' dir='ltr'><strong>inagnum</strong></span> <span class='ocrx_word' id='word_1_606' title='bbox 1377 4322 1517 4384; x_wconf 74' lang='lat' dir='ltr'><strong>basilicae</strong></span> <span class='ocrx_word' id='word_1_607' title='bbox 1533 4319 1634 4382; x_wconf 86' lang='lat' dir='ltr'><strong>Sancti</strong></span> 
     </span>
     <span class='ocr_line' id='line_1_99' title="bbox 843 4414 1637 4504; baseline -0.006 -22"><span class='ocrx_word' id='word_1_608' title='bbox 843 4414 1156 4502; x_wconf 83' lang='lat' dir='ltr'><strong>Petri,coosequamnr</strong></span> <span class='ocrx_word' id='word_1_609' title='bbox 1172 4425 1375 4504; x_wconf 82' lang='lat' dir='ltr'><strong>indulgentias,</strong></span> <span class='ocrx_word' id='word_1_610' title='bbox 1392 4442 1463 4502; x_wconf 90' lang='lat' dir='ltr'><strong>quas</strong></span> <span class='ocrx_word' id='word_1_611' title='bbox 1478 4439 1637 4503; x_wconf 49' lang='lat' dir='ltr'><strong>ctinseqnef</strong></span> 
     </span>
     <span class='ocr_line' id='line_1_100' title="bbox 843 4509 1635 4604; baseline -0.004 -19"><span class='ocrx_word' id='word_1_612' title='bbox 843 4522 950 4585; x_wconf 86' lang='lat' dir='ltr'><strong>remur</strong></span> <span class='ocrx_word' id='word_1_613' title='bbox 973 4526 996 4586; x_wconf 87' lang='lat' dir='ltr'><strong>si</strong></span> <span class='ocrx_word' id='word_1_614' title='bbox 1026 4524 1147 4604; x_wconf 88' lang='lat' dir='ltr'><strong>singulis</strong></span> <span class='ocrx_word' id='word_1_615' title='bbox 1183 4524 1281 4586; x_wconf 87' lang='lat' dir='ltr'><strong>diebus</strong></span> <span class='ocrx_word' id='word_1_616' title='bbox 1316 4509 1450 4587; x_wconf 86' lang='lat' dir='ltr'><strong>ecclesias</strong></span> <span class='ocrx_word' id='word_1_617' title='bbox 1478 4522 1635 4583; x_wconf 86' lang='lat' dir='ltr'><strong>stationum</strong></span> 
     </span>
     <span class='ocr_line' id='line_1_101' title="bbox 843 4624 1635 4703; baseline -0.003 -17"><span class='ocrx_word' id='word_1_618' title='bbox 843 4627 1025 4686; x_wconf 83' lang='lat' dir='ltr'><strong>visitaremus</strong></span> <span class='ocrx_word' id='word_1_619' title='bbox 1031 4645 1042 4696; x_wconf 82' lang='lat'>3</span> <span class='ocrx_word' id='word_1_620' title='bbox 1061 4644 1136 4703; x_wconf 90' lang='lat' dir='ltr'><strong>quae</strong></span> <span class='ocrx_word' id='word_1_621' title='bbox 1155 4627 1252 4688; x_wconf 90' lang='lat' dir='ltr'><strong>omnia</strong></span> <span class='ocrx_word' id='word_1_622' title='bbox 1272 4627 1414 4687; x_wconf 89' lang='lat' dir='ltr'><strong>Sanctitas</strong></span> <span class='ocrx_word' id='word_1_623' title='bbox 1434 4624 1495 4685; x_wconf 90' lang='lat' dir='ltr'><strong>Sua</strong></span> <span class='ocrx_word' id='word_1_624' title='bbox 1515 4624 1635 4702; x_wconf 83' lang='lat' dir='ltr'><strong>benigne</strong></span> 
     </span>
     <span class='ocr_line' id='line_1_102' title="bbox 842 4722 1636 4805; baseline -0.005 -19"><span class='ocrx_word' id='word_1_625' title='bbox 842 4727 922 4788; x_wconf 89' lang='lat' dir='ltr'><strong>nobis</strong></span> <span class='ocrx_word' id='word_1_626' title='bbox 941 4727 1096 4788; x_wconf 82' lang='lat' dir='ltr'><strong>concessit:</strong></span> <span class='ocrx_word' id='word_1_627' title='bbox 1117 4745 1280 4789; x_wconf 87' lang='lat' dir='ltr'><strong>sermonem</strong></span> <span class='ocrx_word' id='word_1_628' title='bbox 1291 4727 1360 4789; x_wconf 82' lang='lat' dir='ltr'><strong>lecit</strong></span> <span class='ocrx_word' id='word_1_629' title='bbox 1378 4725 1498 4805; x_wconf 89' lang='lat' dir='ltr'><strong>quidam</strong></span> <span class='ocrx_word' id='word_1_630' title='bbox 1512 4722 1636 4785; x_wconf 81' lang='lat' dir='ltr'><strong>Franci·</strong></span> 
     </span>
     <span class='ocr_line' id='line_1_103' title="bbox 841 4846 925 4907; baseline 0 -18"><span class='ocrx_word' id='word_1_631' title='bbox 841 4846 925 4907; x_wconf 87' lang='lat' dir='ltr'><strong>gena.</strong></span> 
     </span>
    </p>

    <p class='ocr_par' dir='ltr' id='par_1_10' title="bbox 840 4925 1637 5422">
     <span class='ocr_line' id='line_1_104' title="bbox 883 4925 1635 5000; baseline -0.009 -11"><span class='ocrx_word' id='word_1_632' title='bbox 883 4929 970 4990; x_wconf 80' lang='lat' dir='ltr'><strong>Faria</strong></span> <span class='ocrx_word' id='word_1_633' title='bbox 991 4926 1127 5000; x_wconf 68' lang='lat' dir='ltr'><strong>mounda,</strong></span> <span class='ocrx_word' id='word_1_634' title='bbox 1150 4925 1320 4988; x_wconf 87' lang='lat' dir='ltr'><strong>duodecima</strong></span> <span class='ocrx_word' id='word_1_635' title='bbox 1340 4926 1443 4988; x_wconf 89' lang='lat' dir='ltr'><strong>mensis</strong></span> <span class='ocrx_word' id='word_1_636' title='bbox 1465 4925 1562 4987; x_wconf 88' lang='lat' dir='ltr'><strong>martii</strong></span> <span class='ocrx_word' id='word_1_637' title='bbox 1577 4934 1635 4984; x_wconf 90' lang='lat' dir='ltr'><strong>etc.</strong></span> 
     </span>
     <span class='ocr_line' id='line_1_105' title="bbox 841 5014 1637 5109; baseline -0.008 -18"><span class='ocrx_word' id='word_1_638' title='bbox 841 5048 893 5109; x_wconf 86' lang='lat' dir='ltr'><strong>per</strong></span> <span class='ocrx_word' id='word_1_639' title='bbox 914 5014 1064 5092; x_wconf 88' lang='lat' dir='ltr'><strong>ecclesiam</strong></span> <span class='ocrx_word' id='word_1_640' title='bbox 1087 5029 1264 5090; x_wconf 83' lang='lat' dir='ltr'><strong>Sanctorum</strong></span> <span class='ocrx_word' id='word_1_641' title='bbox 1290 5027 1412 5091; x_wconf 79' lang='lat' dir='ltr'><strong>loannis</strong></span> <span class='ocrx_word' id='word_1_642' title='bbox 1432 5039 1462 5090; x_wconf 91' lang='lat' dir='ltr'><strong>et</strong></span> <span class='ocrx_word' id='word_1_643' title='bbox 1488 5028 1574 5087; x_wconf 85' lang='lat' dir='ltr'><strong>Pauli</strong></span> <span class='ocrx_word' id='word_1_644' title='bbox 1606 5035 1637 5086; x_wconf 86' lang='lat' dir='ltr'><strong>at</strong></span> 
     </span>
     <span class='ocr_line' id='line_1_106' title="bbox 841 5124 1637 5192; baseline -0.005 -2"><span class='ocrx_word' id='word_1_645' title='bbox 841 5130 994 5192; x_wconf 75' lang='lat' dir='ltr'><strong>basilicam</strong></span> <span class='ocrx_word' id='word_1_646' title='bbox 1021 5129 1242 5190; x_wconf 78' lang='lat' dir='ltr'><strong>bateiaoensem</strong></span> <span class='ocrx_word' id='word_1_647' title='bbox 1265 5129 1345 5190; x_wconf 80' lang='lat' dir='ltr'><strong>venit</strong></span> <span class='ocrx_word' id='word_1_648' title='bbox 1365 5129 1495 5189; x_wconf 77' lang='lat' dir='ltr'><strong>Pontifex</strong></span> <span class='ocrx_word' id='word_1_649' title='bbox 1521 5124 1556 5186; x_wconf 90' lang='lat' dir='ltr'><strong>ad</strong></span> <span class='ocrx_word' id='word_1_650' title='bbox 1584 5141 1637 5186; x_wconf 90' lang='lat' dir='ltr'><strong>ec·</strong></span> 
     </span>
     <span class='ocr_line' id='line_1_107' title="bbox 842 5229 1636 5306; baseline -0.005 -17"><span class='ocrx_word' id='word_1_651' title='bbox 842 5233 958 5292; x_wconf 85' lang='lat' dir='ltr'><strong>alesiam</strong></span> <span class='ocrx_word' id='word_1_652' title='bbox 976 5231 1099 5292; x_wconf 87' lang='lat' dir='ltr'><strong>Sanctae</strong></span> <span class='ocrx_word' id='word_1_653' title='bbox 1117 5229 1222 5292; x_wconf 82' lang='lat' dir='ltr'><strong>Crucis</strong></span> <span class='ocrx_word' id='word_1_654' title='bbox 1244 5231 1272 5292; x_wconf 90' lang='lat' dir='ltr'><strong>in</strong></span> <span class='ocrx_word' id='word_1_655' title='bbox 1294 5229 1505 5303; x_wconf 84' lang='lat' dir='ltr'><strong>fliermalem,</strong></span> <span class='ocrx_word' id='word_1_656' title='bbox 1527 5229 1556 5288; x_wconf 92' lang='lat' dir='ltr'><strong>in</strong></span> <span class='ocrx_word' id='word_1_657' title='bbox 1577 5240 1636 5306; x_wconf 87' lang='lat' dir='ltr'><strong>qua</strong></span> 
     </span>
     <span class='ocr_line' id='line_1_108' title="bbox 840 5315 1635 5422; baseline -0.006 -31"><span class='ocrx_word' id='word_1_658' title='bbox 840 5315 1041 5413; x_wconf 81' lang='lat' dir='ltr'><strong>superioribas</strong></span> <span class='ocrx_word' id='word_1_659' title='bbox 1053 5331 1164 5422; x_wconf 85' lang='lat' dir='ltr'><strong>diebus,</strong></span> <span class='ocrx_word' id='word_1_660' title='bbox 1176 5349 1244 5392; x_wconf 89' lang='lat' dir='ltr'><strong>com</strong></span> <span class='ocrx_word' id='word_1_661' title='bbox 1264 5331 1384 5395; x_wconf 87' lang='lat' dir='ltr'><strong>ecclesia</strong></span> <span class='ocrx_word' id='word_1_662' title='bbox 1405 5330 1467 5411; x_wconf 89' lang='lat' dir='ltr'><strong>ipsa</strong></span> <span class='ocrx_word' id='word_1_663' title='bbox 1483 5337 1635 5393; x_wconf 79' lang='lat' dir='ltr'><strong>restaura·</strong></span> 
     </span>
    </p>
   </div>
   <div class='ocr_carea' id='block_1_7' title="bbox 0 0 1886 6036">
    <p class='ocr_par' dir='ltr' id='par_1_11' title="bbox 0 0 1886 6036">
     <span class='ocr_line' id='line_1_109' title="bbox 0 0 1886 6036; baseline 0 0"><span class='ocrx_word' id='word_1_664' title='bbox 0 0 1886 6036; x_wconf 95' lang='lat' dir='ltr'><strong> </strong></span> 
     </span>
    </p>
   </div>
  </div>
 </body>
</html>
