3780 6030
203 253 244 315 ee
680 244 962 310 ronriricarus
983 240 1204 307 rnnouunrn
1225 242 1375 306 444444.
1732 238 1839 325 <aisn

206 385 322 449 denudo
335 386 420 448 -venit
444 404 497 466 per
517 383 675 447 Coiiaseum
706 395 735 446 et
755 396 867 446 rectam
888 383 994 456 444444,

206 488 339 549 videlieet
357 485 407 547 ubi
426 486 519 566 posita
538 496 580 547 est
600 486 696 565 imago
722 484 874 565 Papissae,
893 496 926 545 ut
946 483 993 543 di-

202 588 291 659 eitur,
320 587 349 645 in
370 586 487 665 signum
510 586 588 664 quod
606 586 750 647 ,lebannes
770 588 833 648 Vll.
854 585 993 665 Anglians

203 704 328 767 puerum
349 687 461 765 peperit
471 708 482 758 ;
503 705 556 764 per
577 704 665 764 quam
685 704 785 748 omnes
804 686 905 747 dieunt
935 703 992 745 non

202 790 307 854 debere
330 808 458 869 nuquam
482 790 622 872 equitare.
637 792 698 875 ¹Fui
719 801 873 872 propterea
903 807 921 849 4
955 790 993 849 D.

202 892 416 972 archiepiscopo
436 890 692 962 Florentiuorum,
710 891 845 971 episeopo
866 890 993 964 1144444,

202 991 364 1071 ctilugnne
382 990 543 1052 4411444444
560 989 736 1051 subdiacono
754 990 923 1070 apostolico,
940 1007 990 1050 re·

204 1090 371 1170 prehensus.
392 1089 487 1150 Habui
504 1107 592 1168 super
615 1089 816 1152 boe‘verbum
837 1109 905 1151 cum
927 1090 992 1152 Do-

203 1192 282 1254 mino
302 1191 434 1271 episcopo
450 1189 640 1265 Pientinense,
662 1192 713 1269 qni
732 1191 802 1252 mibi
822 1190 892 1252 dixit
911 1192 991 1251 illem

200 1309 263 1353 ease
279 1289 439 1351 fatuitatem
456 1333 465 1365 ,
482 1308 518 1351 ac
539 1289 680 1352 baeresim
698 1310 797 1371 sapere
816 1291 893 1370 quod
913 1291 991 1372 Papa

203 1408 261 1452 non
290 1390 391 1452 444444
411 1410 463 1469 per
485 1390 565 1451 iilam
586 1393 664 1452 viam
683 1393 746 1464 ire,
767 1411 834 1454 enm
856 1409 913 1453 nnn
940 1410 991 1452 re-

202 1491 332 1571 periatur
351 1492 450 1568 aliquo
470 1491 544 1552 libro
563 1491 728 1553 authentico
745 1490 932 1573 prohibitum,
945 1494 989 1555 441

201 1608 236 1651 ex
257 1590 464 1654 consuetudine
485 1592 666 1652 contrarium
684 1591 870 1655 observatum
887 1590 943 1676 (l).

242 1842 278 1898 (4)
293 1838 330 1892 De
347 1841 434 1892 lnbula
450 1843 573 1908 Papissee
585 1845 701 1897 4444444
718 1846 847 1910 quaedam
863 1849 915 1907 1444
932 1847 988 1897 dixi

202 1922 260 1982 pag.
278 1922 317 1971 48.
335 1923 374 1971 49.
389 1936 447 1972 rum
465 1924 497 1974 de
514 1925 577 1975 sede
594 1925 803 1986 44444444444,14
819 1926 989 1977 coronatione

203 1996 353 2049 Pontificum
370 2000 502 2061 adbibita,
522 2003 606 2053 verba
623 2004 748 2054 iacerem.
772 2005 861 2055 1444444
882 2008 911 2054 44
927 2005 989 2064 414,

205 2076 250 2125 ubi
267 2081 358 2127 auctor
375 2079 490 2142 loquitur
506 2081 539 2132 de
551 2082 620 2132 bona
637 2081 688 2133 4444
705 2086 731 2132 44
747 2083 989 2146 nimiapopulinon

204 2154 300 2214 solum,
316 2156 364 2206 sed
380 2158 552 2220 quorumdam
564 2160 742 2223 praelatorum
760 2165 787 2211 et
803 2162 988 2224 episcoporum

203 2235 358 2286 credulitate
375 2247 455 2298 super
472 2238 562 2287 eadem
581 2250 628 2297 re,
644 2238 745 2301 reliqua
763 2238 867 2288 addam.
884 2237 989 2288 Pontid-

201 2316 275 2363 calus
299 2314 415 2363 mulieris
431 2314 584 2378 adsignetur
610 2318 678 2367 inter
699 2317 811 2368 Leonem
832 2316 869 2366 11.
894 2317 988 2367 44114·

202 2394 335 2443 4444444444
351 2392 399 2451 111,
415 2393 449 2442 ad
465 2407 562 2445 aunum
575 2394 630 2446 855.
646 2396 690 2446 441
714 2397 792 2446 44444.
807 2396 898 2459 Neque
915 2397 988 2457 elus·

204 2470 263 2521 dem
281 2483 367 2534 nequa
383 2472 481 2522 saeculi
499 2471 687 2536 subsequentis
712 2475 791 2525 ullum
808 2478 882 2524 extat
900 2486 989 2523 mouu-

201 2554 318 2599 mentum
335 2561 369 2599 44
385 2563 436 2611 qno
453 2553 591 2601 evincatur
608 2565 659 2601 non
676 2551 760 2602 dicam
778 2555 815 2602 rei
828 2554 927 2602 veritas
941 2551 988 2602 sed

202 2626 305 2677 notitia.
326 2627 435 2678 Saeculo
457 2628 517 2688 111,
533 2630 620 2687 aiunt,
636 2630 721 2693 aliqua
743 2631 844 2680 incerta
865 2631 898 2679 44
920 2634 988 2692 Papa

203 2705 313 2754 muliere
330 2703 472 2764 4444444444
499 2706 547 2756 sed
570 2708 687 2756 narratio
710 2720 774 2758 rere
797 2709 860 2757 setis
885 2709 988 2770 vulgata

204 2783 308 2834 saeculo
325 2796 390 2842 xnn,
406 2784 481 2834 etde
497 2784 540 2834 die
561 2786 586 2833 in
603 2785 672 2834 diem
689 2785 716 2834 in
741 2789 840 2836 tentum
856 2786 986 2843 adjunctis

202 2861 330 2921 excrevit,
339 2866 376 2921 ut,
389 2862 497 2925 singulis
509 2863 684 2925 scriptoribus
695 2865 779 2927 aliqua
792 2863 987 2928 adjicientibus,

199 2939 445 3003 perfectarumque
463 2953 523 2990 sese
541 2940 697 3000 ostenderit,
714 2945 740 2992 et
763 2941 923 2992 audientium
940 2932 986 2990 44-

199 3017 293 3081 luptati
310 3019 432 3080 jucunda.
446 3018 573 3070 1444444144
595 3020 727 3069 bominum
751 3021 794 3070 441
812 3033 899 3070 rerum
917 3033 986 3070 sem·

199 3109 249 3160 per
274 3097 350 3147 iacile
377 3097 496 3158 credita,
523 3111 579 3148 non
601 3110 707 3161 semper
723 3099 823 3148 veritas
845 3110 986 3148 oruamen-

200 3176 236 3226 tis
262 3175 412 3233 destitutae
434 3179 461 3226 et
484 3177 521 3227 nil
547 3178 635 3227 verius
661 3177 731 3227 dicto
755 3181 868 3239 poetae,
889 3178 985 3228 multos

199 3255 348 3317 multosque
373 3257 459 3317 urgeri
484 3255 653 3305 illacrimatos
678 3257 764 3306 444444
786 3256 847 3317 quin
870 3256 927 3305 onte
942 3267 987 3305 su·

200 3344 252 3381 444.
268 3331 426 3396 figmentum
443 3332 476 3382 de
498 3332 597 3383 loanne
621 3346 670 3396 pro
693 3338 767 3382 certo
792 3332 908 3382 habitum
931 3332 985 3382 lere

199 3421 284 3472 usque
300 3409 334 3459 ad
350 3408 447 3458 lineam
464 3410 572 3461 Silvium
593 3411 757 3461 Piccnlomini
774 3413 818 3473 qul
836 3412 938 3473 primus
958 3413 984 3460 in

198 3487 545 3550 11441444444444144144444
564 3493 587 3540 et
608 3490 801 3549 Thebaitanos
819 3489 914 3552 epistol.
933 3491 987 3540 4441.

198 3564 241 3628 144.
258 3578 310 3618 4444.
326 3577 395 3615 4444.
411 3566 568 3627 (1144441444
585 3570 669 3627 4444),
686 3567 833 3618 adtlrmavit
849 3568 916 3616 banc
932 3579 984 3616 non

199 3655 259 3694 esse
277 3644 415 3694 historiam
432 3649 542 3695 certam.

242 3720 293 3770 Sed
309 3732 361 3771 non
378 3724 451 3771 44444
468 3722 558 3771 inutile
580 3722 639 3781 erit,
659 3725 771 3785 primum
794 3724 895 3774 reterre
915 3726 985 3773 inle-

196 3812 282 3863 grum,
303 3811 336 3849 ex
355 3801 439 3871 ¹variis
460 3801 678 3860 narrationibus,
701 3801 864 3866 figmentum
891 3805 984 3864 postea

199 3880 358 3940 scriptorum
381 3879 546 3939 testimonia,
571 3884 705 3941 postremo
731 3880 929 3932 controversias
956 3886 984 3931 et

199 3959 351 4019 argumenta
368 3969 401 4005 ex
418 3956 514 4018 quibus
526 3959 626 4007 veritas
640 3959 761 4014 lucescat.
779 3958 902 4009 Fabulam
915 3959 981 4009 banc

197 4026 230 4084 44
241 4035 331 4085 1444444
341 4033 398 4084 dcll’
406 4034 504 4095 impero
515 4033 665 4086 Germanico
677 4049 689 4086 c
699 4035 755 4087 dcll'
764 4036 836 4087 ltalia
852 4036 896 4086 444
906 4039 984 4098 tempi

198 4111 239 4163 del
255 4112 387 4175 0444444444
409 4114 465 4163 nno
481 4113 536 4163 ullo
557 4126 620 4176 pecc
640 4115 668 4164 (44
691 4114 809 4178 1444414444
826 4121 834 4172 (
852 4115 983 4166 stocolma

202 4195 271 4243 4741.
288 4194 314 4241 44
330 4195 353 4242 4.
369 4205 428 4255 pag.
446 4199 467 4244 l·
484 4198 512 4243 et
528 4206 583 4254 444.
596 4200 618 4251 ),
637 4197 726 4256 utpote
743 4200 886 4257 lntegram,
898 4208 981 4245 sumn.

211 4303 212 4306 ¹
247 4290 256 4311 ·
275 4269 347 4333 ann
364 4271 387 4319 14
405 4275 488 4320 morte
506 4271 632 4321 4414444
656 4273 697 4321 114.
722 4284 808 4323 venne
832 4274 848 4322 il
871 4274 943 4322 44444
968 4287 982 4323 4

203 4349 299 4410 popolo
325 4349 439 4398 Romano
465 4348 634 4399 all’elezione
658 4350 684 4399 di
701 4364 736 4400 un
753 4352 820 4400 altro
844 4350 981 4401 Pontedce.

199 4425 298 4486 Questn
314 4429 396 4488 punto
412 4426 438 4476 di
455 4430 544 4490 tempo
561 4428 575 4477 4
592 4427 761 4477 memorabile
777 4428 874 4491 perobe
885 4429 919 4491 gli
930 4433 984 4478 stn-

199 4504 246 4553 ricl
262 4503 305 4554 dei
322 4504 403 4554 secoli
421 4505 560 4566 posteriori
576 4505 674 4565 launo,
695 4505 765 4570 dopo
785 4507 812 4558 44
834 4505 901 4569 Papa
916 4507 982 4559 Leo·

203 4593 237 4631 ne
257 4580 305 4644 144,
321 4581 457 4634 menzione
474 4582 500 4633 di
517 4596 567 4633 una
585 4589 656 4635 44444
673 4585 784 4647 Papessa
802 4584 945 4641 Giovanue,
961 4586 984 4634 la

200 4660 276 4724 quale
293 4660 345 4710 essi
362 4673 472 4711 narrano
488 4675 553 4713 aver
569 4669 712 4726 governatn
736 4664 760 4713 la
782 4663 874 4715 Cbiesa
890 4665 984 4712 imme·

200 4738 360 4789 dlatameute
377 4739 446 4801 dopo
462 4753 523 4791 4444
539 4741 638 4791 'Leone
660 4742 709 4794 Nol
733 4743 868 4805 sappiamo
891 4754 982 4792 essere

200 4823 294 4882 questa
310 4831 361 4870 una
377 4832 443 4882 pura
460 4820 545 4871 444414
562 4820 596 4871 44
613 4834 664 4871 una
683 4823 837 4872 1444444444
848 4820 890 4870 444
902 4822 982 4883 tempi

198 4900 359 4960 posterioria
376 4913 418 4950 ma
434 4901 591 4953 nondimeno
608 4902 801 4954 considerando
818 4901 867 4951 444
892 4912 952 4951 essa
968 4900 982 4950 4

200 4982 268 5029 stata
285 4980 419 5030 inventute
436 4980 562 5044 degente
580 4982 712 5040 cettollca,
738 4994 752 5032 4
769 4981 817 5031 444
840 4982 882 5030 nei
903 4979 980 5030 secoli

200 5055 308 5108 barbari
325 5072 371 5108 era
387 5065 480 5123 questa
496 5060 607 5111 41441444
619 5060 768 5125 riguurdata
785 5060 818 5111 da
835 5060 894 5110 tutti
905 5062 913 5108 i
925 5063 982 5109 cat·

199 5135 270 5184 444444
292 5140 485 5199 generalmente
509 5153 557 5203 per
578 5154 630 5190 una
646 5139 731 5191 veriti
753 5138 912 5198 indubitate,
927 5137 980 5188 cosi

201 5212 295 5264 44444
319 5215 455 5267 lederano
479 5218 612 5269 14444444
636 5218 661 5268 (44
684 5222 778 5281 questa
801 5228 914 5280 papessa
940 5217 981 5267 ira

200 5292 286 5353 quelle
301 5292 369 5357 degli
385 5297 444 5346 41444
467 5295 588 5349 Pouleiici
613 5297 713 5360 pertine
730 5298 798 5348 nulle
821 5297 910 5348 cbiese
928 5309 980 5348 me·

1098 382 1151 443 1144
1169 381 1268 444 diebus
1282 374 1425 442 4444444444
1443 378 1481 438 44
1497 376 1608 441 Urbem
1628 375 1693 438 llll.
1709 376 1768 437 PP.
1781 377 1841 438 111).

1057 482 1451 562 Wiielmusarohiepisenpus
1472 480 1504 542 S.
1525 479 1667 551 Andreae,
1681 493 1710 541 et
1727 479 1840 541 144444-

1057 594 1104 644 4444
1124 583 1272 664 episeopus
1293 581 1477 660 Giasqnensis
1493 578 1634 644 Oratores
1649 583 1731 643 111444.
1743 580 1841 642 Jaenbi

1056 683 1214 744 Scotorum
1228 682 1318 762 Regis
1332 702 1388 763 pro
1404 680 1562 744 obedientia
1577 680 1632 742 SS.
1650 681 1688 742 1).
1704 680 1740 741 N.
1755 700 1840 761 prae·

1055 783 1172 857 stende,
1193 783 1298 861 quibua
1318 792 1460 845 venerunt
1479 782 1596 844 obviam
1616 800 1652 843 444
1671 794 1759 862 porta
1790 782 1841 842 vl·

1057 883 1156 944 riderii
1171 883 1293 943 familiae
1313 882 1511 944 cardinalium
1531 893 1560 943 et
1581 881 1678 960 Papee
1684 903 1695 955 3
1717 882 1841 943 4444414·

1057 995 1127 1044 runt
1147 1001 1196 1044 ens
1215 981 1252 1043 44
1272 981 1389 1044 domum
1408 983 1443 1042 1).
1466 981 1533 1043 illel.
1556 980 1591 1042 de
1619 980 1666 1053 N,
1678 1000 1767 1060 quam
1790 1001 1839 1063 prn

1058 1081 1229 1144 habitatione
1249 1099 1301 1143 sue
1321 1082 1519 1144 conduxerunt
1531 1099 1614 1142 more
1635 1082 1731 1143 inlito.
1745 1084 1840 1144 intra·

1057 1195 1126 1245 runt
1145 1185 1295 1246 mantellos
1315 1184 1416 1262 longua
1436 1183 1595 1256 babentes,
1616 1193 1645 1245 at
1665 1183 1769 1244 subtus
1791 1202 1839 1244 ea·

1056 1285 1142 1363 puciu
1162 1302 1253 1364 parva
1275 1283 1314 1345 de
1338 1283 1513 1355 4444414444,
1530 1293 1559 1343 44
1579 1284 1725 1362 cappellus
1744 1268 1837 1362 nigros

1058 1386 1144 1446 viridi
1162 1385 1306 1458 suffultos,
1324 1379 1565 1445 moreananae
1584 1382 1774 1456 (4444444444
1792 1402 1836 1444 ca·

1056 1487 1141 1565 44414
1161 1485 1197 1547 de
1218 1486 1372 1546 aamelnltn
1390 1501 1448 1544 non
1467 1482 1587 1545 luerunt
1607 1481 1741 1543 honesta

1098 1584 1184 1647 Ferie
1204 1584 1353 1657 4444411.
1372 1584 1475 1646 44444444
1490 1580 1632 1660 junuarii,
1650 1582 1681 1642 in
1704 1582 1798 1662 prima
1817 1592 1837 1642 el

1056 1833 1164 1893 desime‚
1175 1832 1347 1894 gindicbiamn
1359 1832 1385 1882 di
1393 1832 1500 1891 dovere,
1509 1833 1612 1883 almeno
1623 1833 1835 1889 suocinlamenle

1055 1911 1468 1963 44444444144144444444444144
1493 1911 1548 1961 rite
1573 1924 1587 1961 e
1612 1911 1654 1962 del
1681 1925 1800 1975 governo
1815 1911 1835 1961 di

1055 1996 1149 2053 questa
1166 2003 1287 2052 papeasa·
1348 2008 1351 2022 ¹

1096 2071 1229 2121 Ginuenua
1247 2082 1302 2127 era,
1318 2069 1343 2121 44
1359 2069 1415 2121 dire
1430 2069 1458 2119 di
1475 2070 1570 2120 cotesti
1591 2070 1718 2131 istorici,
1743 2084 1794 2120 una
1815 2070 1837 2120 l-

1055 2151 1150 2212 4444414
1167 2148 1192 2198 44
1211 2163 1245 2199 44
1263 2149 1430 2198 missiouarin
1447 2152 1562 2214 logicen,
1582 2150 1606 2199 la
1624 2151 1703 2213 quale
1731 2150 1837 2200 1444114

1055 2228 1147 2291 moglle
1164 2226 1207 2276 del
1225 2227 1403 2286 missionario,
1414 2231 1516 2278 mentre
1533 2242 1614 2278 erano
1631 2229 1656 2278 ln
1674 2231 1778 2291 viaggio
1795 2228 1838 2276 alla

1050 2307 1126 2355 44144
1142 2305 1211 2356 della
1226 2306 1363 2364 sesannia,
1379 2307 1509 2368 parturita
1525 2307 1559 2356 ad
1576 2306 1747 2369 lngenlbelm.
1770 2307 1836 2369 iiopn

1055 2385 1073 2434 il
1089 2389 1166 2448 parto
1183 2384 1306 2448 prosegui
1323 2386 1340 2434 il
1357 2385 1525 2437 missionerin
1544 2386 1560 2435 il
1578 2398 1627 2436 aun
1650 2384 1837 2444 comminare

1053 2462 1191 2514 essendosi
1213 2468 1318 2526 portato
1335 2464 1499 2526 perdiversi
1521 2465 1607 2528 luogbi
1624 2464 1693 2514 della
1718 2465 1835 2514 Snssoma

1053 2554 1067 2590 a
1084 2540 1222 2603 predicare
1240 2543 1263 2591 la
1283 2541 1342 2591 4444
1359 2543 1491 2601 callolica,
1507 2544 1576 2593 nella
1593 2544 1670 2606 quale
1696 2542 1771 2592 Carln
1788 2542 1836 2592 lia·

1052 2633 1102 2682 gno
1119 2633 1203 2671 44444
1220 2621 1329 2671 44444444
1346 2624 1406 2684 quei
1423 2622 1512 2685 popoll
1529 2622 1594 2671 44114
1616 2625 1727 2685 potenle
1752 2619 1835 2683 predi·

1051 2699 1161 2750 catinae
1176 2699 1221 2750 del
1238 2700 1310 2751 terro
1328 2712 1342 2750 e
1360 2701 1514 2759 delmona,
1531 2712 1667 2763 pertenue
1692 2699 1837 2748 dnatmente

1051 2777 1163 2828 ai'ulda
1179 2779 1222 2828 nal
1240 2779 1302 2840 qual
1319 2780 1397 2843 luogo
1414 2778 1504 2830 stabili
1528 2781 1552 2832 le
1574 2793 1622 2830 sue
1639 2780 1783 2830 residenza
1799 2792 1838 2830 nr·

1051 2854 1163 2904 dinarie.
1178 2855 1214 2905 Le
1230 2868 1293 2905 cura
1312 2856 1380 2906 delle
1397 2862 1483 2908 anime
1500 2858 1544 2908 eil
1556 2859 1682 2907 continuo
1694 2859 1783 2920 girare
1795 2871 1838 2920 per

1052 2933 1075 2982 le
1092 2938 1163 2983 terre
1180 2933 1222 2983 dei
1235 2935 1330 2984 novelli
1349 2937 1465 2986 cristiani
1479 2936 1708 2998 nonlmpedirono
1731 2937 1838 2987 nulladi·

1051 3025 1128 3062 menn
1140 3013 1157 3061 41
1168 3015 1283 3075 genitore
1300 3013 1374 3064 cb'ei
1387 3004 1437 3064 nnn
1451 3017 1602 3066 attendesee
1614 3029 1664 3066 con
1676 3018 1779 3079 grande
1789 3016 1837 3065 sol·

1051 3091 1191 3142 lenitudine
1202 3092 1251 3142 alle
1263 3093 1421 3144 4444444444
1434 3095 1459 3143 44
1472 3107 1518 3144 sua
1531 3094 1672 3158 ligliuola,e
1689 3096 1725 3146 ad
1737 3096 1835 3146 44444444-

1051 3171 1075 3221 la
1092 3171 1160 3221 uelle
1172 3171 1277 3221 scienze
1290 3185 1337 3233 per
1350 3173 1373 3223 le
1385 3174 1455 3236 quali
1473 3173 1522 3223 ella
1539 3174 1638 3224 mnstrd
1655 3173 1689 3224 44
1707 3175 1778 3225 dalla
1791 3173 1831 3237 piri

1051 3251 1142 3298 tenera
1160 3249 1202 3298 444
1219 3250 1303 3299 suedi
1316 3263 1396 3299 44444
1408 3264 1458 3299 444
1470 3251 1645 3314 grandissima
1658 3254 1834 3302 inelinazione.

1092 3327 1194 3377 1444444
1211 3341 1257 3378 444
1274 3328 1407 3378 Glovsnna
1425 3334 1572 3391 perrenota
1595 3333 1645 3393 egli
1663 3334 1726 3382 anni
1747 3331 1836 3390 dedici,

1050 3407 1156 3469 quando
1172 3420 1207 3456 un
1222 3408 1291 3457 irate
1316 3407 1358 3458 del
1380 3413 1511 3459 convento
1535 3411 1561 3459 44
1585 3410 1680 3469 Fulda,
1704 3413 1834 3462 aeciaealo

1051 3484 1120 3536 dalla
1136 3485 1163 3535 dl
1180 3488 1213 3537 lei
1230 3487 1358 3544 44114444,
1374 3488 1415 3536 cb‘
1427 3502 1472 3538 era
1490 3490 1690 3552 propriamente
1709 3490 1836 3541 straordi·

1051 3566 1135 3624 naria,
1147 3579 1162 3615 4
1174 3567 1308 3615 444444444
1321 3565 1363 3616 444
1376 3567 1490 3615 mirabili
1501 3571 1634 3630 progressi
1646 3569 1744 3618 cb'ella
1757 3579 1834 3617 44444

1050 3643 1114 3694 14444
1130 3647 1198 3695 44114
1215 3648 1319 3696 scienze
1335 3647 1381 3708 (di
1398 3650 1427 3697 42
1443 3646 1521 3699 nuni!
1530 3645 1540 3698 .'
1552 3648 1569 3707 l,
1585 3642 1741 3698 4444444444
1758 3648 1784 3696 44
1801 3647 1831 3695 144

1049 3721 1073 3769 s'
1082 3721 1227 3773 lnnamord.
1243 3725 1388 3783 (44444444,
1404 3726 1550 3775 44444444
1564 3739 1577 3774 4
1594 3725 1648 3776 1444
1661 3725 1834 3774 4444414444

1048 3801 1194 3862 giovinettn
1210 3814 1226 3850 e
1243 3800 1329 3858 ballo,
1354 3815 1407 3852 nou
1430 3804 1521 3853 istette
1545 3805 1619 3866 gnari
1636 3816 1651 3853 a
1668 3805 1770 3854 sentire
1793 3816 1842 3852 aa·

1051 3879 1149 3929 cb'ella
1166 3879 1254 3929 444444
1271 3893 1285 3929 4
1303 3882 1403 3942 potenti
1421 3883 1518 3933 stimuli
1535 3882 1717 3942 4441444444
1737 3883 1775 3933 tal
1791 3882 1844 3931 ebe

1050 3959 1098 4021 agli
1116 3958 1213 4007 amanti
1230 3958 1391 4009 comiuciava
1403 3962 1469 4009 omai
1482 3974 1496 4010 a
1515 3960 1579 4010 dare
1591 3960 1768 4024 grandissima
1781 3960 1857 4016 noia

1050 4038 1067 4086 il
1083 4036 1167 4086 doner
1183 4040 1274 4086 tenere
1291 4044 1385 4100 questa
1408 4039 1464 4088 loro
1491 4043 1593 4102 prutina
1617 4039 1687 4089 nella
1706 4052 1770 4089 casa
1791 4052 1853 4102 pa-

1049 4119 1134 4175 terna,
1149 4116 1219 4165 dore
1245 4128 1298 4165 unu
1326 4121 1469 4178 poterauo,
1486 4131 1536 4168 oon
1559 4119 1646 4182 quella
1670 4118 1769 4169 ilberti
1792 4121 1874 4170 ab&

1049 4195 1196 4246 aarebbero
1212 4194 1342 4253 bramato,
1358 4198 1494 4248 rilesciare
1511 4199 1528 4247 il
1548 4198 1624 4248 ireun
1641 4199 1693 4248 alla
1711 4200 1770 4249 loro
1790 4211 1864 4248 ou—

1049 4273 1139 4336 piditi.
1156 4274 1260 4324 Lanude
1277 4288 1312 4324 un
1329 4276 1419 4338 giorno
1431 4288 1599 4326 4444444444
1610 4277 1651 4329 ira
1667 4277 1694 4328 di
1713 4278 1887 4336 14444449

1049 4353 1183 4402 Giovanna
1200 4352 1315 4403 4444444
1332 4357 1430 4404 4444444
1448 4361 1660 4406 nascostamente
1677 4356 1748 4407 dalla
1766 4371 1888 4411 4444,

1049 4441 1063 4479 4
1080 4431 1188 4493 gittatisi
1204 4430 1280 4493 giuli
1298 4432 1362 4482 44141
1379 4431 1411 4482 44
1429 4432 1516 4483 44444
1535 4437 1688 4486 4444441444
1705 4436 1738 4486 44
1753 4449 1845 4506 nomo
1859 4463 1888 4483 ι,

1049 4510 1071 4558 44
1087 4514 1259 4572 praeentasse
1277 4510 1405 4561 all'abete
1429 4511 1471 4561 del
1490 4514 1634 4563 monistero
1650 4526 1667 4562 e
1683 4517 1888 4578 progressio

1049 4588 1098 4638 444
1114 4602 1163 4651 per
1180 4589 1250 4640 lrnte
1266 4593 1308 4641 nel
1326 4603 1374 4641 suo
1395 4591 1499 4657 ordine¹
1511 4594 1535 4642 ln
1560 4594 1704 4644 ricevesse.
1726 4593 1791 4645 Cnsi
1814 4594 1888 4643 iu

1048 4664 1129 4715 144444
1147 4679 1162 4716 4
1181 4665 1197 4715 l'
1207 4667 1296 4726 44444,
1310 4668 1359 4719 444
1375 4668 1402 4718 41
1418 4670 1552 4720 Giovanna
1573 4683 1626 4720 non
1643 4683 1729 4721 44444
1759 4675 1827 4736 prim
1842 4674 1888 4714 8

1050 4748 1129 4794 44444
1145 4746 1242 4795 4444444
1260 4748 1360 4806 414444,
1378 4748 1522 4800 4444444414
1540 4747 1595 4799 4441
1608 4749 1676 4798 44144
1691 4751 1764 4801 44114
1781 4762 1888 4815 444(ν

1048 4836 1113 4875 4444
1129 4836 1143 4874 4
1160 4823 1215 4876 cosi
1230 4830 1320 4877 aranti
1337 4829 1405 4878 nelle
1431 4829 1553 4890 selenae,
1575 4842 1655 4879 senza
1686 4832 1771 4880 molto
1793 4828 1885 4881 esi*

1049 4905 1125 4963 tare,
1144 4904 1203 4953 anai
1226 4917 1277 4954 con
1301 4906 1473 4972 grandissimo
1499 4909 1618 4970 placere,
1645 4908 1661 4956 l'
1674 4910 1784 4960 4444444
1801 4898 1879 4960 nel

1048 4984 1179 5030 convento
1200 4993 1214 5031 4
1232 4982 1315 5033 144414
1332 4987 1432 5035 vestire
1450 4985 1547 5035 l’ebitn
1568 4987 1715 5037 monacale.

1089 5060 1166 5121 Quiri
1187 5060 1286 5111 ebbero
1304 5064 1311 5111 i
1328 5063 1379 5113 due
1396 5064 1492 5114 amanti
1516 5067 1582 5113 tutta
1601 5065 1801 5129 l'opporluniti
1816 5053 1874 5114 di

1050 5139 1154 5201 ningere
1172 5140 1179 5188 i
1198 5139 1259 5190 loro
1276 5141 1390 5192 emornsi
1407 5142 1534 5205 appetiti:
1557 5141 1598 5190 uel
1623 5142 1672 5191 4444
1697 5144 1765 5205 perd
1781 5153 1868 5194 uer

1050 5230 1115 5269 rouo
1134 5222 1206 5269 tenta
1221 5220 1421 5284 circnspezione
1437 5220 1486 5272 ebe
1498 5233 1549 5273 nun
1560 5232 1663 5282 nanque
1681 5234 1730 5284 per
1746 5224 1860 5286 questo

1050 5298 1143 5347 alanno
1161 5298 1276 5348 scouclo.
