<?xml version="1.0" encoding="UTF-8"?>
<!DOCTYPE html PUBLIC "-//W3C//DTD XHTML 1.0 Transitional//EN"
    "http://www.w3.org/TR/xhtml1/DTD/xhtml1-transitional.dtd">
<html xmlns="http://www.w3.org/1999/xhtml" xml:lang="en" lang="en">
 <head>
  <title>
</title>
<meta http-equiv="Content-Type" content="text/html;charset=utf-8" />
  <meta name='ocr-system' content='tesseract 3.04.00' />
  <meta name='ocr-capabilities' content='ocr_page ocr_carea ocr_par ocr_line ocrx_word'/>
</head>
<body>
  <div class='ocr_page' id='page_1' title='image "./johannisburchar00genngoog/johannisburchar00genngoog_0029.png"; bbox 0 0 3780 6030; ppageno 0'>
   <div class='ocr_carea' id='block_1_1' title="bbox 185 267 1376 344">
    <p class='ocr_par' dir='ltr' id='par_1_1' title="bbox 185 267 1376 344">
     <span class='ocr_line' id='line_1_1' title="bbox 185 267 1376 344; baseline 0.003 -16"><span class='ocrx_word' id='word_1_1' title='bbox 185 267 224 329; x_wconf 85' lang='grc'><strong>16</strong></span> <span class='ocrx_word' id='word_1_2' title='bbox 656 268 859 334; x_wconf 77' lang='lat' dir='ltr'><strong>CONClanE</strong></span> <span class='ocrx_word' id='word_1_3' title='bbox 880 268 983 331; x_wconf 80' lang='lat' dir='ltr'><strong>rusi·</strong></span> <span class='ocrx_word' id='word_1_4' title='bbox 1003 268 1151 335; x_wconf 83' lang='lat' dir='ltr'><strong>Slll&#39;lUbl</strong></span> <span class='ocrx_word' id='word_1_5' title='bbox 1172 272 1376 344; x_wconf 77' lang='lat' dir='ltr'><strong>nunnichi.</strong></span> 
     </span>
    </p>
   </div>
   <div class='ocr_carea' id='block_1_2' title="bbox 184 405 976 1595">
    <p class='ocr_par' dir='ltr' id='par_1_2' title="bbox 184 405 976 1393">
     <span class='ocr_line' id='line_1_2' title="bbox 227 405 975 491; baseline -0.007 -23"><span class='ocrx_word' id='word_1_6' title='bbox 227 405 354 468; x_wconf 83' lang='lat' dir='ltr'><strong>l‘mndia</strong></span> <span class='ocrx_word' id='word_1_7' title='bbox 380 417 513 486; x_wconf 86' lang='lat' dir='ltr'><strong>peracta,</strong></span> <span class='ocrx_word' id='word_1_8' title='bbox 536 421 598 491; x_wconf 87' lang='lat' dir='ltr'><strong>post</strong></span> <span class='ocrx_word' id='word_1_9' title='bbox 617 407 760 470; x_wconf 90' lang='lat' dir='ltr'><strong>modicum</strong></span> <span class='ocrx_word' id='word_1_10' title='bbox 790 406 975 469; x_wconf 82' lang='lat' dir='ltr'><strong>intervallum</strong></span> 
     </span>
     <span class='ocr_line' id='line_1_3' title="bbox 189 505 975 573; baseline -0.006 -4"><span class='ocrx_word' id='word_1_11' title='bbox 189 508 254 569; x_wconf 85' lang='lat' dir='ltr'><strong>aa.</strong></span> <span class='ocrx_word' id='word_1_12' title='bbox 269 508 331 569; x_wconf 84' lang='grc'><strong>111).</strong></span> <span class='ocrx_word' id='word_1_13' title='bbox 346 508 512 571; x_wconf 87' lang='lat' dir='ltr'><strong>Cardinales</strong></span> <span class='ocrx_word' id='word_1_14' title='bbox 525 528 624 573; x_wconf 85' lang='lat' dir='ltr'><strong>omnes</strong></span> <span class='ocrx_word' id='word_1_15' title='bbox 636 518 832 570; x_wconf 84' lang='lat' dir='ltr'><strong>convenerunt</strong></span> <span class='ocrx_word' id='word_1_16' title='bbox 847 507 875 566; x_wconf 91' lang='lat' dir='ltr'><strong>in</strong></span> <span class='ocrx_word' id='word_1_17' title='bbox 890 505 975 567; x_wconf 80' lang='lat' dir='ltr'><strong>tertia</strong></span> 
     </span>
     <span class='ocr_line' id='line_1_4' title="bbox 186 606 976 690; baseline -0.006 -20"><span class='ocrx_word' id='word_1_18' title='bbox 186 612 255 670; x_wconf 85' lang='lat' dir='ltr'><strong>aula</strong></span> <span class='ocrx_word' id='word_1_19' title='bbox 270 611 426 681; x_wconf 91' lang='lat' dir='ltr'><strong>conclavis,</strong></span> <span class='ocrx_word' id='word_1_20' title='bbox 439 610 499 683; x_wconf 90' lang='lat' dir='ltr'><strong>ubi,</strong></span> <span class='ocrx_word' id='word_1_21' title='bbox 513 611 671 690; x_wconf 87' lang='lat' dir='ltr'><strong>apportatis</strong></span> <span class='ocrx_word' id='word_1_22' title='bbox 682 628 734 689; x_wconf 90' lang='lat' dir='ltr'><strong>per</strong></span> <span class='ocrx_word' id='word_1_23' title='bbox 749 606 901 688; x_wconf 72' lang='lat' dir='ltr'><strong>cuiuslibet</strong></span> <span class='ocrx_word' id='word_1_24' title='bbox 911 625 976 666; x_wconf 88' lang='lat' dir='ltr'><strong>ser·</strong></span> 
     </span>
     <span class='ocr_line' id='line_1_5' title="bbox 187 709 976 786; baseline -0.001 -19"><span class='ocrx_word' id='word_1_25' title='bbox 187 711 309 772; x_wconf 85' lang='lat' dir='ltr'><strong>vitorem</strong></span> <span class='ocrx_word' id='word_1_26' title='bbox 329 710 481 782; x_wconf 89' lang='lat' dir='ltr'><strong>scabellis,</strong></span> <span class='ocrx_word' id='word_1_27' title='bbox 496 711 686 772; x_wconf 88' lang='lat' dir='ltr'><strong>consederunt</strong></span> <span class='ocrx_word' id='word_1_28' title='bbox 704 710 732 769; x_wconf 92' lang='lat' dir='ltr'><strong>in</strong></span> <span class='ocrx_word' id='word_1_29' title='bbox 754 709 899 769; x_wconf 92' lang='lat' dir='ltr'><strong>circulum</strong></span> <span class='ocrx_word' id='word_1_30' title='bbox 921 725 976 786; x_wconf 91' lang='lat' dir='ltr'><strong>po·</strong></span> 
     </span>
     <span class='ocr_line' id='line_1_6' title="bbox 184 801 975 890; baseline -0.008 -20"><span class='ocrx_word' id='word_1_31' title='bbox 184 812 242 885; x_wconf 88' lang='lat' dir='ltr'><strong>siti,</strong></span> <span class='ocrx_word' id='word_1_32' title='bbox 263 822 366 890; x_wconf 84' lang='lat' dir='ltr'><strong>elego</strong></span> <span class='ocrx_word' id='word_1_33' title='bbox 387 820 453 870; x_wconf 88' lang='lat' dir='ltr'><strong>ante</strong></span> <span class='ocrx_word' id='word_1_34' title='bbox 466 828 514 870; x_wconf 90' lang='lat' dir='ltr'><strong>eos</strong></span> <span class='ocrx_word' id='word_1_35' title='bbox 532 810 614 890; x_wconf 90' lang='lat' dir='ltr'><strong>posui</strong></span> <span class='ocrx_word' id='word_1_36' title='bbox 633 828 722 870; x_wconf 90' lang='lat' dir='ltr'><strong>unum</strong></span> <span class='ocrx_word' id='word_1_37' title='bbox 740 801 897 869; x_wconf 72' lang='lat' dir='ltr'>scabellum</span> <span class='ocrx_word' id='word_1_38' title='bbox 920 824 975 866; x_wconf 90' lang='lat' dir='ltr'><strong>ru·</strong></span> 
     </span>
     <span class='ocr_line' id='line_1_7' title="bbox 185 909 971 992; baseline -0.015 -16"><span class='ocrx_word' id='word_1_39' title='bbox 185 913 270 976; x_wconf 86' lang='lat' dir='ltr'><strong>benna</strong></span> <span class='ocrx_word' id='word_1_40' title='bbox 285 911 430 992; x_wconf 74' lang='lat' dir='ltr'><strong>cappellae</strong></span> <span class='ocrx_word' id='word_1_41' title='bbox 445 920 570 982; x_wconf 90' lang='lat' dir='ltr'><strong>nostrae,</strong></span> <span class='ocrx_word' id='word_1_42' title='bbox 582 921 610 971; x_wconf 92' lang='lat' dir='ltr'><strong>et</strong></span> <span class='ocrx_word' id='word_1_43' title='bbox 625 909 747 988; x_wconf 79' lang='lat' dir='ltr'>desuper</span> <span class='ocrx_word' id='word_1_44' title='bbox 765 909 971 987; x_wconf 75' lang='lat' dir='ltr'><strong>campanellam</strong></span> 
     </span>
     <span class='ocr_line' id='line_1_8' title="bbox 184 1010 975 1094; baseline -0.01 -18"><span class='ocrx_word' id='word_1_45' title='bbox 184 1034 275 1094; x_wconf 84' lang='lat' dir='ltr'><strong>prope</strong></span> <span class='ocrx_word' id='word_1_46' title='bbox 289 1012 325 1072; x_wconf 85' lang='lat' dir='ltr'><strong>it.</strong></span> <span class='ocrx_word' id='word_1_47' title='bbox 343 1012 378 1073; x_wconf 87' lang='lat' dir='ltr'><strong>D.</strong></span> <span class='ocrx_word' id='word_1_48' title='bbox 396 1011 577 1084; x_wconf 88' lang='lat' dir='ltr'><strong>Cardinalem</strong></span> <span class='ocrx_word' id='word_1_49' title='bbox 595 1010 869 1072; x_wconf 83' lang='lat' dir='ltr'><strong>Vicemnceilarium</strong></span> <span class='ocrx_word' id='word_1_50' title='bbox 893 1010 975 1089; x_wconf 92' lang='lat' dir='ltr'><strong>prio-</strong></span> 
     </span>
     <span class='ocr_line' id='line_1_9' title="bbox 186 1114 973 1192; baseline -0.008 -18"><span class='ocrx_word' id='word_1_51' title='bbox 186 1130 261 1188; x_wconf 90' lang='lat' dir='ltr'><strong>rem,</strong></span> <span class='ocrx_word' id='word_1_52' title='bbox 276 1125 308 1174; x_wconf 94' lang='lat' dir='ltr'><strong>ut</strong></span> <span class='ocrx_word' id='word_1_53' title='bbox 328 1114 388 1186; x_wconf 89' lang='lat' dir='ltr'><strong>illa,</strong></span> <span class='ocrx_word' id='word_1_54' title='bbox 404 1125 472 1173; x_wconf 91' lang='lat' dir='ltr'><strong>cum</strong></span> <span class='ocrx_word' id='word_1_55' title='bbox 494 1129 566 1192; x_wconf 89' lang='lat' dir='ltr'><strong>opus</strong></span> <span class='ocrx_word' id='word_1_56' title='bbox 580 1123 663 1185; x_wconf 88' lang='lat' dir='ltr'><strong>esset,</strong></span> <span class='ocrx_word' id='word_1_57' title='bbox 680 1130 731 1171; x_wconf 89' lang='lat' dir='ltr'><strong>nos</strong></span> <span class='ocrx_word' id='word_1_58' title='bbox 751 1128 891 1172; x_wconf 86' lang='lat' dir='ltr'><strong>revocare</strong></span> <span class='ocrx_word' id='word_1_59' title='bbox 905 1128 973 1188; x_wconf 85' lang='lat' dir='ltr'><strong>pos·</strong></span> 
     </span>
     <span class='ocr_line' id='line_1_10' title="bbox 184 1211 975 1291; baseline -0.009 -14"><span class='ocrx_word' id='word_1_60' title='bbox 184 1226 236 1277; x_wconf 90' lang='lat' dir='ltr'><strong>set.</strong></span> <span class='ocrx_word' id='word_1_61' title='bbox 247 1215 280 1274; x_wconf 94' lang='lat' dir='ltr'><strong>ln</strong></span> <span class='ocrx_word' id='word_1_62' title='bbox 292 1213 347 1274; x_wconf 90' lang='lat' dir='ltr'><strong>bac</strong></span> <span class='ocrx_word' id='word_1_63' title='bbox 358 1213 579 1291; x_wconf 77' lang='lat' dir='ltr'><strong>congregatione</strong></span> <span class='ocrx_word' id='word_1_64' title='bbox 594 1211 759 1274; x_wconf 87' lang='lat' dir='ltr'><strong>Cardinaics</strong></span> <span class='ocrx_word' id='word_1_65' title='bbox 775 1221 975 1275; x_wconf 74' lang='lat' dir='ltr'><strong>tractaverunt</strong></span> 
     </span>
     <span class='ocr_line' id='line_1_11' title="bbox 185 1311 951 1393; baseline -0.001 -22"><span class='ocrx_word' id='word_1_66' title='bbox 185 1312 219 1374; x_wconf 89' lang='lat' dir='ltr'><strong>de</strong></span> <span class='ocrx_word' id='word_1_67' title='bbox 236 1314 368 1393; x_wconf 88' lang='lat' dir='ltr'><strong>capitulis</strong></span> <span class='ocrx_word' id='word_1_68' title='bbox 385 1315 460 1372; x_wconf 88' lang='lat' dir='ltr'><strong>inter</strong></span> <span class='ocrx_word' id='word_1_69' title='bbox 481 1331 529 1374; x_wconf 92' lang='lat' dir='ltr'><strong>eos</strong></span> <span class='ocrx_word' id='word_1_70' title='bbox 549 1313 716 1385; x_wconf 71' lang='lat' dir='ltr'><strong>statuendis,</strong></span> <span class='ocrx_word' id='word_1_71' title='bbox 730 1325 759 1374; x_wconf 92' lang='lat' dir='ltr'><strong>et</strong></span> <span class='ocrx_word' id='word_1_72' title='bbox 777 1311 951 1374; x_wconf 88' lang='lat' dir='ltr'><strong>ordinandis.</strong></span> 
     </span>
    </p>

    <p class='ocr_par' dir='ltr' id='par_1_3' title="bbox 185 1412 975 1595">
     <span class='ocr_line' id='line_1_12' title="bbox 226 1412 975 1493; baseline -0.003 -18"><span class='ocrx_word' id='word_1_73' title='bbox 226 1413 415 1493; x_wconf 87' lang='lat' dir='ltr'><strong>Congregatis</strong></span> <span class='ocrx_word' id='word_1_74' title='bbox 435 1425 469 1474; x_wconf 91' lang='lat' dir='ltr'><strong>ut</strong></span> <span class='ocrx_word' id='word_1_75' title='bbox 489 1431 577 1493; x_wconf 87' lang='lat' dir='ltr'><strong>supra</strong></span> <span class='ocrx_word' id='word_1_76' title='bbox 597 1413 661 1474; x_wconf 82' lang='lat' dir='ltr'><strong>nit.</strong></span> <span class='ocrx_word' id='word_1_77' title='bbox 679 1412 743 1473; x_wconf 86' lang='lat' dir='ltr'><strong>DD.</strong></span> <span class='ocrx_word' id='word_1_78' title='bbox 763 1412 975 1487; x_wconf 78' lang='lat' dir='ltr'><strong>cardinalibus,</strong></span> 
     </span>
     <span class='ocr_line' id='line_1_13' title="bbox 185 1513 975 1595; baseline -0.001 -21"><span class='ocrx_word' id='word_1_79' title='bbox 185 1531 285 1575; x_wconf 90' lang='lat' dir='ltr'><strong>omnes</strong></span> <span class='ocrx_word' id='word_1_80' title='bbox 313 1514 504 1577; x_wconf 89' lang='lat' dir='ltr'><strong>conclavistae</strong></span> <span class='ocrx_word' id='word_1_81' title='bbox 537 1514 695 1595; x_wconf 78' lang='lat' dir='ltr'><strong>supradicti</strong></span> <span class='ocrx_word' id='word_1_82' title='bbox 723 1525 919 1575; x_wconf 88' lang='lat' dir='ltr'><strong>convenerunt</strong></span> <span class='ocrx_word' id='word_1_83' title='bbox 947 1513 975 1573; x_wconf 96' lang='lat' dir='ltr'><strong>in</strong></span> 
     </span>
    </p>
   </div>
   <div class='ocr_carea' id='block_1_3' title="bbox 184 1690 263 1701">
    <p class='ocr_par' dir='ltr' id='par_1_4' title="bbox 184 1690 263 1701">
     <span class='ocr_line' id='line_1_14' title="bbox 184 1690 263 1701; baseline 0.025 -2"><span class='ocrx_word' id='word_1_84' title='bbox 184 1690 263 1701; x_wconf 46' lang='lat' dir='ltr'><strong>-q</strong></span> 
     </span>
    </p>
   </div>
   <div class='ocr_carea' id='block_1_4' title="bbox 186 1795 975 1937">
    <p class='ocr_par' dir='ltr' id='par_1_5' title="bbox 186 1795 975 1937">
     <span class='ocr_line' id='line_1_15' title="bbox 224 1795 975 1864; baseline 0.008 -20"><span class='ocrx_word' id='word_1_85' title='bbox 224 1795 341 1858; x_wconf 81' lang='lat' dir='ltr'><strong>Baptista</strong></span> <span class='ocrx_word' id='word_1_86' title='bbox 358 1796 435 1855; x_wconf 85' lang='lat' dir='ltr'><strong>Zeno,</strong></span> <span class='ocrx_word' id='word_1_87' title='bbox 451 1797 573 1858; x_wconf 87' lang='lat' dir='ltr'><strong>Venetus,</strong></span> <span class='ocrx_word' id='word_1_88' title='bbox 589 1800 729 1862; x_wconf 83' lang='lat' dir='ltr'><strong>episcopus</strong></span> <span class='ocrx_word' id='word_1_89' title='bbox 741 1799 901 1860; x_wconf 85' lang='lat' dir='ltr'><strong>vicentinus,</strong></span> <span class='ocrx_word' id='word_1_90' title='bbox 913 1800 975 1864; x_wconf 85' lang='lat' dir='ltr'><strong>Bpi·</strong></span> 
     </span>
     <span class='ocr_line' id='line_1_16' title="bbox 186 1874 851 1937; baseline 0.006 -14"><span class='ocrx_word' id='word_1_91' title='bbox 186 1886 282 1937; x_wconf 89' lang='lat' dir='ltr'><strong>scopus</strong></span> <span class='ocrx_word' id='word_1_92' title='bbox 299 1874 375 1925; x_wconf 88' lang='lat' dir='ltr'><strong>Card.</strong></span> <span class='ocrx_word' id='word_1_93' title='bbox 391 1876 530 1925; x_wconf 84' lang='lat' dir='ltr'><strong>Tusculan.</strong></span> <span class='ocrx_word' id='word_1_94' title='bbox 545 1878 569 1926; x_wconf 90' lang='lat' dir='ltr'><strong>S.</strong></span> <span class='ocrx_word' id='word_1_95' title='bbox 585 1878 681 1928; x_wconf 83' lang='lat' dir='ltr'><strong>blariac</strong></span> <span class='ocrx_word' id='word_1_96' title='bbox 698 1880 724 1928; x_wconf 93' lang='lat' dir='ltr'><strong>in</strong></span> <span class='ocrx_word' id='word_1_97' title='bbox 740 1879 851 1929; x_wconf 86' lang='lat' dir='ltr'><strong>Portica.</strong></span> 
     </span>
    </p>
   </div>
   <div class='ocr_carea' id='block_1_5' title="bbox 227 1955 977 2020">
    <p class='ocr_par' dir='ltr' id='par_1_6' title="bbox 227 1955 977 2020">
     <span class='ocr_line' id='line_1_17' title="bbox 227 1955 977 2020; baseline 0.001 -16"><span class='ocrx_word' id='word_1_98' title='bbox 227 1955 373 2017; x_wconf 87' lang='lat' dir='ltr'><strong>Stephanus</strong></span> <span class='ocrx_word' id='word_1_99' title='bbox 383 1955 524 2014; x_wconf 86' lang='lat' dir='ltr'><strong>Nardiaus,</strong></span> <span class='ocrx_word' id='word_1_100' title='bbox 535 1956 729 2017; x_wconf 68' lang='lat' dir='ltr'><strong>incolniensis,</strong></span> <span class='ocrx_word' id='word_1_101' title='bbox 747 1959 861 2020; x_wconf 90' lang='lat' dir='ltr'><strong>archiep.</strong></span> <span class='ocrx_word' id='word_1_102' title='bbox 877 1956 977 2008; x_wconf 83' lang='grc'><strong>1111111-</strong></span> 
     </span>
    </p>
   </div>
   <div class='ocr_carea' id='block_1_6' title="bbox 184 2031 976 4363">
    <p class='ocr_par' dir='ltr' id='par_1_7' title="bbox 186 2031 975 2252">
     <span class='ocr_line' id='line_1_18' title="bbox 188 2031 896 2090; baseline 0.003 -11"><span class='ocrx_word' id='word_1_103' title='bbox 188 2031 313 2090; x_wconf 85' lang='lat' dir='ltr'><strong>lanensis,</strong></span> <span class='ocrx_word' id='word_1_104' title='bbox 329 2032 417 2083; x_wconf 86' lang='lat' dir='ltr'><strong>Presb.</strong></span> <span class='ocrx_word' id='word_1_105' title='bbox 434 2033 510 2084; x_wconf 82' lang='lat' dir='ltr'><strong>Card.</strong></span> <span class='ocrx_word' id='word_1_106' title='bbox 526 2035 664 2090; x_wconf 80' lang='lat' dir='ltr'><strong>Silariae</strong></span> <span class='ocrx_word' id='word_1_107' title='bbox 681 2041 756 2086; x_wconf 89' lang='lat' dir='ltr'><strong>trans</strong></span> <span class='ocrx_word' id='word_1_108' title='bbox 773 2036 896 2087; x_wconf 88' lang='lat' dir='ltr'><strong>Tiberim.</strong></span> 
     </span>
     <span class='ocr_line' id='line_1_19' title="bbox 226 2111 975 2179; baseline 0.004 -17"><span class='ocrx_word' id='word_1_109' title='bbox 226 2111 357 2163; x_wconf 87' lang='lat' dir='ltr'><strong>lohannes</strong></span> <span class='ocrx_word' id='word_1_110' title='bbox 382 2113 566 2164; x_wconf 81' lang='lat' dir='ltr'><strong>hrcimholdus</strong></span> <span class='ocrx_word' id='word_1_111' title='bbox 590 2115 808 2175; x_wconf 78' lang='lat' dir='ltr'><strong>Mediolanensis,</strong></span> <span class='ocrx_word' id='word_1_112' title='bbox 833 2116 975 2179; x_wconf 89' lang='lat' dir='ltr'><strong>episcopus</strong></span> 
     </span>
     <span class='ocr_line' id='line_1_20' title="bbox 186 2189 807 2252; baseline 0 -11"><span class='ocrx_word' id='word_1_113' title='bbox 186 2190 363 2252; x_wconf 79' lang='lat' dir='ltr'><strong>Novaniensis,</strong></span> <span class='ocrx_word' id='word_1_114' title='bbox 379 2189 466 2241; x_wconf 85' lang='lat' dir='ltr'><strong>Presb.</strong></span> <span class='ocrx_word' id='word_1_115' title='bbox 482 2191 558 2242; x_wconf 89' lang='lat' dir='ltr'><strong>Card.</strong></span> <span class='ocrx_word' id='word_1_116' title='bbox 576 2196 617 2246; x_wconf 90' lang='lat' dir='ltr'><strong>tn.</strong></span> <span class='ocrx_word' id='word_1_117' title='bbox 632 2194 655 2243; x_wconf 91' lang='lat' dir='ltr'><strong>S.</strong></span> <span class='ocrx_word' id='word_1_118' title='bbox 673 2194 807 2245; x_wconf 82' lang='lat' dir='ltr'><strong>Praxedis.</strong></span> 
     </span>
    </p>

    <p class='ocr_par' dir='ltr' id='par_1_8' title="bbox 187 2268 976 2410">
     <span class='ocr_line' id='line_1_21' title="bbox 226 2268 976 2338; baseline 0.007 -20"><span class='ocrx_word' id='word_1_119' title='bbox 226 2268 358 2321; x_wconf 83' lang='lat' dir='ltr'><strong>lohannes</strong></span> <span class='ocrx_word' id='word_1_120' title='bbox 367 2269 484 2332; x_wconf 89' lang='lat' dir='ltr'><strong>Baptista</strong></span> <span class='ocrx_word' id='word_1_121' title='bbox 496 2270 571 2331; x_wconf 90' lang='lat' dir='ltr'><strong>Cibo,</strong></span> <span class='ocrx_word' id='word_1_122' title='bbox 586 2273 742 2335; x_wconf 89' lang='lat' dir='ltr'><strong>Ganuensis,</strong></span> <span class='ocrx_word' id='word_1_123' title='bbox 758 2277 900 2338; x_wconf 88' lang='lat' dir='ltr'><strong>episcopus</strong></span> <span class='ocrx_word' id='word_1_124' title='bbox 916 2275 976 2325; x_wconf 88' lang='lat' dir='ltr'><strong>blei·</strong></span> 
     </span>
     <span class='ocr_line' id='line_1_22' title="bbox 187 2348 764 2410; baseline 0.009 -13"><span class='ocrx_word' id='word_1_125' title='bbox 187 2349 325 2410; x_wconf 88' lang='lat' dir='ltr'><strong>phitensis,</strong></span> <span class='ocrx_word' id='word_1_126' title='bbox 341 2348 431 2400; x_wconf 82' lang='lat' dir='ltr'><strong>Presb.</strong></span> <span class='ocrx_word' id='word_1_127' title='bbox 450 2351 527 2401; x_wconf 85' lang='lat' dir='ltr'><strong>Card.</strong></span> <span class='ocrx_word' id='word_1_128' title='bbox 545 2354 584 2401; x_wconf 88' lang='lat' dir='ltr'><strong>nt.</strong></span> <span class='ocrx_word' id='word_1_129' title='bbox 603 2354 626 2403; x_wconf 89' lang='lat' dir='ltr'><strong>S.</strong></span> <span class='ocrx_word' id='word_1_130' title='bbox 643 2352 764 2404; x_wconf 81' lang='lat' dir='ltr'><strong>ceciliae.</strong></span> 
     </span>
    </p>

    <p class='ocr_par' dir='ltr' id='par_1_9' title="bbox 186 2426 972 2564">
     <span class='ocr_line' id='line_1_23' title="bbox 225 2426 972 2496; baseline 0.008 -20"><span class='ocrx_word' id='word_1_131' title='bbox 225 2427 380 2477; x_wconf 81' lang='lat' dir='ltr'><strong>Phiiibertus</strong></span> <span class='ocrx_word' id='word_1_132' title='bbox 397 2426 527 2491; x_wconf 86' lang='lat' dir='ltr'><strong>Ugoneiti,</strong></span> <span class='ocrx_word' id='word_1_133' title='bbox 543 2429 630 2482; x_wconf 86' lang='lat' dir='ltr'><strong>Gallus</strong></span> <span class='ocrx_word' id='word_1_134' title='bbox 646 2432 817 2496; x_wconf 87' lang='lat' dir='ltr'><strong>Burgundus,</strong></span> <span class='ocrx_word' id='word_1_135' title='bbox 832 2435 972 2496; x_wconf 83' lang='lat' dir='ltr'><strong>episcopus</strong></span> 
     </span>
     <span class='ocr_line' id='line_1_24' title="bbox 186 2504 901 2564; baseline 0.007 -10"><span class='ocrx_word' id='word_1_136' title='bbox 186 2504 392 2564; x_wconf 81' lang='lat' dir='ltr'><strong>Matisconeasis,</strong></span> <span class='ocrx_word' id='word_1_137' title='bbox 408 2507 499 2557; x_wconf 82' lang='lat' dir='ltr'><strong>Presb.</strong></span> <span class='ocrx_word' id='word_1_138' title='bbox 514 2509 592 2559; x_wconf 86' lang='lat' dir='ltr'><strong>Card.</strong></span> <span class='ocrx_word' id='word_1_139' title='bbox 610 2510 650 2560; x_wconf 88' lang='lat' dir='ltr'><strong>tit.</strong></span> <span class='ocrx_word' id='word_1_140' title='bbox 669 2511 709 2560; x_wconf 92' lang='lat' dir='ltr'><strong>SS.</strong></span> <span class='ocrx_word' id='word_1_141' title='bbox 725 2510 764 2562; x_wconf 84' lang='lat' dir='ltr'><strong>lo.</strong></span> <span class='ocrx_word' id='word_1_142' title='bbox 780 2518 806 2562; x_wconf 89' lang='lat' dir='ltr'><strong>et</strong></span> <span class='ocrx_word' id='word_1_143' title='bbox 822 2513 901 2561; x_wconf 81' lang='lat' dir='ltr'><strong>Pauli.</strong></span> 
     </span>
    </p>

    <p class='ocr_par' dir='ltr' id='par_1_10' title="bbox 188 2582 975 2733">
     <span class='ocr_line' id='line_1_25' title="bbox 224 2582 975 2653; baseline 0.012 -21"><span class='ocrx_word' id='word_1_144' title='bbox 224 2582 355 2632; x_wconf 84' lang='lat' dir='ltr'><strong>lohannes</strong></span> <span class='ocrx_word' id='word_1_145' title='bbox 372 2585 531 2645; x_wconf 68' lang='lat' dir='ltr'><strong>michaelius,</strong></span> <span class='ocrx_word' id='word_1_146' title='bbox 550 2587 672 2647; x_wconf 80' lang='lat' dir='ltr'><strong>Varaetus,</strong></span> <span class='ocrx_word' id='word_1_147' title='bbox 689 2593 830 2653; x_wconf 90' lang='lat' dir='ltr'><strong>episcopus</strong></span> <span class='ocrx_word' id='word_1_148' title='bbox 845 2591 975 2641; x_wconf 82' lang='lat' dir='ltr'><strong>Veronen-</strong></span> 
     </span>
     <span class='ocr_line' id='line_1_26' title="bbox 188 2661 817 2733; baseline 0.013 -25"><span class='ocrx_word' id='word_1_149' title='bbox 188 2663 234 2719; x_wconf 87' lang='lat' dir='ltr'><strong>sis,</strong></span> <span class='ocrx_word' id='word_1_150' title='bbox 251 2661 340 2711; x_wconf 78' lang='lat' dir='ltr'><strong>l&#39;resb.</strong></span> <span class='ocrx_word' id='word_1_151' title='bbox 357 2662 396 2712; x_wconf 87' lang='lat' dir='ltr'><strong>tit.</strong></span> <span class='ocrx_word' id='word_1_152' title='bbox 412 2664 438 2712; x_wconf 95' lang='grc'><strong>8.</strong></span> <span class='ocrx_word' id='word_1_153' title='bbox 455 2664 569 2714; x_wconf 80' lang='lat' dir='ltr'><strong>Marcelli</strong></span> <span class='ocrx_word' id='word_1_154' title='bbox 585 2665 659 2716; x_wconf 85' lang='lat' dir='ltr'><strong>Card.</strong></span> <span class='ocrx_word' id='word_1_155' title='bbox 677 2668 701 2717; x_wconf 89' lang='lat' dir='ltr'><strong>S.</strong></span> <span class='ocrx_word' id='word_1_156' title='bbox 719 2669 817 2733; x_wconf 79' lang='lat' dir='ltr'><strong>Angeli.</strong></span> 
     </span>
    </p>

    <p class='ocr_par' dir='ltr' id='par_1_11' title="bbox 184 2740 975 2947">
     <span class='ocr_line' id='line_1_27' title="bbox 227 2740 975 2811; baseline 0.011 -21"><span class='ocrx_word' id='word_1_157' title='bbox 227 2740 353 2803; x_wconf 76' lang='lat' dir='ltr'><strong>Georgius</strong></span> <span class='ocrx_word' id='word_1_158' title='bbox 374 2741 452 2791; x_wconf 87' lang='lat' dir='ltr'><strong>Costa</strong></span> <span class='ocrx_word' id='word_1_159' title='bbox 472 2741 629 2805; x_wconf 83' lang='lat' dir='ltr'><strong>Lusitanus,</strong></span> <span class='ocrx_word' id='word_1_160' title='bbox 646 2748 763 2811; x_wconf 84' lang='lat' dir='ltr'><strong>archiep.</strong></span> <span class='ocrx_word' id='word_1_161' title='bbox 792 2747 975 2798; x_wconf 86' lang='lat' dir='ltr'><strong>Ulixbonensis</strong></span> 
     </span>
     <span class='ocr_line' id='line_1_28' title="bbox 184 2818 973 2896; baseline 0.013 -30"><span class='ocrx_word' id='word_1_162' title='bbox 184 2820 237 2872; x_wconf 81' lang='lat' dir='ltr'><strong>(vel</strong></span> <span class='ocrx_word' id='word_1_163' title='bbox 257 2818 510 2885; x_wconf 77' lang='lat' dir='ltr'><strong>Ulyssipponensisi,</strong></span> <span class='ocrx_word' id='word_1_164' title='bbox 526 2823 614 2875; x_wconf 71' lang='grc'><strong>111111-</strong></span> <span class='ocrx_word' id='word_1_165' title='bbox 627 2824 702 2875; x_wconf 89' lang='lat' dir='ltr'><strong>Card.</strong></span> <span class='ocrx_word' id='word_1_166' title='bbox 720 2830 758 2877; x_wconf 90' lang='lat' dir='ltr'><strong>tn.</strong></span> <span class='ocrx_word' id='word_1_167' title='bbox 775 2828 817 2878; x_wconf 91' lang='lat' dir='ltr'><strong>SS.</strong></span> <span class='ocrx_word' id='word_1_168' title='bbox 831 2828 973 2896; x_wconf 75' lang='lat' dir='ltr'><strong>Marcellini</strong></span> 
     </span>
     <span class='ocr_line' id='line_1_29' title="bbox 187 2896 974 2947; baseline 0.018 -2"><span class='ocrx_word' id='word_1_169' title='bbox 187 2901 214 2946; x_wconf 88' lang='lat' dir='ltr'><strong>ct</strong></span> <span class='ocrx_word' id='word_1_170' title='bbox 229 2896 307 2947; x_wconf 83' lang='lat' dir='ltr'><strong>Petri.</strong></span> <span class='ocrx_word' id='word_1_171' title='bbox 971 2926 974 2929; x_wconf 89' lang='lat'><em>·</em></span> 
     </span>
    </p>

    <p class='ocr_par' dir='ltr' id='par_1_12' title="bbox 184 2975 975 3206">
     <span class='ocr_line' id='line_1_30' title="bbox 226 2975 975 3046; baseline 0.016 -22"><span class='ocrx_word' id='word_1_172' title='bbox 226 2975 403 3041; x_wconf 84' lang='lat' dir='ltr'><strong>Hieronymus</strong></span> <span class='ocrx_word' id='word_1_173' title='bbox 418 2980 515 3031; x_wconf 79' lang='lat' dir='ltr'><strong>bassus</strong></span> <span class='ocrx_word' id='word_1_174' title='bbox 527 2983 560 3033; x_wconf 91' lang='lat' dir='ltr'><strong>de</strong></span> <span class='ocrx_word' id='word_1_175' title='bbox 571 2985 656 3034; x_wconf 83' lang='lat' dir='ltr'><strong>liuere</strong></span> <span class='ocrx_word' id='word_1_176' title='bbox 672 2985 751 3041; x_wconf 90' lang='lat' dir='ltr'><strong>(della</strong></span> <span class='ocrx_word' id='word_1_177' title='bbox 767 2986 975 3046; x_wconf 83' lang='lat' dir='ltr'><strong>Boverai,Savo-</strong></span> 
     </span>
     <span class='ocr_line' id='line_1_31' title="bbox 184 3055 968 3124; baseline 0.023 -25"><span class='ocrx_word' id='word_1_178' title='bbox 184 3055 291 3115; x_wconf 86' lang='lat' dir='ltr'><strong>nensis,</strong></span> <span class='ocrx_word' id='word_1_179' title='bbox 307 3061 445 3120; x_wconf 84' lang='lat' dir='ltr'><strong>episcopus</strong></span> <span class='ocrx_word' id='word_1_180' title='bbox 462 3061 654 3124; x_wconf 87' lang='lat' dir='ltr'><strong>Becineteusis,</strong></span> <span class='ocrx_word' id='word_1_181' title='bbox 673 3064 763 3116; x_wconf 87' lang='lat' dir='ltr'><strong>Presb.</strong></span> <span class='ocrx_word' id='word_1_182' title='bbox 788 3065 865 3116; x_wconf 79' lang='lat' dir='ltr'><strong>Carti.</strong></span> <span class='ocrx_word' id='word_1_183' title='bbox 882 3071 921 3117; x_wconf 88' lang='lat' dir='ltr'><strong>tit.</strong></span> <span class='ocrx_word' id='word_1_184' title='bbox 945 3068 968 3117; x_wconf 93' lang='lat' dir='ltr'><strong>S.</strong></span> 
     </span>
     <span class='ocr_line' id='line_1_32' title="bbox 187 3129 709 3206; baseline 0.027 -28"><span class='ocrx_word' id='word_1_185' title='bbox 187 3129 319 3190; x_wconf 77' lang='lat' dir='ltr'><strong>balbinae,</strong></span> <span class='ocrx_word' id='word_1_186' title='bbox 336 3136 377 3185; x_wconf 90' lang='lat' dir='ltr'><strong>vel</strong></span> <span class='ocrx_word' id='word_1_187' title='bbox 395 3139 482 3198; x_wconf 87' lang='lat' dir='ltr'><strong>potius</strong></span> <span class='ocrx_word' id='word_1_188' title='bbox 497 3140 521 3188; x_wconf 98' lang='grc'><strong>8.</strong></span> <span class='ocrx_word' id='word_1_189' title='bbox 538 3139 709 3206; x_wconf 79' lang='lat' dir='ltr'><strong>Chrysogoni.</strong></span> 
     </span>
    </p>

    <p class='ocr_par' dir='ltr' id='par_1_13' title="bbox 187 3211 974 3364">
     <span class='ocr_line' id='line_1_33' title="bbox 227 3211 974 3288; baseline 0.021 -28"><span class='ocrx_word' id='word_1_190' title='bbox 227 3211 331 3263; x_wconf 89' lang='lat' dir='ltr'><strong>Gabriel</strong></span> <span class='ocrx_word' id='word_1_191' title='bbox 356 3214 501 3277; x_wconf 88' lang='lat' dir='ltr'><strong>Baagoaius</strong></span> <span class='ocrx_word' id='word_1_192' title='bbox 519 3219 643 3270; x_wconf 80' lang='lat' dir='ltr'><strong>Mutinen.</strong></span> <span class='ocrx_word' id='word_1_193' title='bbox 664 3221 725 3271; x_wconf 89' lang='lat' dir='ltr'><strong>0rd·</strong></span> <span class='ocrx_word' id='word_1_194' title='bbox 749 3224 810 3274; x_wconf 82' lang='lat' dir='ltr'><strong>blla.</strong></span> <span class='ocrx_word' id='word_1_195' title='bbox 833 3225 974 3288; x_wconf 90' lang='lat' dir='ltr'><strong>episcopus</strong></span> 
     </span>
     <span class='ocr_line' id='line_1_34' title="bbox 187 3290 879 3364; baseline 0.016 -25"><span class='ocrx_word' id='word_1_196' title='bbox 187 3290 321 3353; x_wconf 75' lang='lat' dir='ltr'><strong>Agriensis</strong></span> <span class='ocrx_word' id='word_1_197' title='bbox 339 3293 427 3353; x_wconf 86' lang='lat' dir='ltr'><strong>presb.</strong></span> <span class='ocrx_word' id='word_1_198' title='bbox 444 3293 521 3346; x_wconf 84' lang='lat' dir='ltr'><strong>Card.</strong></span> <span class='ocrx_word' id='word_1_199' title='bbox 538 3299 578 3347; x_wconf 92' lang='lat' dir='ltr'><strong>tit.</strong></span> <span class='ocrx_word' id='word_1_200' title='bbox 594 3299 619 3348; x_wconf 93' lang='grc'><strong>8.</strong></span> <span class='ocrx_word' id='word_1_201' title='bbox 636 3300 718 3364; x_wconf 85' lang='lat' dir='ltr'><strong>Sergii</strong></span> <span class='ocrx_word' id='word_1_202' title='bbox 736 3301 879 3355; x_wconf 87' lang='lat' dir='ltr'><strong>etBacchi.</strong></span> 
     </span>
    </p>

    <p class='ocr_par' dir='ltr' id='par_1_14' title="bbox 186 3367 973 3515">
     <span class='ocr_line' id='line_1_35' title="bbox 229 3367 973 3443; baseline 0.022 -26"><span class='ocrx_word' id='word_1_203' title='bbox 229 3367 378 3432; x_wconf 88' lang='lat' dir='ltr'><strong>quiaieus</strong></span> <span class='ocrx_word' id='word_1_204' title='bbox 391 3371 423 3421; x_wconf 91' lang='lat' dir='ltr'><strong>de</strong></span> <span class='ocrx_word' id='word_1_205' title='bbox 441 3373 523 3424; x_wconf 89' lang='lat' dir='ltr'><strong>liuere</strong></span> <span class='ocrx_word' id='word_1_206' title='bbox 540 3380 548 3435; x_wconf 76' lang='lat' dir='ltr'><strong>t</strong></span> <span class='ocrx_word' id='word_1_207' title='bbox 561 3376 628 3426; x_wconf 91' lang='lat' dir='ltr'><strong>della</strong></span> <span class='ocrx_word' id='word_1_208' title='bbox 646 3379 747 3429; x_wconf 88' lang='lat' dir='ltr'><strong>liovere</strong></span> <span class='ocrx_word' id='word_1_209' title='bbox 758 3387 776 3442; x_wconf 93' lang='lat'><strong>),</strong></span> <span class='ocrx_word' id='word_1_210' title='bbox 788 3382 973 3443; x_wconf 82' lang='lat' dir='ltr'><strong>Tamicensis,</strong></span> 
     </span>
     <span class='ocr_line' id='line_1_36' title="bbox 186 3448 973 3515; baseline 0.019 -21"><span class='ocrx_word' id='word_1_211' title='bbox 186 3448 301 3510; x_wconf 83' lang='lat' dir='ltr'><strong>archiep.</strong></span> <span class='ocrx_word' id='word_1_212' title='bbox 312 3449 533 3512; x_wconf 83' lang='lat' dir='ltr'><strong>Tarantasieasis,</strong></span> <span class='ocrx_word' id='word_1_213' title='bbox 549 3454 639 3506; x_wconf 86' lang='lat' dir='ltr'><strong>Prcsb.</strong></span> <span class='ocrx_word' id='word_1_214' title='bbox 651 3457 727 3508; x_wconf 88' lang='lat' dir='ltr'><strong>Card.</strong></span> <span class='ocrx_word' id='word_1_215' title='bbox 739 3462 776 3510; x_wconf 91' lang='lat' dir='ltr'><strong>tn.</strong></span> <span class='ocrx_word' id='word_1_216' title='bbox 788 3462 811 3510; x_wconf 91' lang='lat' dir='ltr'><strong>S.</strong></span> <span class='ocrx_word' id='word_1_217' title='bbox 824 3462 973 3515; x_wconf 88' lang='lat' dir='ltr'><strong>Clementis.</strong></span> 
     </span>
    </p>

    <p class='ocr_par' dir='ltr' id='par_1_15' title="bbox 185 3524 973 3671">
     <span class='ocr_line' id='line_1_37' title="bbox 227 3524 973 3606; baseline 0.028 -33"><span class='ocrx_word' id='word_1_218' title='bbox 227 3524 357 3577; x_wconf 86' lang='lat' dir='ltr'><strong>lebannes</strong></span> <span class='ocrx_word' id='word_1_219' title='bbox 381 3529 415 3579; x_wconf 90' lang='lat' dir='ltr'><strong>de</strong></span> <span class='ocrx_word' id='word_1_220' title='bbox 439 3531 568 3593; x_wconf 73' lang='lat' dir='ltr'><strong>aragonia</strong></span> <span class='ocrx_word' id='word_1_221' title='bbox 584 3536 792 3599; x_wconf 86' lang='lat' dir='ltr'><strong>Neapolitanus,</strong></span> <span class='ocrx_word' id='word_1_222' title='bbox 808 3539 875 3590; x_wconf 87' lang='lat' dir='ltr'><strong>lilius</strong></span> <span class='ocrx_word' id='word_1_223' title='bbox 897 3544 973 3606; x_wconf 86' lang='lat' dir='ltr'><strong>liegis</strong></span> 
     </span>
     <span class='ocr_line' id='line_1_38' title="bbox 185 3604 972 3671; baseline 0.018 -17"><span class='ocrx_word' id='word_1_224' title='bbox 185 3604 353 3665; x_wconf 82' lang='lat' dir='ltr'><strong>Fordinaadi,</strong></span> <span class='ocrx_word' id='word_1_225' title='bbox 369 3608 459 3659; x_wconf 83' lang='lat' dir='ltr'><strong>l&#39;resb.</strong></span> <span class='ocrx_word' id='word_1_226' title='bbox 476 3610 553 3661; x_wconf 87' lang='lat' dir='ltr'><strong>Card.</strong></span> <span class='ocrx_word' id='word_1_227' title='bbox 568 3615 606 3662; x_wconf 89' lang='lat' dir='ltr'><strong>tit.</strong></span> <span class='ocrx_word' id='word_1_228' title='bbox 624 3615 647 3664; x_wconf 85' lang='lat' dir='ltr'>S</span> <span class='ocrx_word' id='word_1_229' title='bbox 664 3615 774 3667; x_wconf 86' lang='lat' dir='ltr'><strong>Sabinae</strong></span> <span class='ocrx_word' id='word_1_230' title='bbox 792 3620 817 3668; x_wconf 90' lang='lat' dir='ltr'><strong>in</strong></span> <span class='ocrx_word' id='word_1_231' title='bbox 834 3620 972 3671; x_wconf 75' lang='lat' dir='ltr'><strong>Aventino.</strong></span> 
     </span>
    </p>

    <p class='ocr_par' dir='ltr' id='par_1_16' title="bbox 187 3684 972 3832">
     <span class='ocr_line' id='line_1_39' title="bbox 225 3684 972 3755; baseline 0.019 -20"><span class='ocrx_word' id='word_1_232' title='bbox 225 3684 317 3736; x_wconf 82' lang='lat' dir='ltr'><strong>Petrus</strong></span> <span class='ocrx_word' id='word_1_233' title='bbox 336 3686 464 3739; x_wconf 81' lang='lat' dir='ltr'><strong>Foscarus</strong></span> <span class='ocrx_word' id='word_1_234' title='bbox 482 3690 607 3748; x_wconf 86' lang='lat' dir='ltr'><strong>venetus,</strong></span> <span class='ocrx_word' id='word_1_235' title='bbox 626 3694 707 3755; x_wconf 88' lang='lat' dir='ltr'><strong>episc.</strong></span> <span class='ocrx_word' id='word_1_236' title='bbox 725 3696 865 3746; x_wconf 85' lang='lat' dir='ltr'><strong>Patavinus</strong></span> <span class='ocrx_word' id='word_1_237' title='bbox 881 3696 972 3749; x_wconf 84' lang='lat' dir='ltr'><strong>l&#39;resb.</strong></span> 
     </span>
     <span class='ocr_line' id='line_1_40' title="bbox 187 3762 945 3832; baseline 0.025 -21"><span class='ocrx_word' id='word_1_238' title='bbox 187 3762 263 3812; x_wconf 90' lang='lat' dir='ltr'><strong>Card.</strong></span> <span class='ocrx_word' id='word_1_239' title='bbox 281 3766 319 3813; x_wconf 87' lang='lat' dir='ltr'><strong>nt.</strong></span> <span class='ocrx_word' id='word_1_240' title='bbox 335 3765 358 3814; x_wconf 93' lang='lat' dir='ltr'><strong>S.</strong></span> <span class='ocrx_word' id='word_1_241' title='bbox 374 3765 471 3817; x_wconf 88' lang='lat' dir='ltr'><strong>Nicoiai</strong></span> <span class='ocrx_word' id='word_1_242' title='bbox 489 3768 559 3818; x_wconf 88' lang='lat' dir='ltr'><strong>inter</strong></span> <span class='ocrx_word' id='word_1_243' title='bbox 575 3769 709 3832; x_wconf 81' lang='lat' dir='ltr'><strong>imagines.</strong></span> <span class='ocrx_word' id='word_1_244' title='bbox 941 3821 945 3830; x_wconf 94' lang='lat'><strong>.</strong></span> 
     </span>
    </p>

    <p class='ocr_par' dir='ltr' id='par_1_17' title="bbox 188 3841 972 3981">
     <span class='ocr_line' id='line_1_41' title="bbox 231 3841 972 3918; baseline 0.024 -28"><span class='ocrx_word' id='word_1_245' title='bbox 231 3841 344 3892; x_wconf 87' lang='lat' dir='ltr'><strong>loannes</strong></span> <span class='ocrx_word' id='word_1_246' title='bbox 365 3842 398 3893; x_wconf 91' lang='lat' dir='ltr'><strong>de</strong></span> <span class='ocrx_word' id='word_1_247' title='bbox 414 3845 570 3908; x_wconf 85' lang='lat' dir='ltr'><strong>Comitibus,</strong></span> <span class='ocrx_word' id='word_1_248' title='bbox 592 3848 732 3911; x_wconf 82' lang='lat' dir='ltr'><strong>Romanus,</strong></span> <span class='ocrx_word' id='word_1_249' title='bbox 750 3854 889 3918; x_wconf 88' lang='lat' dir='ltr'><strong>archiepis.</strong></span> <span class='ocrx_word' id='word_1_250' title='bbox 905 3858 972 3908; x_wconf 90' lang='lat' dir='ltr'><strong>Con·</strong></span> 
     </span>
     <span class='ocr_line' id='line_1_42' title="bbox 188 3921 692 3981; baseline 0.024 -14"><span class='ocrx_word' id='word_1_251' title='bbox 188 3930 278 3981; x_wconf 88' lang='lat' dir='ltr'><strong>sanas,</strong></span> <span class='ocrx_word' id='word_1_252' title='bbox 295 3921 383 3972; x_wconf 82' lang='lat' dir='ltr'><strong>Presb.</strong></span> <span class='ocrx_word' id='word_1_253' title='bbox 400 3924 479 3975; x_wconf 88' lang='lat' dir='ltr'><strong>Card.</strong></span> <span class='ocrx_word' id='word_1_254' title='bbox 497 3930 535 3976; x_wconf 87' lang='lat' dir='ltr'><strong>nt.</strong></span> <span class='ocrx_word' id='word_1_255' title='bbox 552 3928 577 3977; x_wconf 91' lang='lat' dir='ltr'><strong>S.</strong></span> <span class='ocrx_word' id='word_1_256' title='bbox 593 3928 692 3980; x_wconf 83' lang='lat' dir='ltr'><strong>vitalis.</strong></span> 
     </span>
    </p>

    <p class='ocr_par' dir='ltr' id='par_1_18' title="bbox 187 3999 972 4140">
     <span class='ocr_line' id='line_1_43' title="bbox 225 3999 972 4076; baseline 0.025 -30"><span class='ocrx_word' id='word_1_257' title='bbox 225 3999 359 4051; x_wconf 80' lang='lat' dir='ltr'><strong>iohannes</strong></span> <span class='ocrx_word' id='word_1_258' title='bbox 375 4001 408 4051; x_wconf 92' lang='lat' dir='ltr'><strong>de</strong></span> <span class='ocrx_word' id='word_1_259' title='bbox 423 4002 570 4065; x_wconf 79' lang='lat' dir='ltr'><strong>Margaritis</strong></span> <span class='ocrx_word' id='word_1_260' title='bbox 578 4041 587 4068; x_wconf 88' lang='lat'><strong>,</strong></span> <span class='ocrx_word' id='word_1_261' title='bbox 601 4006 745 4072; x_wconf 88' lang='lat' dir='ltr'><strong>Hispanus,</strong></span> <span class='ocrx_word' id='word_1_262' title='bbox 763 4012 905 4076; x_wconf 89' lang='lat' dir='ltr'><strong>episcopus</strong></span> <span class='ocrx_word' id='word_1_263' title='bbox 922 4015 972 4065; x_wconf 91' lang='lat' dir='ltr'><strong>Ge·</strong></span> 
     </span>
     <span class='ocr_line' id='line_1_44' title="bbox 187 4077 774 4140; baseline 0.02 -16"><span class='ocrx_word' id='word_1_264' title='bbox 187 4077 335 4140; x_wconf 89' lang='lat' dir='ltr'><strong>rundensis,</strong></span> <span class='ocrx_word' id='word_1_265' title='bbox 351 4079 439 4131; x_wconf 82' lang='lat' dir='ltr'><strong>Presb.</strong></span> <span class='ocrx_word' id='word_1_266' title='bbox 454 4082 533 4133; x_wconf 86' lang='lat' dir='ltr'><strong>card.</strong></span> <span class='ocrx_word' id='word_1_267' title='bbox 548 4088 586 4136; x_wconf 90' lang='lat' dir='ltr'><strong>tlt.</strong></span> <span class='ocrx_word' id='word_1_268' title='bbox 604 4087 628 4136; x_wconf 93' lang='lat' dir='ltr'><strong>S.</strong></span> <span class='ocrx_word' id='word_1_269' title='bbox 644 4087 774 4140; x_wconf 90' lang='lat' dir='ltr'><strong>Balbinae.</strong></span> 
     </span>
    </p>

    <p class='ocr_par' dir='ltr' id='par_1_19' title="bbox 186 4155 972 4360">
     <span class='ocr_line' id='line_1_45' title="bbox 224 4155 972 4237; baseline 0.027 -32"><span class='ocrx_word' id='word_1_270' title='bbox 224 4155 356 4209; x_wconf 84' lang='lat' dir='ltr'><strong>lohannes</strong></span> <span class='ocrx_word' id='word_1_271' title='bbox 372 4159 486 4212; x_wconf 83' lang='lat' dir='ltr'><strong>lacobus</strong></span> <span class='ocrx_word' id='word_1_272' title='bbox 510 4164 680 4230; x_wconf 88' lang='lat' dir='ltr'><strong>Sclateuatus‚</strong></span> <span class='ocrx_word' id='word_1_273' title='bbox 697 4170 763 4221; x_wconf 91' lang='lat' dir='ltr'><strong>civis</strong></span> <span class='ocrx_word' id='word_1_274' title='bbox 780 4177 807 4222; x_wconf 87' lang='lat' dir='ltr'><strong>ct</strong></span> <span class='ocrx_word' id='word_1_275' title='bbox 831 4175 972 4237; x_wconf 87' lang='lat' dir='ltr'><strong>episcopus</strong></span> 
     </span>
     <span class='ocr_line' id='line_1_46' title="bbox 186 4233 972 4360; baseline 0.028 -78"><span class='ocrx_word' id='word_1_276' title='bbox 186 4233 345 4360; x_wconf 49' lang='lat' dir='ltr'><strong>girwensis,</strong></span> <span class='ocrx_word' id='word_1_277' title='bbox 372 4237 461 4288; x_wconf 82' lang='lat' dir='ltr'><strong>Presb.</strong></span> <span class='ocrx_word' id='word_1_278' title='bbox 487 4241 564 4292; x_wconf 85' lang='lat' dir='ltr'><strong>card.</strong></span> <span class='ocrx_word' id='word_1_279' title='bbox 589 4246 628 4295; x_wconf 87' lang='lat' dir='ltr'><strong>tit.</strong></span> <span class='ocrx_word' id='word_1_280' title='bbox 649 4247 672 4296; x_wconf 85' lang='lat' dir='ltr'><strong>S·</strong></span> <span class='ocrx_word' id='word_1_281' title='bbox 693 4248 815 4313; x_wconf 84' lang='lat' dir='ltr'><strong>Stephani</strong></span> <span class='ocrx_word' id='word_1_282' title='bbox 842 4253 868 4302; x_wconf 92' lang='lat' dir='ltr'><strong>iu</strong></span> <span class='ocrx_word' id='word_1_283' title='bbox 884 4252 972 4304; x_wconf 87' lang='lat' dir='ltr'><strong>Coelio</strong></span> 
     </span>
    </p>

    <p class='ocr_par' dir='ltr' id='par_1_20' title="bbox 210 4316 280 4363">
     <span class='ocr_line' id='line_1_47' title="bbox 210 4316 280 4363; baseline 0.014 -2"><span class='ocrx_word' id='word_1_284' title='bbox 210 4316 280 4363; x_wconf 89' lang='lat' dir='ltr'><strong>onte.</strong></span> 
     </span>
    </p>
   </div>
   <div class='ocr_carea' id='block_1_7' title="bbox 179 4391 972 4628">
    <p class='ocr_par' dir='ltr' id='par_1_21' title="bbox 179 4391 972 4628">
     <span class='ocr_line' id='line_1_48' title="bbox 224 4391 971 4466; baseline 0.021 -25"><span class='ocrx_word' id='word_1_285' title='bbox 224 4391 378 4445; x_wconf 82' lang='lat' dir='ltr'><strong>Franciscus</strong></span> <span class='ocrx_word' id='word_1_286' title='bbox 390 4395 746 4466; x_wconf 76' lang='lat' dir='ltr'><strong>Picoclomiaeus,seneasis,</strong></span> <span class='ocrx_word' id='word_1_287' title='bbox 757 4406 827 4456; x_wconf 83' lang='lat' dir='ltr'><strong>Diae.</strong></span> <span class='ocrx_word' id='word_1_288' title='bbox 844 4407 919 4458; x_wconf 87' lang='lat' dir='ltr'><strong>Card.</strong></span> <span class='ocrx_word' id='word_1_289' title='bbox 933 4413 971 4460; x_wconf 84' lang='lat' dir='ltr'><strong>tn.</strong></span> 
     </span>
     <span class='ocr_line' id='line_1_49' title="bbox 186 4469 971 4542; baseline 0.027 -24"><span class='ocrx_word' id='word_1_290' title='bbox 186 4470 209 4519; x_wconf 86' lang='lat' dir='ltr'>S</span> <span class='ocrx_word' id='word_1_291' title='bbox 228 4469 370 4533; x_wconf 81' lang='lat' dir='ltr'><strong>Eustachii,</strong></span> <span class='ocrx_word' id='word_1_292' title='bbox 386 4475 485 4525; x_wconf 90' lang='lat' dir='ltr'><strong>eiectus</strong></span> <span class='ocrx_word' id='word_1_293' title='bbox 503 4479 617 4542; x_wconf 85' lang='lat' dir='ltr'><strong>archiep.</strong></span> <span class='ocrx_word' id='word_1_294' title='bbox 632 4482 737 4534; x_wconf 87' lang='lat' dir='ltr'><strong>senens.</strong></span> <span class='ocrx_word' id='word_1_295' title='bbox 753 4486 776 4534; x_wconf 90' lang='lat' dir='ltr'><strong>S.</strong></span> <span class='ocrx_word' id='word_1_296' title='bbox 794 4487 822 4536; x_wconf 86' lang='lat' dir='ltr'><strong>it.</strong></span> <span class='ocrx_word' id='word_1_297' title='bbox 840 4485 971 4539; x_wconf 83' lang='lat' dir='ltr'><strong>Ecclesiae</strong></span> 
     </span>
     <span class='ocr_line' id='line_1_50' title="bbox 179 4549 972 4628; baseline 0.025 -32"><span class='ocrx_word' id='word_1_298' title='bbox 179 4549 395 4602; x_wconf 87' lang='lat' dir='ltr'><strong>archidiaconus.</strong></span> <span class='ocrx_word' id='word_1_299' title='bbox 412 4552 478 4615; x_wconf 78' lang='lat' dir='ltr'><strong>(Fuit</strong></span> <span class='ocrx_word' id='word_1_300' title='bbox 493 4561 586 4617; x_wconf 84' lang='lat' dir='ltr'><strong>postea</strong></span> <span class='ocrx_word' id='word_1_301' title='bbox 602 4558 669 4623; x_wconf 85' lang='lat' dir='ltr'><strong>Papa</strong></span> <span class='ocrx_word' id='word_1_302' title='bbox 686 4564 737 4613; x_wconf 90' lang='lat' dir='ltr'><strong>snb</strong></span> <span class='ocrx_word' id='word_1_303' title='bbox 753 4566 857 4617; x_wconf 89' lang='lat' dir='ltr'><strong>nemine</strong></span> <span class='ocrx_word' id='word_1_304' title='bbox 874 4566 908 4616; x_wconf 85' lang='lat' dir='ltr'><strong>Pii</strong></span> <span class='ocrx_word' id='word_1_305' title='bbox 921 4567 972 4628; x_wconf 80' lang='grc'><strong>111.)</strong></span> 
     </span>
    </p>
   </div>
   <div class='ocr_carea' id='block_1_8' title="bbox 185 4629 972 4773">
    <p class='ocr_par' dir='ltr' id='par_1_22' title="bbox 185 4629 972 4773">
     <span class='ocr_line' id='line_1_51' title="bbox 226 4629 972 4710; baseline 0.025 -32"><span class='ocrx_word' id='word_1_306' title='bbox 226 4629 342 4692; x_wconf 87' lang='lat' dir='ltr'><strong>liapbael</strong></span> <span class='ocrx_word' id='word_1_307' title='bbox 356 4631 469 4692; x_wconf 79' lang='lat' dir='ltr'><strong>lilarius,</strong></span> <span class='ocrx_word' id='word_1_308' title='bbox 486 4635 654 4699; x_wconf 84' lang='lat' dir='ltr'><strong>savonensis,</strong></span> <span class='ocrx_word' id='word_1_309' title='bbox 665 4640 734 4692; x_wconf 85' lang='lat' dir='ltr'><strong>blac.</strong></span> <span class='ocrx_word' id='word_1_310' title='bbox 747 4641 822 4694; x_wconf 87' lang='lat' dir='ltr'><strong>Card.</strong></span> <span class='ocrx_word' id='word_1_311' title='bbox 830 4644 854 4694; x_wconf 92' lang='lat' dir='ltr'><strong>S.</strong></span> <span class='ocrx_word' id='word_1_312' title='bbox 867 4646 972 4710; x_wconf 85' lang='lat' dir='ltr'><strong>Georgii</strong></span> 
     </span>
     <span class='ocr_line' id='line_1_52' title="bbox 185 4705 786 4773; baseline 0.025 -19"><span class='ocrx_word' id='word_1_313' title='bbox 185 4705 219 4755; x_wconf 91' lang='lat' dir='ltr'><strong>ad</strong></span> <span class='ocrx_word' id='word_1_314' title='bbox 234 4706 323 4757; x_wconf 82' lang='lat' dir='ltr'><strong>Vatum</strong></span> <span class='ocrx_word' id='word_1_315' title='bbox 340 4709 463 4773; x_wconf 77' lang='lat' dir='ltr'><strong>Aureum,</strong></span> <span class='ocrx_word' id='word_1_316' title='bbox 483 4712 549 4764; x_wconf 84' lang='grc'><strong>811.</strong></span> <span class='ocrx_word' id='word_1_317' title='bbox 569 4715 596 4765; x_wconf 87' lang='lat' dir='ltr'><strong>B.</strong></span> <span class='ocrx_word' id='word_1_318' title='bbox 613 4716 786 4771; x_wconf 85' lang='lat' dir='ltr'><strong>Camerarius.</strong></span> 
     </span>
    </p>
   </div>
   <div class='ocr_carea' id='block_1_9' title="bbox 184 4785 970 4920">
    <p class='ocr_par' dir='ltr' id='par_1_23' title="bbox 184 4785 970 4920">
     <span class='ocr_line' id='line_1_53' title="bbox 226 4785 970 4860; baseline 0.027 -25"><span class='ocrx_word' id='word_1_319' title='bbox 226 4785 358 4838; x_wconf 85' lang='lat' dir='ltr'><strong>lohannes</strong></span> <span class='ocrx_word' id='word_1_320' title='bbox 374 4788 490 4852; x_wconf 87' lang='lat' dir='ltr'><strong>Baptista</strong></span> <span class='ocrx_word' id='word_1_321' title='bbox 502 4792 630 4847; x_wconf 88' lang='lat' dir='ltr'><strong>Savaitns.</strong></span> <span class='ocrx_word' id='word_1_322' title='bbox 645 4797 791 4860; x_wconf 79' lang='lat' dir='ltr'><strong>Romanus,</strong></span> <span class='ocrx_word' id='word_1_323' title='bbox 806 4800 876 4851; x_wconf 89' lang='lat' dir='ltr'><strong>Diae.</strong></span> <span class='ocrx_word' id='word_1_324' title='bbox 893 4803 970 4855; x_wconf 87' lang='lat' dir='ltr'><strong>Card.</strong></span> 
     </span>
     <span class='ocr_line' id='line_1_54' title="bbox 184 4862 636 4920; baseline 0.015 -7"><span class='ocrx_word' id='word_1_325' title='bbox 184 4865 208 4913; x_wconf 92' lang='grc'><strong>8.</strong></span> <span class='ocrx_word' id='word_1_326' title='bbox 224 4862 324 4915; x_wconf 87' lang='lat' dir='ltr'><strong>Nicolai</strong></span> <span class='ocrx_word' id='word_1_327' title='bbox 340 4867 366 4915; x_wconf 89' lang='lat' dir='ltr'><strong>ia</strong></span> <span class='ocrx_word' id='word_1_328' title='bbox 381 4867 494 4918; x_wconf 77' lang='lat' dir='ltr'><strong>earcere</strong></span> <span class='ocrx_word' id='word_1_329' title='bbox 511 4869 636 4920; x_wconf 88' lang='lat' dir='ltr'><strong>Tulliano.</strong></span> 
     </span>
    </p>
   </div>
   <div class='ocr_carea' id='block_1_10' title="bbox 185 4943 970 5089">
    <p class='ocr_par' dir='ltr' id='par_1_24' title="bbox 185 4943 970 5089">
     <span class='ocr_line' id='line_1_55' title="bbox 223 4943 970 5016; baseline 0.024 -24"><span class='ocrx_word' id='word_1_330' title='bbox 223 4943 970 5016; x_wconf 80' lang='lat' dir='ltr'><strong>iohannesColumna,Domiceiiusllonianus‚Diaccmd.</strong></span> 
     </span>
     <span class='ocr_line' id='line_1_56' title="bbox 185 5023 491 5089; baseline 0.01 -17"><span class='ocrx_word' id='word_1_331' title='bbox 185 5023 212 5072; x_wconf 86' lang='grc'><strong>8.</strong></span> <span class='ocrx_word' id='word_1_332' title='bbox 228 5024 324 5075; x_wconf 84' lang='lat' dir='ltr'><strong>blariaa</strong></span> <span class='ocrx_word' id='word_1_333' title='bbox 341 5027 366 5075; x_wconf 90' lang='lat' dir='ltr'><strong>ia</strong></span> <span class='ocrx_word' id='word_1_334' title='bbox 383 5027 491 5089; x_wconf 78' lang='lat' dir='ltr'><strong>hqnirn.</strong></span> 
     </span>
    </p>
   </div>
   <div class='ocr_carea' id='block_1_11' title="bbox 186 5101 969 5233">
    <p class='ocr_par' dir='ltr' id='par_1_25' title="bbox 186 5101 969 5233">
     <span class='ocr_line' id='line_1_57' title="bbox 225 5101 969 5174; baseline 0.017 -23"><span class='ocrx_word' id='word_1_335' title='bbox 225 5101 358 5153; x_wconf 82' lang='lat' dir='ltr'><strong>lohannes</strong></span> <span class='ocrx_word' id='word_1_336' title='bbox 375 5105 490 5169; x_wconf 86' lang='lat' dir='ltr'><strong>Baptista</strong></span> <span class='ocrx_word' id='word_1_337' title='bbox 502 5107 618 5168; x_wconf 90' lang='lat' dir='ltr'><strong>Ursinus,</strong></span> <span class='ocrx_word' id='word_1_338' title='bbox 627 5109 845 5174; x_wconf 66' lang='lat' dir='ltr'><strong>Bomannsliiac.</strong></span> <span class='ocrx_word' id='word_1_339' title='bbox 857 5116 934 5167; x_wconf 85' lang='lat' dir='ltr'><strong>card.</strong></span> <span class='ocrx_word' id='word_1_340' title='bbox 945 5118 969 5166; x_wconf 89' lang='lat' dir='ltr'><strong>S.</strong></span> 
     </span>
     <span class='ocr_line' id='line_1_58' title="bbox 186 5180 396 5233; baseline 0.01 -3"><span class='ocrx_word' id='word_1_341' title='bbox 186 5180 282 5230; x_wconf 84' lang='lat' dir='ltr'><strong>Mariae</strong></span> <span class='ocrx_word' id='word_1_342' title='bbox 297 5182 396 5233; x_wconf 85' lang='lat' dir='ltr'><strong>Novae.</strong></span> 
     </span>
    </p>
   </div>
   <div class='ocr_carea' id='block_1_12' title="bbox 225 5260 968 5336">
    <p class='ocr_par' dir='ltr' id='par_1_26' title="bbox 225 5260 968 5336">
     <span class='ocr_line' id='line_1_59' title="bbox 225 5260 968 5336; baseline 0.027 -27"><span class='ocrx_word' id='word_1_343' title='bbox 225 5260 353 5310; x_wconf 79' lang='lat' dir='ltr'><strong>Ascanius</strong></span> <span class='ocrx_word' id='word_1_344' title='bbox 369 5263 447 5312; x_wconf 82' lang='lat' dir='ltr'><strong>llaria</strong></span> <span class='ocrx_word' id='word_1_345' title='bbox 463 5264 556 5314; x_wconf 88' lang='lat' dir='ltr'><strong>Siortia</strong></span> <span class='ocrx_word' id='word_1_346' title='bbox 577 5265 742 5331; x_wconf 82' lang='lat' dir='ltr'><strong>vicecomes,</strong></span> <span class='ocrx_word' id='word_1_347' title='bbox 760 5273 968 5336; x_wconf 66' lang='lat' dir='ltr'><strong>mediolanensis,</strong></span> 
     </span>
    </p>
   </div>
   <div class='ocr_carea' id='block_1_13' title="bbox 108 5340 813 5401">
    <p class='ocr_par' dir='ltr' id='par_1_27' title="bbox 108 5340 813 5401">
     <span class='ocr_line' id='line_1_60' title="bbox 108 5340 813 5401; baseline 0.017 -14"><span class='ocrx_word' id='word_1_348' title='bbox 108 5393 110 5398; x_wconf 56' lang='grc'>,</span> <span class='ocrx_word' id='word_1_349' title='bbox 186 5340 255 5389; x_wconf 82' lang='lat' dir='ltr'><strong>iliae.</strong></span> <span class='ocrx_word' id='word_1_350' title='bbox 274 5341 405 5392; x_wconf 74' lang='grc'><strong>0111188</strong></span> <span class='ocrx_word' id='word_1_351' title='bbox 426 5343 514 5395; x_wconf 78' lang='grc'><strong>111111</strong></span> <span class='ocrx_word' id='word_1_352' title='bbox 533 5347 641 5399; x_wconf 84' lang='lat' dir='ltr'><strong>Modesti</strong></span> <span class='ocrx_word' id='word_1_353' title='bbox 659 5364 683 5399; x_wconf 90' lang='lat' dir='ltr'><strong>in</strong></span> <span class='ocrx_word' id='word_1_354' title='bbox 700 5352 813 5401; x_wconf 83' lang='lat' dir='ltr'><strong>Macella.</strong></span> 
     </span>
    </p>
   </div>
   <div class='ocr_carea' id='block_1_14' title="bbox 1718 273 1824 357">
    <p class='ocr_par' dir='ltr' id='par_1_28' title="bbox 1718 273 1824 357">
     <span class='ocr_line' id='line_1_61' title="bbox 1718 273 1824 357; baseline 0.019 -23"><span class='ocrx_word' id='word_1_355' title='bbox 1718 273 1824 357; x_wconf 78' lang='lat' dir='ltr'><strong>(rtet)</strong></span> 
     </span>
    </p>
   </div>
   <div class='ocr_carea' id='block_1_15' title="bbox 1039 405 1832 5416">
    <p class='ocr_par' dir='ltr' id='par_1_29' title="bbox 1043 405 1830 3587">
     <span class='ocr_line' id='line_1_62' title="bbox 1046 405 1826 489; baseline 0.006 -23"><span class='ocrx_word' id='word_1_356' title='bbox 1046 407 1175 486; x_wconf 90' lang='lat' dir='ltr'><strong>cappella</strong></span> <span class='ocrx_word' id='word_1_357' title='bbox 1191 405 1296 484; x_wconf 82' lang='lat' dir='ltr'><strong>niujori</strong></span> <span class='ocrx_word' id='word_1_358' title='bbox 1311 427 1401 489; x_wconf 89' lang='lat' dir='ltr'><strong>prope</strong></span> <span class='ocrx_word' id='word_1_359' title='bbox 1414 411 1507 469; x_wconf 90' lang='lat' dir='ltr'><strong>altare</strong></span> <span class='ocrx_word' id='word_1_360' title='bbox 1521 406 1626 487; x_wconf 86' lang='lat' dir='ltr'><strong>majus,</strong></span> <span class='ocrx_word' id='word_1_361' title='bbox 1642 409 1689 470; x_wconf 91' lang='lat' dir='ltr'><strong>ubi</strong></span> <span class='ocrx_word' id='word_1_362' title='bbox 1705 428 1826 471; x_wconf 88' lang='lat' dir='ltr'><strong>concor·</strong></span> 
     </span>
     <span class='ocr_line' id='line_1_63' title="bbox 1045 495 1826 586; baseline 0.009 -22"><span class='ocrx_word' id='word_1_363' title='bbox 1045 495 1125 567; x_wconf 73' lang='lat' dir='ltr'><strong>diter&#39;</strong></span> <span class='ocrx_word' id='word_1_364' title='bbox 1139 505 1360 586; x_wconf 86' lang='lat' dir='ltr'><strong>deputaverant,</strong></span> <span class='ocrx_word' id='word_1_365' title='bbox 1378 518 1407 569; x_wconf 90' lang='lat' dir='ltr'><strong>et</strong></span> <span class='ocrx_word' id='word_1_366' title='bbox 1421 508 1630 568; x_wconf 83' lang='lat' dir='ltr'><strong>ordinaverunt</strong></span> <span class='ocrx_word' id='word_1_367' title='bbox 1650 508 1826 571; x_wconf 84' lang='lat' dir='ltr'><strong>venerandos</strong></span> 
     </span>
     <span class='ocr_line' id='line_1_64' title="bbox 1049 606 1825 688; baseline 0.009 -24"><span class='ocrx_word' id='word_1_368' title='bbox 1049 608 1124 669; x_wconf 83' lang='lat' dir='ltr'><strong>viros</strong></span> <span class='ocrx_word' id='word_1_369' title='bbox 1143 607 1204 668; x_wconf 87' lang='lat' dir='ltr'><strong>Dl).</strong></span> <span class='ocrx_word' id='word_1_370' title='bbox 1225 609 1399 688; x_wconf 87' lang='lat' dir='ltr'><strong>Sinulpbum</strong></span> <span class='ocrx_word' id='word_1_371' title='bbox 1412 609 1446 670; x_wconf 92' lang='lat' dir='ltr'><strong>de</strong></span> <span class='ocrx_word' id='word_1_372' title='bbox 1460 608 1564 669; x_wconf 84' lang='lat' dir='ltr'><strong>Castro</strong></span> <span class='ocrx_word' id='word_1_373' title='bbox 1584 606 1705 670; x_wconf 87' lang='lat' dir='ltr'><strong>Otherio</strong></span> <span class='ocrx_word' id='word_1_374' title='bbox 1724 608 1825 671; x_wconf 77' lang='lat' dir='ltr'><strong>cane·</strong></span> 
     </span>
     <span class='ocr_line' id='line_1_65' title="bbox 1045 708 1827 789; baseline 0.008 -23"><span class='ocrx_word' id='word_1_375' title='bbox 1045 725 1095 768; x_wconf 87' lang='lat' dir='ltr'><strong>rae</strong></span> <span class='ocrx_word' id='word_1_376' title='bbox 1111 708 1289 789; x_wconf 76' lang='lat' dir='ltr'><strong>apostoticae</strong></span> <span class='ocrx_word' id='word_1_377' title='bbox 1309 709 1459 784; x_wconf 88' lang='lat' dir='ltr'><strong>clericum,</strong></span> <span class='ocrx_word' id='word_1_378' title='bbox 1476 708 1634 770; x_wconf 76' lang='lat' dir='ltr'><strong>iohannem</strong></span> <span class='ocrx_word' id='word_1_379' title='bbox 1648 709 1771 770; x_wconf 88' lang='lat' dir='ltr'><strong>Petrum</strong></span> <span class='ocrx_word' id='word_1_380' title='bbox 1795 711 1827 772; x_wconf 92' lang='lat' dir='ltr'><strong>de</strong></span> 
     </span>
     <span class='ocr_line' id='line_1_66' title="bbox 1045 808 1827 891; baseline 0.009 -27"><span class='ocrx_word' id='word_1_381' title='bbox 1045 808 1428 868; x_wconf 82' lang='lat' dir='ltr'><strong>Arrirabenissecretarium</strong></span> <span class='ocrx_word' id='word_1_382' title='bbox 1443 810 1643 889; x_wconf 89' lang='lat' dir='ltr'><strong>apostolieum,</strong></span> <span class='ocrx_word' id='word_1_383' title='bbox 1663 808 1827 891; x_wconf 84' lang='lat' dir='ltr'><strong>Philippum</strong></span> 
     </span>
     <span class='ocr_line' id='line_1_67' title="bbox 1045 897 1826 981; baseline 0.012 -18"><span class='ocrx_word' id='word_1_384' title='bbox 1045 904 1079 968; x_wconf 90' lang='lat' dir='ltr'><strong>de</strong></span> <span class='ocrx_word' id='word_1_385' title='bbox 1106 905 1212 981; x_wconf 78' lang='lat' dir='ltr'><strong>birca,</strong></span> <span class='ocrx_word' id='word_1_386' title='bbox 1235 897 1393 969; x_wconf 77' lang='lat' dir='ltr'><strong>iohannem</strong></span> <span class='ocrx_word' id='word_1_387' title='bbox 1422 907 1612 970; x_wconf 80' lang='lat' dir='ltr'><strong>Laurentium</strong></span> <span class='ocrx_word' id='word_1_388' title='bbox 1643 910 1678 971; x_wconf 91' lang='lat' dir='ltr'><strong>de</strong></span> <span class='ocrx_word' id='word_1_389' title='bbox 1707 911 1826 972; x_wconf 84' lang='lat' dir='ltr'><strong>Venetiis</strong></span> 
     </span>
     <span class='ocr_line' id='line_1_68' title="bbox 1044 1008 1827 1089; baseline 0.009 -24"><span class='ocrx_word' id='word_1_390' title='bbox 1044 1009 1214 1087; x_wconf 81' lang='lat' dir='ltr'><strong>scriptorem</strong></span> <span class='ocrx_word' id='word_1_391' title='bbox 1230 1008 1428 1087; x_wconf 90' lang='lat' dir='ltr'><strong>apostolicum,</strong></span> <span class='ocrx_word' id='word_1_392' title='bbox 1442 1010 1671 1089; x_wconf 81' lang='lat' dir='ltr'><strong>balthassarrem</strong></span> <span class='ocrx_word' id='word_1_393' title='bbox 1689 1010 1725 1072; x_wconf 91' lang='lat' dir='ltr'><strong>de</strong></span> <span class='ocrx_word' id='word_1_394' title='bbox 1739 1013 1827 1072; x_wconf 81' lang='lat' dir='ltr'><strong>Bian-</strong></span> 
     </span>
     <span class='ocr_line' id='line_1_69' title="bbox 1044 1105 1828 1183; baseline 0.013 -20"><span class='ocrx_word' id='word_1_395' title='bbox 1044 1105 1142 1181; x_wconf 82' lang='lat' dir='ltr'><strong>dreia,</strong></span> <span class='ocrx_word' id='word_1_396' title='bbox 1161 1107 1348 1168; x_wconf 87' lang='lat' dir='ltr'><strong>Franciscum</strong></span> <span class='ocrx_word' id='word_1_397' title='bbox 1370 1108 1560 1183; x_wconf 85' lang='lat' dir='ltr'><strong>bertellenm,</strong></span> <span class='ocrx_word' id='word_1_398' title='bbox 1590 1120 1685 1176; x_wconf 83' lang='lat' dir='ltr'><strong>etms</strong></span> <span class='ocrx_word' id='word_1_399' title='bbox 1717 1112 1828 1174; x_wconf 80' lang='lat' dir='ltr'><strong>doban-</strong></span> 
     </span>
     <span class='ocr_line' id='line_1_70' title="bbox 1044 1209 1827 1290; baseline 0.006 -23"><span class='ocrx_word' id='word_1_400' title='bbox 1044 1227 1108 1270; x_wconf 90' lang='lat' dir='ltr'><strong>nem</strong></span> <span class='ocrx_word' id='word_1_401' title='bbox 1126 1209 1330 1271; x_wconf 85' lang='lat' dir='ltr'><strong>burchardum</strong></span> <span class='ocrx_word' id='word_1_402' title='bbox 1346 1209 1381 1268; x_wconf 90' lang='lat' dir='ltr'><strong>ad</strong></span> <span class='ocrx_word' id='word_1_403' title='bbox 1401 1210 1594 1290; x_wconf 90' lang='lat' dir='ltr'><strong>recipiendum</strong></span> <span class='ocrx_word' id='word_1_404' title='bbox 1605 1215 1701 1272; x_wconf 87' lang='lat' dir='ltr'><strong>amnia</strong></span> <span class='ocrx_word' id='word_1_405' title='bbox 1715 1212 1789 1273; x_wconf 89' lang='lat' dir='ltr'><strong>bona</strong></span> <span class='ocrx_word' id='word_1_406' title='bbox 1801 1216 1827 1272; x_wconf 92' lang='lat' dir='ltr'><strong>in</strong></span> 
     </span>
     <span class='ocr_line' id='line_1_71' title="bbox 1044 1309 1828 1396; baseline 0.001 -26"><span class='ocrx_word' id='word_1_407' title='bbox 1044 1312 1179 1373; x_wconf 78' lang='lat' dir='ltr'><strong>conclave</strong></span> <span class='ocrx_word' id='word_1_408' title='bbox 1197 1312 1341 1372; x_wconf 78' lang='lat' dir='ltr'><strong>existentia</strong></span> <span class='ocrx_word' id='word_1_409' title='bbox 1356 1309 1567 1372; x_wconf 84' lang='lat' dir='ltr'><strong>inturisummi</strong></span> <span class='ocrx_word' id='word_1_410' title='bbox 1583 1311 1742 1396; x_wconf 83' lang='lat' dir='ltr'><strong>Pontificis,</strong></span> <span class='ocrx_word' id='word_1_411' title='bbox 1763 1315 1828 1372; x_wconf 92' lang='lat' dir='ltr'><strong>iila-</strong></span> 
     </span>
     <span class='ocr_line' id='line_1_72' title="bbox 1044 1409 1827 1488; baseline 0.003 -18"><span class='ocrx_word' id='word_1_412' title='bbox 1044 1429 1101 1488; x_wconf 88' lang='lat' dir='ltr'><strong>que</strong></span> <span class='ocrx_word' id='word_1_413' title='bbox 1129 1409 1249 1472; x_wconf 86' lang='lat' dir='ltr'><strong>ddeliter</strong></span> <span class='ocrx_word' id='word_1_414' title='bbox 1278 1411 1505 1474; x_wconf 90' lang='lat' dir='ltr'><strong>distribuendum</strong></span> <span class='ocrx_word' id='word_1_415' title='bbox 1536 1413 1609 1474; x_wconf 90' lang='lat' dir='ltr'><strong>inter</strong></span> <span class='ocrx_word' id='word_1_416' title='bbox 1639 1414 1827 1473; x_wconf 89' lang='lat' dir='ltr'><strong>conclavistas</strong></span> 
     </span>
     <span class='ocr_line' id='line_1_73' title="bbox 1043 1509 1829 1590; baseline 0.001 -20"><span class='ocrx_word' id='word_1_417' title='bbox 1043 1511 1212 1590; x_wconf 86' lang='lat' dir='ltr'><strong>praedictos.</strong></span> <span class='ocrx_word' id='word_1_418' title='bbox 1231 1509 1436 1573; x_wconf 76' lang='lat' dir='ltr'><strong>Convenerunt</strong></span> <span class='ocrx_word' id='word_1_419' title='bbox 1450 1529 1565 1590; x_wconf 89' lang='lat' dir='ltr'><strong>qnoque</strong></span> <span class='ocrx_word' id='word_1_420' title='bbox 1581 1513 1664 1573; x_wconf 90' lang='lat' dir='ltr'><strong>iidem</strong></span> <span class='ocrx_word' id='word_1_421' title='bbox 1681 1514 1829 1574; x_wconf 89' lang='lat' dir='ltr'><strong>conclavi·</strong></span> 
     </span>
     <span class='ocr_line' id='line_1_74' title="bbox 1043 1611 1829 1691; baseline 0.003 -19"><span class='ocrx_word' id='word_1_422' title='bbox 1043 1624 1113 1684; x_wconf 87' lang='lat' dir='ltr'><strong>stae,</strong></span> <span class='ocrx_word' id='word_1_423' title='bbox 1128 1612 1205 1691; x_wconf 92' lang='lat' dir='ltr'><strong>quod</strong></span> <span class='ocrx_word' id='word_1_424' title='bbox 1231 1613 1422 1673; x_wconf 86' lang='lat' dir='ltr'><strong>conclavistae</strong></span> <span class='ocrx_word' id='word_1_425' title='bbox 1441 1615 1551 1672; x_wconf 87' lang='lat' dir='ltr'><strong>romani</strong></span> <span class='ocrx_word' id='word_1_426' title='bbox 1565 1611 1712 1674; x_wconf 85' lang='lat' dir='ltr'><strong>Pontificis</strong></span> <span class='ocrx_word' id='word_1_427' title='bbox 1728 1614 1829 1685; x_wconf 89' lang='lat' dir='ltr'><strong>lutari,</strong></span> 
     </span>
     <span class='ocr_line' id='line_1_75' title="bbox 1044 1712 1829 1794; baseline -0.004 -19"><span class='ocrx_word' id='word_1_428' title='bbox 1044 1715 1134 1775; x_wconf 90' lang='lat' dir='ltr'><strong>etalii</strong></span> <span class='ocrx_word' id='word_1_429' title='bbox 1153 1736 1186 1775; x_wconf 84' lang='lat' dir='ltr'><strong>ex</strong></span> <span class='ocrx_word' id='word_1_430' title='bbox 1204 1712 1386 1794; x_wconf 86' lang='lat' dir='ltr'><strong>supradictis,</strong></span> <span class='ocrx_word' id='word_1_431' title='bbox 1404 1716 1453 1792; x_wconf 94' lang='lat' dir='ltr'><strong>qui</strong></span> <span class='ocrx_word' id='word_1_432' title='bbox 1470 1712 1682 1775; x_wconf 84' lang='lat' dir='ltr'><strong>cathedralibus</strong></span> <span class='ocrx_word' id='word_1_433' title='bbox 1693 1715 1829 1784; x_wconf 84' lang='lat' dir='ltr'><strong>ecclesiis,</strong></span> 
     </span>
     <span class='ocr_line' id='line_1_76' title="bbox 1044 1813 1828 1895; baseline 0 -23"><span class='ocrx_word' id='word_1_434' title='bbox 1044 1815 1105 1877; x_wconf 90' lang='lat' dir='ltr'><strong>sive</strong></span> <span class='ocrx_word' id='word_1_435' title='bbox 1124 1815 1341 1894; x_wconf 81' lang='lat' dir='ltr'><strong>metropoliticis</strong></span> <span class='ocrx_word' id='word_1_436' title='bbox 1359 1813 1564 1894; x_wconf 87' lang='lat' dir='ltr'><strong>praeficientur</strong></span> <span class='ocrx_word' id='word_1_437' title='bbox 1583 1815 1610 1875; x_wconf 91' lang='lat' dir='ltr'><strong>in</strong></span> <span class='ocrx_word' id='word_1_438' title='bbox 1628 1815 1775 1895; x_wconf 88' lang='lat' dir='ltr'><strong>episcopas</strong></span> <span class='ocrx_word' id='word_1_439' title='bbox 1801 1827 1828 1875; x_wconf 93' lang='lat' dir='ltr'><strong>et</strong></span> 
     </span>
     <span class='ocr_line' id='line_1_77' title="bbox 1044 1916 1828 1996; baseline 0 -22"><span class='ocrx_word' id='word_1_440' title='bbox 1044 1925 1182 1995; x_wconf 90' lang='lat' dir='ltr'><strong>pastores,</strong></span> <span class='ocrx_word' id='word_1_441' title='bbox 1194 1934 1228 1977; x_wconf 85' lang='lat' dir='ltr'><strong>ex</strong></span> <span class='ocrx_word' id='word_1_442' title='bbox 1242 1917 1427 1996; x_wconf 88' lang='lat' dir='ltr'><strong>promissione</strong></span> <span class='ocrx_word' id='word_1_443' title='bbox 1443 1919 1471 1975; x_wconf 92' lang='lat' dir='ltr'><strong>in</strong></span> <span class='ocrx_word' id='word_1_444' title='bbox 1485 1916 1560 1976; x_wconf 91' lang='lat' dir='ltr'><strong>dicto</strong></span> <span class='ocrx_word' id='word_1_445' title='bbox 1573 1918 1702 1977; x_wconf 91' lang='lat' dir='ltr'><strong>conclavi</strong></span> <span class='ocrx_word' id='word_1_446' title='bbox 1713 1916 1828 1977; x_wconf 79' lang='grc'><strong>111111·-</strong></span> 
     </span>
     <span class='ocr_line' id='line_1_78' title="bbox 1044 2015 1828 2096; baseline 0.001 -22"><span class='ocrx_word' id='word_1_447' title='bbox 1044 2033 1094 2074; x_wconf 89' lang='lat' dir='ltr'><strong>san</strong></span> <span class='ocrx_word' id='word_1_448' title='bbox 1105 2015 1243 2088; x_wconf 78' lang='grc'><strong>1111111111,</strong></span> <span class='ocrx_word' id='word_1_449' title='bbox 1256 2018 1300 2076; x_wconf 81' lang='lat' dir='ltr'><strong>rel</strong></span> <span class='ocrx_word' id='word_1_450' title='bbox 1314 2016 1388 2075; x_wconf 91' lang='lat' dir='ltr'><strong>intra</strong></span> <span class='ocrx_word' id='word_1_451' title='bbox 1405 2034 1528 2078; x_wconf 88' lang='lat' dir='ltr'><strong>mensem</strong></span> <span class='ocrx_word' id='word_1_452' title='bbox 1541 2029 1603 2096; x_wconf 90' lang='lat' dir='ltr'><strong>past</strong></span> <span class='ocrx_word' id='word_1_453' title='bbox 1615 2020 1828 2078; x_wconf 85' lang='lat' dir='ltr'><strong>coronationem</strong></span> 
     </span>
     <span class='ocr_line' id='line_1_79' title="bbox 1044 2114 1828 2190; baseline 0.004 -18"><span class='ocrx_word' id='word_1_454' title='bbox 1044 2114 1135 2177; x_wconf 89' lang='lat' dir='ltr'><strong>iuturi</strong></span> <span class='ocrx_word' id='word_1_455' title='bbox 1152 2116 1309 2190; x_wconf 71' lang='lat' dir='ltr'><strong>Pantilius,</strong></span> <span class='ocrx_word' id='word_1_456' title='bbox 1325 2126 1389 2175; x_wconf 91' lang='lat' dir='ltr'><strong>ante</strong></span> <span class='ocrx_word' id='word_1_457' title='bbox 1402 2127 1495 2176; x_wconf 89' lang='lat' dir='ltr'><strong>tamen</strong></span> <span class='ocrx_word' id='word_1_458' title='bbox 1506 2116 1671 2179; x_wconf 87' lang='lat' dir='ltr'><strong>divisionem</strong></span> <span class='ocrx_word' id='word_1_459' title='bbox 1688 2116 1828 2178; x_wconf 91' lang='lat' dir='ltr'><strong>bonorum</strong></span> 
     </span>
     <span class='ocr_line' id='line_1_80' title="bbox 1045 2216 1829 2298; baseline -0.003 -19"><span class='ocrx_word' id='word_1_460' title='bbox 1045 2218 1269 2297; x_wconf 87' lang='lat' dir='ltr'><strong>praedictarum,</strong></span> <span class='ocrx_word' id='word_1_461' title='bbox 1284 2216 1354 2276; x_wconf 86' lang='lat' dir='ltr'><strong>nihil</strong></span> <span class='ocrx_word' id='word_1_462' title='bbox 1366 2216 1470 2278; x_wconf 86' lang='lat' dir='ltr'><strong>habere</strong></span> <span class='ocrx_word' id='word_1_463' title='bbox 1485 2216 1603 2277; x_wconf 86' lang='lat' dir='ltr'><strong>debeant</strong></span> <span class='ocrx_word' id='word_1_464' title='bbox 1615 2217 1650 2276; x_wconf 89' lang='lat' dir='ltr'><strong>dc</strong></span> <span class='ocrx_word' id='word_1_465' title='bbox 1665 2219 1762 2298; x_wconf 92' lang='lat' dir='ltr'><strong>spoliis</strong></span> <span class='ocrx_word' id='word_1_466' title='bbox 1779 2238 1829 2277; x_wconf 87' lang='lat' dir='ltr'><strong>sn·</strong></span> 
     </span>
     <span class='ocr_line' id='line_1_81' title="bbox 1045 2316 1829 2400; baseline -0.001 -22"><span class='ocrx_word' id='word_1_467' title='bbox 1045 2318 1192 2396; x_wconf 88' lang='lat' dir='ltr'><strong>pradictis,</strong></span> <span class='ocrx_word' id='word_1_468' title='bbox 1203 2319 1250 2377; x_wconf 89' lang='lat' dir='ltr'><strong>scd</strong></span> <span class='ocrx_word' id='word_1_469' title='bbox 1260 2318 1308 2376; x_wconf 87' lang='lat' dir='ltr'><strong>illa</strong></span> <span class='ocrx_word' id='word_1_470' title='bbox 1321 2317 1395 2377; x_wconf 89' lang='lat' dir='ltr'><strong>inter</strong></span> <span class='ocrx_word' id='word_1_471' title='bbox 1409 2317 1480 2377; x_wconf 86' lang='lat' dir='ltr'><strong>alias</strong></span> <span class='ocrx_word' id='word_1_472' title='bbox 1491 2327 1601 2400; x_wconf 85' lang='lat' dir='ltr'><strong>tentum</strong></span> <span class='ocrx_word' id='word_1_473' title='bbox 1613 2316 1711 2375; x_wconf 91' lang='lat' dir='ltr'><strong>dividi.</strong></span> <span class='ocrx_word' id='word_1_474' title='bbox 1723 2317 1829 2377; x_wconf 83' lang='lat' dir='ltr'><strong>Deinde</strong></span> 
     </span>
     <span class='ocr_line' id='line_1_82' title="bbox 1044 2416 1829 2496; baseline 0.001 -21"><span class='ocrx_word' id='word_1_475' title='bbox 1044 2435 1150 2489; x_wconf 90' lang='lat' dir='ltr'><strong>omnes,</strong></span> <span class='ocrx_word' id='word_1_476' title='bbox 1165 2430 1193 2478; x_wconf 89' lang='lat' dir='ltr'><strong>et</strong></span> <span class='ocrx_word' id='word_1_477' title='bbox 1214 2418 1318 2496; x_wconf 82' lang='lat' dir='ltr'><strong>singuli</strong></span> <span class='ocrx_word' id='word_1_478' title='bbox 1340 2416 1546 2496; x_wconf 86' lang='lat' dir='ltr'><strong>quinquaginta</strong></span> <span class='ocrx_word' id='word_1_479' title='bbox 1567 2418 1760 2478; x_wconf 90' lang='lat' dir='ltr'><strong>conclavistue</strong></span> <span class='ocrx_word' id='word_1_480' title='bbox 1778 2438 1829 2476; x_wconf 90' lang='lat' dir='ltr'><strong>sn·</strong></span> 
     </span>
     <span class='ocr_line' id='line_1_83' title="bbox 1044 2517 1828 2597; baseline 0.001 -22"><span class='ocrx_word' id='word_1_481' title='bbox 1044 2518 1163 2597; x_wconf 84' lang='lat' dir='ltr'><strong>predicti</strong></span> <span class='ocrx_word' id='word_1_482' title='bbox 1177 2518 1344 2578; x_wconf 87' lang='lat' dir='ltr'><strong>eorumdem</strong></span> <span class='ocrx_word' id='word_1_483' title='bbox 1356 2518 1419 2577; x_wconf 84' lang='lat' dir='ltr'><strong>itit.</strong></span> <span class='ocrx_word' id='word_1_484' title='bbox 1436 2517 1496 2578; x_wconf 88' lang='lat' dir='ltr'><strong>Dl).</strong></span> <span class='ocrx_word' id='word_1_485' title='bbox 1508 2517 1704 2578; x_wconf 81' lang='lat' dir='ltr'><strong>cardinalium</strong></span> <span class='ocrx_word' id='word_1_486' title='bbox 1718 2517 1828 2578; x_wconf 84' lang='grc'><strong>1111111-</strong></span> 
     </span>
     <span class='ocr_line' id='line_1_84' title="bbox 1045 2616 1829 2697; baseline -0.003 -20"><span class='ocrx_word' id='word_1_487' title='bbox 1045 2617 1119 2677; x_wconf 89' lang='lat' dir='ltr'><strong>clavi</strong></span> <span class='ocrx_word' id='word_1_488' title='bbox 1137 2616 1327 2690; x_wconf 76' lang='lat' dir='ltr'><strong>existentium,</strong></span> <span class='ocrx_word' id='word_1_489' title='bbox 1355 2621 1437 2677; x_wconf 90' lang='lat' dir='ltr'><strong>tactis</strong></span> <span class='ocrx_word' id='word_1_490' title='bbox 1463 2618 1616 2697; x_wconf 87' lang='lat' dir='ltr'><strong>scripturis</strong></span> <span class='ocrx_word' id='word_1_491' title='bbox 1640 2620 1829 2677; x_wconf 85' lang='lat' dir='ltr'><strong>sacrosanctis</strong></span> 
     </span>
     <span class='ocr_line' id='line_1_85' title="bbox 1044 2717 1828 2798; baseline 0 -23"><span class='ocrx_word' id='word_1_492' title='bbox 1044 2719 1072 2778; x_wconf 94' lang='lat' dir='ltr'><strong>in</strong></span> <span class='ocrx_word' id='word_1_493' title='bbox 1100 2720 1229 2780; x_wconf 85' lang='lat' dir='ltr'><strong>manibus</strong></span> <span class='ocrx_word' id='word_1_494' title='bbox 1254 2717 1374 2798; x_wconf 78' lang='lat' dir='ltr'><strong>praefati</strong></span> <span class='ocrx_word' id='word_1_495' title='bbox 1396 2718 1431 2776; x_wconf 90' lang='lat' dir='ltr'><strong>l).</strong></span> <span class='ocrx_word' id='word_1_496' title='bbox 1457 2717 1573 2778; x_wconf 75' lang='lat' dir='ltr'><strong>Abbatis</strong></span> <span class='ocrx_word' id='word_1_497' title='bbox 1592 2719 1762 2789; x_wconf 88' lang='lat' dir='ltr'><strong>Sacristae,</strong></span> <span class='ocrx_word' id='word_1_498' title='bbox 1793 2718 1828 2776; x_wconf 86' lang='lat' dir='ltr'><strong>ad</strong></span> 
     </span>
     <span class='ocr_line' id='line_1_86' title="bbox 1043 2817 1829 2899; baseline 0 -19"><span class='ocrx_word' id='word_1_499' title='bbox 1043 2833 1140 2880; x_wconf 86' lang='lat' dir='ltr'><strong>sattcln</strong></span> <span class='ocrx_word' id='word_1_500' title='bbox 1158 2820 1209 2880; x_wconf 88' lang='lat' dir='ltr'><strong>Dei</strong></span> <span class='ocrx_word' id='word_1_501' title='bbox 1224 2820 1372 2898; x_wconf 87' lang='lat' dir='ltr'><strong>evangelia</strong></span> <span class='ocrx_word' id='word_1_502' title='bbox 1385 2817 1572 2899; x_wconf 78' lang='lat' dir='ltr'><strong>jnraverunt,</strong></span> <span class='ocrx_word' id='word_1_503' title='bbox 1592 2832 1623 2880; x_wconf 91' lang='lat' dir='ltr'><strong>et</strong></span> <span class='ocrx_word' id='word_1_504' title='bbox 1642 2820 1762 2898; x_wconf 85' lang='lat' dir='ltr'><strong>quilibet</strong></span> <span class='ocrx_word' id='word_1_505' title='bbox 1778 2840 1829 2880; x_wconf 90' lang='lat' dir='ltr'><strong>eo·</strong></span> 
     </span>
     <span class='ocr_line' id='line_1_87' title="bbox 1045 2918 1829 2997; baseline -0.006 -15"><span class='ocrx_word' id='word_1_506' title='bbox 1045 2940 1110 2982; x_wconf 91' lang='lat' dir='ltr'><strong>rum</strong></span> <span class='ocrx_word' id='word_1_507' title='bbox 1126 2918 1250 2996; x_wconf 82' lang='lat' dir='ltr'><strong>juravit,</strong></span> <span class='ocrx_word' id='word_1_508' title='bbox 1261 2919 1338 2997; x_wconf 93' lang='lat' dir='ltr'><strong>quod</strong></span> <span class='ocrx_word' id='word_1_509' title='bbox 1353 2922 1376 2978; x_wconf 91' lang='lat' dir='ltr'><strong>si</strong></span> <span class='ocrx_word' id='word_1_510' title='bbox 1392 2919 1521 2980; x_wconf 90' lang='lat' dir='ltr'><strong>dominus</strong></span> <span class='ocrx_word' id='word_1_511' title='bbox 1540 2938 1610 2978; x_wconf 91' lang='lat' dir='ltr'><strong>suus</strong></span> <span class='ocrx_word' id='word_1_512' title='bbox 1631 2919 1760 2979; x_wconf 80' lang='lat' dir='ltr'><strong>Pontifex</strong></span> <span class='ocrx_word' id='word_1_513' title='bbox 1775 2919 1829 2979; x_wconf 90' lang='lat' dir='ltr'><strong>eli·</strong></span> 
     </span>
     <span class='ocr_line' id='line_1_88' title="bbox 1044 3019 1829 3101; baseline -0.008 -18"><span class='ocrx_word' id='word_1_514' title='bbox 1044 3035 1142 3101; x_wconf 86' lang='lat' dir='ltr'><strong>gatar,</strong></span> <span class='ocrx_word' id='word_1_515' title='bbox 1154 3021 1188 3083; x_wconf 89' lang='lat' dir='ltr'><strong>de</strong></span> <span class='ocrx_word' id='word_1_516' title='bbox 1205 3019 1324 3081; x_wconf 83' lang='lat' dir='ltr'><strong>fideliter</strong></span> <span class='ocrx_word' id='word_1_517' title='bbox 1340 3021 1545 3100; x_wconf 83' lang='lat' dir='ltr'><strong>praesentanda</strong></span> <span class='ocrx_word' id='word_1_518' title='bbox 1558 3021 1665 3090; x_wconf 90' lang='lat' dir='ltr'><strong>omnia,</strong></span> <span class='ocrx_word' id='word_1_519' title='bbox 1675 3031 1705 3080; x_wconf 94' lang='lat' dir='ltr'><strong>et</strong></span> <span class='ocrx_word' id='word_1_520' title='bbox 1717 3021 1829 3098; x_wconf 88' lang='lat' dir='ltr'><strong>singula</strong></span> 
     </span>
     <span class='ocr_line' id='line_1_89' title="bbox 1045 3108 1829 3198; baseline -0.008 -15"><span class='ocrx_word' id='word_1_521' title='bbox 1045 3125 1117 3183; x_wconf 92' lang='lat' dir='ltr'><strong>bona</strong></span> <span class='ocrx_word' id='word_1_522' title='bbox 1139 3108 1201 3182; x_wconf 81' lang='lat' dir='ltr'><strong>sua.</strong></span> <span class='ocrx_word' id='word_1_523' title='bbox 1220 3120 1275 3180; x_wconf 90' lang='lat' dir='ltr'><strong>boc</strong></span> <span class='ocrx_word' id='word_1_524' title='bbox 1296 3132 1339 3181; x_wconf 91' lang='lat' dir='ltr'><strong>est</strong></span> <span class='ocrx_word' id='word_1_525' title='bbox 1352 3117 1481 3196; x_wconf 89' lang='lat' dir='ltr'><strong>ejusdcm</strong></span> <span class='ocrx_word' id='word_1_526' title='bbox 1500 3120 1604 3180; x_wconf 88' lang='lat' dir='ltr'><strong>domini</strong></span> <span class='ocrx_word' id='word_1_527' title='bbox 1630 3121 1686 3189; x_wconf 93' lang='lat' dir='ltr'><strong>sui,</strong></span> <span class='ocrx_word' id='word_1_528' title='bbox 1708 3139 1782 3198; x_wconf 90' lang='lat' dir='ltr'><strong>quae</strong></span> <span class='ocrx_word' id='word_1_529' title='bbox 1804 3123 1829 3179; x_wconf 92' lang='lat' dir='ltr'><strong>in</strong></span> 
     </span>
     <span class='ocr_line' id='line_1_90' title="bbox 1044 3222 1829 3301; baseline -0.005 -16"><span class='ocrx_word' id='word_1_530' title='bbox 1044 3225 1175 3285; x_wconf 86' lang='lat' dir='ltr'><strong>conclavi</strong></span> <span class='ocrx_word' id='word_1_531' title='bbox 1191 3222 1285 3293; x_wconf 91' lang='lat' dir='ltr'><strong>babet,</strong></span> <span class='ocrx_word' id='word_1_532' title='bbox 1295 3232 1547 3301; x_wconf 70' lang='lat' dir='ltr'><strong>aureamrgentea,</strong></span> <span class='ocrx_word' id='word_1_533' title='bbox 1564 3222 1668 3301; x_wconf 86' lang='lat' dir='ltr'><strong>lapides</strong></span> <span class='ocrx_word' id='word_1_534' title='bbox 1678 3223 1829 3300; x_wconf 89' lang='lat' dir='ltr'><strong>pretiosos,</strong></span> 
     </span>
     <span class='ocr_line' id='line_1_91' title="bbox 1045 3320 1830 3402; baseline 0.003 -20"><span class='ocrx_word' id='word_1_535' title='bbox 1045 3335 1073 3383; x_wconf 89' lang='lat' dir='ltr'><strong>et</strong></span> <span class='ocrx_word' id='word_1_536' title='bbox 1082 3323 1312 3402; x_wconf 51' lang='lat' dir='ltr'><strong>¹qualiacumque</strong></span> <span class='ocrx_word' id='word_1_537' title='bbox 1326 3320 1399 3382; x_wconf 88' lang='lat' dir='ltr'><strong>bona</strong></span> <span class='ocrx_word' id='word_1_538' title='bbox 1411 3332 1487 3393; x_wconf 88' lang='lat' dir='ltr'><strong>sunt,</strong></span> <span class='ocrx_word' id='word_1_539' title='bbox 1504 3321 1593 3382; x_wconf 91' lang='lat' dir='ltr'><strong>nihilo</strong></span> <span class='ocrx_word' id='word_1_540' title='bbox 1603 3321 1730 3401; x_wconf 91' lang='lat' dir='ltr'><strong>dempto,</strong></span> <span class='ocrx_word' id='word_1_541' title='bbox 1743 3342 1830 3401; x_wconf 89' lang='lat' dir='ltr'><strong>prae·</strong></span> 
     </span>
     <span class='ocr_line' id='line_1_92' title="bbox 1045 3421 1830 3504; baseline 0.001 -23"><span class='ocrx_word' id='word_1_542' title='bbox 1045 3424 1111 3484; x_wconf 80' lang='lat' dir='ltr'><strong>satis</strong></span> <span class='ocrx_word' id='word_1_543' title='bbox 1128 3434 1236 3503; x_wconf 86' lang='lat' dir='ltr'><strong>septem</strong></span> <span class='ocrx_word' id='word_1_544' title='bbox 1250 3421 1370 3482; x_wconf 89' lang='lat' dir='ltr'><strong>dominis</strong></span> <span class='ocrx_word' id='word_1_545' title='bbox 1384 3422 1535 3502; x_wconf 86' lang='lat' dir='ltr'><strong>deputatis,</strong></span> <span class='ocrx_word' id='word_1_546' title='bbox 1548 3423 1594 3482; x_wconf 89' lang='lat' dir='ltr'><strong>vel</strong></span> <span class='ocrx_word' id='word_1_547' title='bbox 1610 3422 1692 3482; x_wconf 88' lang='lat' dir='ltr'><strong>alteri</strong></span> <span class='ocrx_word' id='word_1_548' title='bbox 1705 3442 1739 3481; x_wconf 86' lang='lat' dir='ltr'><strong>ex</strong></span> <span class='ocrx_word' id='word_1_549' title='bbox 1754 3424 1830 3504; x_wconf 86' lang='lat' dir='ltr'><strong>ipsis.</strong></span> 
     </span>
     <span class='ocr_line' id='line_1_93' title="bbox 1045 3523 1677 3587; baseline -0.005 -1"><span class='ocrx_word' id='word_1_550' title='bbox 1045 3525 1131 3587; x_wconf 75' lang='lat' dir='ltr'><strong>Aliud</strong></span> <span class='ocrx_word' id='word_1_551' title='bbox 1151 3528 1223 3585; x_wconf 91' lang='lat' dir='ltr'><strong>inter</strong></span> <span class='ocrx_word' id='word_1_552' title='bbox 1244 3540 1296 3582; x_wconf 91' lang='lat' dir='ltr'><strong>nos</strong></span> <span class='ocrx_word' id='word_1_553' title='bbox 1316 3523 1424 3582; x_wconf 88' lang='lat' dir='ltr'><strong>iactam</strong></span> <span class='ocrx_word' id='word_1_554' title='bbox 1446 3534 1563 3583; x_wconf 76' lang='lat' dir='ltr'><strong>nonen</strong></span> <span class='ocrx_word' id='word_1_555' title='bbox 1585 3524 1677 3583; x_wconf 89' lang='lat' dir='ltr'><strong>hodie.</strong></span> 
     </span>
    </p>

    <p class='ocr_par' dir='ltr' id='par_1_30' title="bbox 1043 3623 1832 4006">
     <span class='ocr_line' id='line_1_94' title="bbox 1085 3623 1832 3703; baseline -0.004 -16"><span class='ocrx_word' id='word_1_556' title='bbox 1085 3627 1178 3687; x_wconf 84' lang='lat' dir='ltr'><strong>Finita</strong></span> <span class='ocrx_word' id='word_1_557' title='bbox 1197 3625 1430 3703; x_wconf 83' lang='lat' dir='ltr'><strong>congregatione,</strong></span> <span class='ocrx_word' id='word_1_558' title='bbox 1445 3625 1534 3702; x_wconf 91' lang='lat' dir='ltr'><strong>aliqui</strong></span> <span class='ocrx_word' id='word_1_559' title='bbox 1552 3645 1586 3685; x_wconf 86' lang='grc'><strong>11</strong></span> <span class='ocrx_word' id='word_1_560' title='bbox 1605 3623 1832 3703; x_wconf 70' lang='lat' dir='ltr'><strong>ipsis&#39;redierunt</strong></span> 
     </span>
     <span class='ocr_line' id='line_1_95' title="bbox 1045 3722 1830 3795; baseline -0.004 -9"><span class='ocrx_word' id='word_1_561' title='bbox 1045 3729 1072 3786; x_wconf 91' lang='lat' dir='ltr'><strong>in</strong></span> <span class='ocrx_word' id='word_1_562' title='bbox 1088 3744 1217 3787; x_wconf 86' lang='lat' dir='ltr'><strong>cameras</strong></span> <span class='ocrx_word' id='word_1_563' title='bbox 1235 3743 1312 3795; x_wconf 87' lang='lat' dir='ltr'><strong>suas,</strong></span> <span class='ocrx_word' id='word_1_564' title='bbox 1330 3724 1380 3783; x_wconf 89' lang='lat' dir='ltr'><strong>aiii</strong></span> <span class='ocrx_word' id='word_1_565' title='bbox 1394 3741 1461 3782; x_wconf 91' lang='lat' dir='ltr'><strong>cum</strong></span> <span class='ocrx_word' id='word_1_566' title='bbox 1480 3724 1544 3782; x_wconf 87' lang='lat' dir='ltr'><strong>aliis</strong></span> <span class='ocrx_word' id='word_1_567' title='bbox 1562 3723 1628 3783; x_wconf 91' lang='lat' dir='ltr'><strong>hinc</strong></span> <span class='ocrx_word' id='word_1_568' title='bbox 1647 3722 1710 3782; x_wconf 91' lang='lat' dir='ltr'><strong>inde</strong></span> <span class='ocrx_word' id='word_1_569' title='bbox 1730 3723 1830 3783; x_wconf 84' lang='lat' dir='ltr'><strong>denin-</strong></span> 
     </span>
     <span class='ocr_line' id='line_1_96' title="bbox 1043 3823 1830 3895; baseline 0.003 -10"><span class='ocrx_word' id='word_1_570' title='bbox 1043 3826 1172 3887; x_wconf 89' lang='lat' dir='ltr'><strong>bulantes</strong></span> <span class='ocrx_word' id='word_1_571' title='bbox 1193 3823 1462 3895; x_wconf 82' lang='lat' dir='ltr'><strong>confabulabantur,</strong></span> <span class='ocrx_word' id='word_1_572' title='bbox 1483 3824 1532 3884; x_wconf 90' lang='lat' dir='ltr'><strong>alii</strong></span> <span class='ocrx_word' id='word_1_573' title='bbox 1552 3824 1682 3884; x_wconf 85' lang='lat' dir='ltr'><strong>divinum</strong></span> <span class='ocrx_word' id='word_1_574' title='bbox 1704 3827 1830 3887; x_wconf 89' lang='lat' dir='ltr'><strong>alliciam</strong></span> 
     </span>
     <span class='ocr_line' id='line_1_97' title="bbox 1044 3925 1252 4006; baseline -0.01 -20"><span class='ocrx_word' id='word_1_575' title='bbox 1044 3925 1252 4006; x_wconf 82' lang='lat' dir='ltr'><strong>persolvebant.</strong></span> 
     </span>
    </p>

    <p class='ocr_par' dir='ltr' id='par_1_31' title="bbox 1042 4023 1832 4794">
     <span class='ocr_line' id='line_1_98' title="bbox 1084 4023 1831 4099; baseline 0.001 -14"><span class='ocrx_word' id='word_1_576' title='bbox 1084 4025 1192 4086; x_wconf 88' lang='lat' dir='ltr'><strong>Eadem</strong></span> <span class='ocrx_word' id='word_1_577' title='bbox 1207 4024 1263 4099; x_wconf 88' lang='lat' dir='ltr'><strong>die,</strong></span> <span class='ocrx_word' id='word_1_578' title='bbox 1280 4024 1359 4098; x_wconf 85' lang='lat' dir='ltr'><strong>eirca</strong></span> <span class='ocrx_word' id='word_1_579' title='bbox 1377 4023 1478 4084; x_wconf 88' lang='lat' dir='ltr'><strong>boram</strong></span> <span class='ocrx_word' id='word_1_580' title='bbox 1494 4043 1559 4086; x_wconf 85' lang='lat' dir='ltr'><strong>xxn</strong></span> <span class='ocrx_word' id='word_1_581' title='bbox 1574 4025 1722 4087; x_wconf 90' lang='lat' dir='ltr'><strong>redierunt</strong></span> <span class='ocrx_word' id='word_1_582' title='bbox 1736 4028 1831 4088; x_wconf 86' lang='lat' dir='ltr'><strong>servi-</strong></span> 
     </span>
     <span class='ocr_line' id='line_1_99' title="bbox 1043 4125 1832 4191; baseline 0.005 -5"><span class='ocrx_word' id='word_1_583' title='bbox 1043 4137 1120 4188; x_wconf 90' lang='lat' dir='ltr'><strong>tores</strong></span> <span class='ocrx_word' id='word_1_584' title='bbox 1136 4126 1332 4191; x_wconf 73' lang='lat' dir='ltr'><strong>cardinalium</strong></span> <span class='ocrx_word' id='word_1_585' title='bbox 1352 4125 1388 4185; x_wconf 87' lang='lat' dir='ltr'><strong>ad</strong></span> <span class='ocrx_word' id='word_1_586' title='bbox 1406 4127 1510 4186; x_wconf 91' lang='lat' dir='ltr'><strong>ostium</strong></span> <span class='ocrx_word' id='word_1_587' title='bbox 1531 4129 1676 4188; x_wconf 88' lang='lat' dir='ltr'><strong>conclavis</strong></span> <span class='ocrx_word' id='word_1_588' title='bbox 1696 4147 1764 4188; x_wconf 88' lang='lat' dir='ltr'><strong>cuin</strong></span> <span class='ocrx_word' id='word_1_589' title='bbox 1786 4130 1832 4190; x_wconf 92' lang='lat' dir='ltr'><strong>ci·</strong></span> 
     </span>
     <span class='ocr_line' id='line_1_100' title="bbox 1044 4227 1830 4307; baseline 0.004 -20"><span class='ocrx_word' id='word_1_590' title='bbox 1044 4227 1131 4289; x_wconf 90' lang='lat' dir='ltr'><strong>bariis</strong></span> <span class='ocrx_word' id='word_1_591' title='bbox 1149 4240 1178 4289; x_wconf 87' lang='lat' dir='ltr'><strong>ct</strong></span> <span class='ocrx_word' id='word_1_592' title='bbox 1196 4239 1266 4307; x_wconf 91' lang='lat' dir='ltr'><strong>potu</strong></span> <span class='ocrx_word' id='word_1_593' title='bbox 1287 4244 1341 4306; x_wconf 90' lang='lat' dir='ltr'><strong>pro</strong></span> <span class='ocrx_word' id='word_1_594' title='bbox 1357 4244 1466 4301; x_wconf 93' lang='lat' dir='ltr'><strong>coena,</strong></span> <span class='ocrx_word' id='word_1_595' title='bbox 1481 4227 1587 4304; x_wconf 88' lang='lat' dir='ltr'><strong>quibus</strong></span> <span class='ocrx_word' id='word_1_596' title='bbox 1605 4229 1830 4291; x_wconf 89' lang='lat' dir='ltr'><strong>restituebantur</strong></span> 
     </span>
     <span class='ocr_line' id='line_1_101' title="bbox 1045 4327 1830 4408; baseline 0.003 -20"><span class='ocrx_word' id='word_1_597' title='bbox 1045 4349 1113 4390; x_wconf 88' lang='lat' dir='ltr'><strong>vasa</strong></span> <span class='ocrx_word' id='word_1_598' title='bbox 1131 4339 1279 4407; x_wconf 88' lang='lat' dir='ltr'><strong>argentea,</strong></span> <span class='ocrx_word' id='word_1_599' title='bbox 1294 4346 1367 4404; x_wconf 90' lang='lat' dir='ltr'><strong>quae</strong></span> <span class='ocrx_word' id='word_1_600' title='bbox 1381 4344 1435 4407; x_wconf 91' lang='lat' dir='ltr'><strong>pro</strong></span> <span class='ocrx_word' id='word_1_601' title='bbox 1450 4327 1571 4407; x_wconf 88' lang='lat' dir='ltr'><strong>prandia</strong></span> <span class='ocrx_word' id='word_1_602' title='bbox 1590 4335 1815 4408; x_wconf 86' lang='lat' dir='ltr'><strong>apportaverant</strong></span> <span class='ocrx_word' id='word_1_603' title='bbox 1820 4354 1830 4404; x_wconf 81' lang='lat'>3</span> 
     </span>
     <span class='ocr_line' id='line_1_102' title="bbox 1043 4428 1831 4507; baseline 0.005 -20"><span class='ocrx_word' id='word_1_604' title='bbox 1043 4428 1106 4490; x_wconf 91' lang='lat' dir='ltr'><strong>dedi</strong></span> <span class='ocrx_word' id='word_1_605' title='bbox 1121 4441 1190 4490; x_wconf 91' lang='lat' dir='ltr'><strong>tunc</strong></span> <span class='ocrx_word' id='word_1_606' title='bbox 1206 4428 1308 4488; x_wconf 91' lang='lat' dir='ltr'><strong>horam</strong></span> <span class='ocrx_word' id='word_1_607' title='bbox 1326 4428 1456 4507; x_wconf 86' lang='lat' dir='ltr'><strong>singtilis,</strong></span> <span class='ocrx_word' id='word_1_608' title='bbox 1468 4430 1556 4507; x_wconf 92' lang='lat' dir='ltr'><strong>qnod,</strong></span> <span class='ocrx_word' id='word_1_609' title='bbox 1568 4432 1705 4492; x_wconf 91' lang='lat' dir='ltr'><strong>conclave</strong></span> <span class='ocrx_word' id='word_1_610' title='bbox 1727 4430 1831 4492; x_wconf 89' lang='lat' dir='ltr'><strong>buius·</strong></span> 
     </span>
     <span class='ocr_line' id='line_1_103' title="bbox 1042 4527 1829 4610; baseline 0.003 -21"><span class='ocrx_word' id='word_1_611' title='bbox 1042 4530 1117 4590; x_wconf 90' lang='lat' dir='ltr'><strong>modi</strong></span> <span class='ocrx_word' id='word_1_612' title='bbox 1145 4530 1288 4601; x_wconf 87' lang='lat' dir='ltr'><strong>durante,</strong></span> <span class='ocrx_word' id='word_1_613' title='bbox 1313 4527 1444 4607; x_wconf 90' lang='lat' dir='ltr'><strong>deinceps</strong></span> <span class='ocrx_word' id='word_1_614' title='bbox 1472 4530 1592 4610; x_wconf 89' lang='lat' dir='ltr'><strong>singulis</strong></span> <span class='ocrx_word' id='word_1_615' title='bbox 1618 4530 1716 4589; x_wconf 88' lang='lat' dir='ltr'><strong>diebus</strong></span> <span class='ocrx_word' id='word_1_616' title='bbox 1751 4532 1829 4591; x_wconf 93' lang='lat' dir='ltr'><strong>circa</strong></span> 
     </span>
     <span class='ocr_line' id='line_1_104' title="bbox 1042 4630 1829 4709; baseline 0.003 -19"><span class='ocrx_word' id='word_1_617' title='bbox 1042 4630 1144 4691; x_wconf 89' lang='lat' dir='ltr'><strong>boram</strong></span> <span class='ocrx_word' id='word_1_618' title='bbox 1169 4649 1233 4692; x_wconf 86' lang='lat' dir='ltr'><strong>xnn</strong></span> <span class='ocrx_word' id='word_1_619' title='bbox 1253 4647 1320 4690; x_wconf 85' lang='lat' dir='ltr'><strong>cuna</strong></span> <span class='ocrx_word' id='word_1_620' title='bbox 1346 4631 1485 4709; x_wconf 88' lang='lat' dir='ltr'><strong>prandio,</strong></span> <span class='ocrx_word' id='word_1_621' title='bbox 1503 4643 1533 4693; x_wconf 90' lang='lat' dir='ltr'><strong>et</strong></span> <span class='ocrx_word' id='word_1_622' title='bbox 1556 4632 1634 4693; x_wconf 90' lang='lat' dir='ltr'><strong>circa</strong></span> <span class='ocrx_word' id='word_1_623' title='bbox 1662 4649 1732 4693; x_wconf 82' lang='lat' dir='ltr'><strong>xxn</strong></span> <span class='ocrx_word' id='word_1_624' title='bbox 1761 4651 1829 4692; x_wconf 88' lang='lat' dir='ltr'><strong>cum</strong></span> 
     </span>
     <span class='ocr_line' id='line_1_105' title="bbox 1042 4730 1542 4794; baseline -0.002 -1"><span class='ocrx_word' id='word_1_625' title='bbox 1042 4751 1129 4793; x_wconf 91' lang='lat' dir='ltr'><strong>coena</strong></span> <span class='ocrx_word' id='word_1_626' title='bbox 1150 4730 1345 4794; x_wconf 89' lang='lat' dir='ltr'><strong>Cardinalium</strong></span> <span class='ocrx_word' id='word_1_627' title='bbox 1367 4730 1542 4793; x_wconf 89' lang='lat' dir='ltr'><strong>advenirent.</strong></span> 
     </span>
    </p>

    <p class='ocr_par' dir='ltr' id='par_1_32' title="bbox 1039 4833 1830 5416">
     <span class='ocr_line' id='line_1_106' title="bbox 1083 4833 1828 4912; baseline -0.005 -16"><span class='ocrx_word' id='word_1_628' title='bbox 1083 4834 1167 4896; x_wconf 88' lang='lat' dir='ltr'><strong>Feria</strong></span> <span class='ocrx_word' id='word_1_629' title='bbox 1185 4845 1265 4893; x_wconf 80' lang='lat' dir='ltr'><strong>saite</strong></span> <span class='ocrx_word' id='word_1_630' title='bbox 1280 4833 1383 4894; x_wconf 87' lang='lat' dir='ltr'><strong>mensis</strong></span> <span class='ocrx_word' id='word_1_631' title='bbox 1410 4835 1525 4912; x_wconf 86' lang='lat' dir='ltr'><strong>augusti</strong></span> <span class='ocrx_word' id='word_1_632' title='bbox 1544 4852 1657 4894; x_wconf 90' lang='lat' dir='ltr'><strong>summo</strong></span> <span class='ocrx_word' id='word_1_633' title='bbox 1680 4852 1762 4894; x_wconf 89' lang='lat' dir='ltr'><strong>mane</strong></span> <span class='ocrx_word' id='word_1_634' title='bbox 1792 4833 1828 4893; x_wconf 87' lang='lat' dir='ltr'><strong>B.</strong></span> 
     </span>
     <span class='ocr_line' id='line_1_107' title="bbox 1039 4934 1829 5014; baseline -0.003 -18"><span class='ocrx_word' id='word_1_635' title='bbox 1039 4936 1076 4996; x_wconf 89' lang='lat' dir='ltr'><strong>l).</strong></span> <span class='ocrx_word' id='word_1_636' title='bbox 1091 4935 1251 4997; x_wconf 81' lang='lat' dir='ltr'><strong>cardinalis</strong></span> <span class='ocrx_word' id='word_1_637' title='bbox 1267 4934 1364 4997; x_wconf 86' lang='lat' dir='ltr'><strong>Sancti</strong></span> <span class='ocrx_word' id='word_1_638' title='bbox 1380 4936 1471 4997; x_wconf 87' lang='lat' dir='ltr'><strong>blarei</strong></span> <span class='ocrx_word' id='word_1_639' title='bbox 1485 4936 1513 4995; x_wconf 90' lang='lat' dir='ltr'><strong>in</strong></span> <span class='ocrx_word' id='word_1_640' title='bbox 1528 4936 1620 4998; x_wconf 89' lang='lat' dir='ltr'><strong>altare</strong></span> <span class='ocrx_word' id='word_1_641' title='bbox 1632 4934 1735 5013; x_wconf 85' lang='lat' dir='ltr'><strong>majori</strong></span> <span class='ocrx_word' id='word_1_642' title='bbox 1756 4954 1829 5014; x_wconf 89' lang='lat' dir='ltr'><strong>par-</strong></span> 
     </span>
     <span class='ocr_line' id='line_1_108' title="bbox 1042 5038 1830 5118; baseline 0.003 -24"><span class='ocrx_word' id='word_1_643' title='bbox 1042 5055 1093 5096; x_wconf 86' lang='lat' dir='ltr'><strong>rae</strong></span> <span class='ocrx_word' id='word_1_644' title='bbox 1116 5038 1271 5117; x_wconf 89' lang='lat' dir='ltr'><strong>cappellae,</strong></span> <span class='ocrx_word' id='word_1_645' title='bbox 1295 5038 1450 5099; x_wconf 88' lang='lat' dir='ltr'><strong>celebravit</strong></span> <span class='ocrx_word' id='word_1_646' title='bbox 1470 5039 1583 5097; x_wconf 86' lang='lat' dir='ltr'><strong>missam</strong></span> <span class='ocrx_word' id='word_1_647' title='bbox 1603 5056 1658 5118; x_wconf 92' lang='lat' dir='ltr'><strong>pro</strong></span> <span class='ocrx_word' id='word_1_648' title='bbox 1677 5038 1830 5097; x_wconf 82' lang='lat' dir='ltr'><strong>devotione</strong></span> 
     </span>
     <span class='ocr_line' id='line_1_109' title="bbox 1040 5136 1829 5199; baseline 0.005 -4"><span class='ocrx_word' id='word_1_649' title='bbox 1040 5154 1090 5195; x_wconf 89' lang='lat' dir='ltr'><strong>sna</strong></span> <span class='ocrx_word' id='word_1_650' title='bbox 1103 5137 1286 5197; x_wconf 90' lang='lat' dir='ltr'><strong>ministranda</strong></span> <span class='ocrx_word' id='word_1_651' title='bbox 1300 5136 1352 5196; x_wconf 92' lang='lat' dir='ltr'><strong>sibi</strong></span> <span class='ocrx_word' id='word_1_652' title='bbox 1364 5155 1422 5197; x_wconf 84' lang='lat' dir='ltr'><strong>tino</strong></span> <span class='ocrx_word' id='word_1_653' title='bbox 1432 5156 1465 5197; x_wconf 87' lang='lat' dir='ltr'><strong>ex</strong></span> <span class='ocrx_word' id='word_1_654' title='bbox 1476 5138 1534 5196; x_wconf 91' lang='lat' dir='ltr'><strong>suis</strong></span> <span class='ocrx_word' id='word_1_655' title='bbox 1545 5138 1735 5198; x_wconf 75' lang='lat' dir='ltr'><strong>conclusistis.</strong></span> <span class='ocrx_word' id='word_1_656' title='bbox 1749 5137 1829 5199; x_wconf 90' lang='lat' dir='ltr'><strong>ldem</strong></span> 
     </span>
     <span class='ocr_line' id='line_1_110' title="bbox 1039 5236 1829 5317; baseline 0.006 -21"><span class='ocrx_word' id='word_1_657' title='bbox 1039 5238 1106 5299; x_wconf 85' lang='lat' dir='ltr'><strong>lecit</strong></span> <span class='ocrx_word' id='word_1_658' title='bbox 1126 5247 1188 5317; x_wconf 89' lang='lat' dir='ltr'><strong>post</strong></span> <span class='ocrx_word' id='word_1_659' title='bbox 1206 5254 1272 5296; x_wconf 90' lang='lat' dir='ltr'><strong>eum</strong></span> <span class='ocrx_word' id='word_1_660' title='bbox 1292 5237 1450 5296; x_wconf 89' lang='lat' dir='ltr'><strong>Cardinalis</strong></span> <span class='ocrx_word' id='word_1_661' title='bbox 1471 5236 1617 5313; x_wconf 73' lang='lat' dir='ltr'><strong>Agrlensis</strong></span> <span class='ocrx_word' id='word_1_662' title='bbox 1637 5251 1664 5300; x_wconf 91' lang='lat' dir='ltr'><strong>et</strong></span> <span class='ocrx_word' id='word_1_663' title='bbox 1691 5239 1829 5301; x_wconf 83' lang='lat' dir='ltr'><strong>blatisco-</strong></span> 
     </span>
     <span class='ocr_line' id='line_1_111' title="bbox 1040 5337 1828 5416; baseline 0.01 -22"><span class='ocrx_word' id='word_1_664' title='bbox 1040 5338 1148 5408; x_wconf 81' lang='lat' dir='ltr'><strong>iternis,</strong></span> <span class='ocrx_word' id='word_1_665' title='bbox 1170 5349 1196 5398; x_wconf 90' lang='lat' dir='ltr'><strong>et</strong></span> <span class='ocrx_word' id='word_1_666' title='bbox 1216 5337 1330 5416; x_wconf 89' lang='lat' dir='ltr'><strong>qnidam</strong></span> <span class='ocrx_word' id='word_1_667' title='bbox 1351 5340 1416 5410; x_wconf 82' lang='lat' dir='ltr'><strong>alii.</strong></span> <span class='ocrx_word' id='word_1_668' title='bbox 1437 5340 1458 5397; x_wconf 88' lang='lat' dir='ltr'><strong>si</strong></span> <span class='ocrx_word' id='word_1_669' title='bbox 1479 5340 1547 5400; x_wconf 87' lang='lat' dir='ltr'><strong>bane</strong></span> <span class='ocrx_word' id='word_1_670' title='bbox 1573 5344 1696 5404; x_wconf 87' lang='lat' dir='ltr'><strong>nienaini.</strong></span> <span class='ocrx_word' id='word_1_671' title='bbox 1721 5341 1828 5402; x_wconf 88' lang='lat' dir='ltr'><strong>Deinde</strong></span> 
     </span>
    </p>
   </div>
   <div class='ocr_carea' id='block_1_16' title="bbox 0 0 1894 6030">
    <p class='ocr_par' dir='ltr' id='par_1_33' title="bbox 0 0 1894 6030">
     <span class='ocr_line' id='line_1_112' title="bbox 0 0 1894 6030; baseline 0 0"><span class='ocrx_word' id='word_1_672' title='bbox 0 0 1894 6030; x_wconf 95' lang='lat' dir='ltr'><strong> </strong></span> 
     </span>
    </p>
   </div>
  </div>
 </body>
</html>
