<?xml version="1.0" encoding="UTF-8"?>
<!DOCTYPE html PUBLIC "-//W3C//DTD XHTML 1.0 Transitional//EN"
    "http://www.w3.org/TR/xhtml1/DTD/xhtml1-transitional.dtd">
<html xmlns="http://www.w3.org/1999/xhtml" xml:lang="en" lang="en">
 <head>
  <title>
</title>
<meta http-equiv="Content-Type" content="text/html;charset=utf-8" />
  <meta name='ocr-system' content='tesseract 3.04.00' />
  <meta name='ocr-capabilities' content='ocr_page ocr_carea ocr_par ocr_line ocrx_word'/>
</head>
<body>
  <div class='ocr_page' id='page_1' title='image "./johannisburchar00genngoog/johannisburchar00genngoog_0315.png"; bbox 0 0 3758 6030; ppageno 0'>
   <div class='ocr_carea' id='block_1_1' title="bbox 173 230 964 445">
    <p class='ocr_par' dir='ltr' id='par_1_1' title="bbox 173 230 964 445">
     <span class='ocr_line' id='line_1_1' title="bbox 173 230 235 292; baseline -0.032 0"><span class='ocrx_word' id='word_1_1' title='bbox 173 230 235 292; x_wconf 72' lang='lat'>802</span> 
     </span>
     <span class='ocr_line' id='line_1_2' title="bbox 176 360 964 445; baseline 0 -21"><span class='ocrx_word' id='word_1_2' title='bbox 176 365 258 445; x_wconf 87' lang='lat' dir='ltr'>prius</span> <span class='ocrx_word' id='word_1_3' title='bbox 280 363 354 443; x_wconf 86' lang='lat' dir='ltr'>Regi</span> <span class='ocrx_word' id='word_1_4' title='bbox 376 361 539 423; x_wconf 74' lang='lat' dir='ltr'>reuerentia</span> <span class='ocrx_word' id='word_1_5' title='bbox 561 361 648 434; x_wconf 83' lang='lat' dir='ltr'>laeta,</span> <span class='ocrx_word' id='word_1_6' title='bbox 668 360 706 422; x_wconf 90' lang='lat' dir='ltr'>ad</span> <span class='ocrx_word' id='word_1_7' title='bbox 720 378 806 421; x_wconf 88' lang='lat' dir='ltr'>suum</span> <span class='ocrx_word' id='word_1_8' title='bbox 829 361 964 424; x_wconf 75' lang='lat' dir='ltr'>faldisto-</span> 
     </span>
    </p>
   </div>
   <div class='ocr_carea' id='block_1_2' title="bbox 661 192 1344 289">
    <p class='ocr_par' dir='ltr' id='par_1_2' title="bbox 661 192 1344 289">
     <span class='ocr_line' id='line_1_3' title="bbox 661 192 1344 289; baseline 0.006 -8"><span class='ocrx_word' id='word_1_9' title='bbox 661 192 949 289; x_wconf 80' lang='lat' dir='ltr'>ronrnuo&#39;lrus</span> <span class='ocrx_word' id='word_1_10' title='bbox 970 220 1197 287; x_wconf 75' lang='lat' dir='ltr'>ansuinum</span> <span class='ocrx_word' id='word_1_11' title='bbox 1218 221 1344 286; x_wconf 85' lang='lat' dir='ltr'>snxrr.</span> 
     </span>
    </p>
   </div>
   <div class='ocr_carea' id='block_1_3' title="bbox 1713 223 1819 313">
    <p class='ocr_par' dir='ltr' id='par_1_3' title="bbox 1713 223 1819 313">
     <span class='ocr_line' id='line_1_4' title="bbox 1713 223 1819 313; baseline 0.028 -26"><span class='ocrx_word' id='word_1_12' title='bbox 1713 223 1819 313; x_wconf 72' lang='lat' dir='ltr'>(raon</span> 
     </span>
    </p>
   </div>
   <div class='ocr_carea' id='block_1_4' title="bbox 1029 359 1819 439">
    <p class='ocr_par' dir='ltr' id='par_1_4' title="bbox 1029 359 1819 439">
     <span class='ocr_line' id='line_1_5' title="bbox 1029 359 1819 439; baseline 0.003 -18"><span class='ocrx_word' id='word_1_13' title='bbox 1029 378 1093 421; x_wconf 89' lang='lat' dir='ltr'>ram</span> <span class='ocrx_word' id='word_1_14' title='bbox 1114 378 1149 421; x_wconf 89' lang='lat' dir='ltr'>eo</span> <span class='ocrx_word' id='word_1_15' title='bbox 1169 359 1345 439; x_wconf 81' lang='lat' dir='ltr'>genuflectit,</span> <span class='ocrx_word' id='word_1_16' title='bbox 1366 370 1395 420; x_wconf 93' lang='lat' dir='ltr'>et</span> <span class='ocrx_word' id='word_1_17' title='bbox 1415 359 1506 421; x_wconf 76' lang='lat' dir='ltr'>diotae</span> <span class='ocrx_word' id='word_1_18' title='bbox 1520 376 1580 422; x_wconf 72' lang='grc' dir='ltr'><strong>ιιι.</strong></span> <span class='ocrx_word' id='word_1_19' title='bbox 1603 359 1742 422; x_wconf 72' lang='lat' dir='ltr'>medalius</span> <span class='ocrx_word' id='word_1_20' title='bbox 1758 362 1819 423; x_wconf 79' lang='lat' dir='ltr'>lo·</span> 
     </span>
    </p>
   </div>
   <div class='ocr_carea' id='block_1_5' title="bbox 176 461 1816 538">
    <p class='ocr_par' dir='ltr' id='par_1_5' title="bbox 176 461 1816 538">
     <span class='ocr_line' id='line_1_6' title="bbox 176 461 1816 538; baseline 0.001 -16"><span class='ocrx_word' id='word_1_21' title='bbox 176 465 276 535; x_wconf 92' lang='lat' dir='ltr'>rium,</span> <span class='ocrx_word' id='word_1_22' title='bbox 310 472 339 524; x_wconf 91' lang='lat' dir='ltr'>et</span> <span class='ocrx_word' id='word_1_23' title='bbox 361 462 402 521; x_wconf 92' lang='lat' dir='ltr'>illi</span> <span class='ocrx_word' id='word_1_24' title='bbox 424 461 460 520; x_wconf 90' lang='lat' dir='ltr'>ud</span> <span class='ocrx_word' id='word_1_25' title='bbox 484 479 537 520; x_wconf 86' lang='lat' dir='ltr'>uua</span> <span class='ocrx_word' id='word_1_26' title='bbox 558 479 673 522; x_wconf 78' lang='lat' dir='ltr'>marnoa</span> <span class='ocrx_word' id='word_1_27' title='bbox 688 483 699 536; x_wconf 79' lang='lat'>3</span> <span class='ocrx_word' id='word_1_28' title='bbox 717 472 747 523; x_wconf 90' lang='lat' dir='ltr'>et</span> <span class='ocrx_word' id='word_1_29' title='bbox 764 474 898 523; x_wconf 88' lang='lat' dir='ltr'>cantores</span> <span class='ocrx_word' id='word_1_30' title='bbox 918 461 965 522; x_wconf 80' lang='lat' dir='ltr'>dl-</span> <span class='ocrx_word' id='word_1_31' title='bbox 1028 470 1097 538; x_wconf 86' lang='lat' dir='ltr'>gato</span> <span class='ocrx_word' id='word_1_32' title='bbox 1132 461 1161 520; x_wconf 92' lang='lat' dir='ltr'>in</span> <span class='ocrx_word' id='word_1_33' title='bbox 1192 477 1309 519; x_wconf 80' lang='lat' dir='ltr'>munitm</span> <span class='ocrx_word' id='word_1_34' title='bbox 1341 461 1472 521; x_wconf 90' lang='lat' dir='ltr'>dextram</span> <span class='ocrx_word' id='word_1_35' title='bbox 1502 461 1606 533; x_wconf 86' lang='lat' dir='ltr'>odert,</span> <span class='ocrx_word' id='word_1_36' title='bbox 1637 473 1668 523; x_wconf 89' lang='lat' dir='ltr'>et</span> <span class='ocrx_word' id='word_1_37' title='bbox 1699 481 1816 523; x_wconf 88' lang='lat' dir='ltr'>manum</span> 
     </span>
    </p>
   </div>
   <div class='ocr_carea' id='block_1_6' title="bbox 177 559 964 638">
    <p class='ocr_par' dir='ltr' id='par_1_6' title="bbox 177 559 964 638">
     <span class='ocr_line' id='line_1_7' title="bbox 177 559 964 638; baseline -0.001 -16"><span class='ocrx_word' id='word_1_38' title='bbox 177 572 247 622; x_wconf 80' lang='lat' dir='ltr'>cum</span> <span class='ocrx_word' id='word_1_39' title='bbox 267 560 426 621; x_wconf 85' lang='lat' dir='ltr'>seeundum</span> <span class='ocrx_word' id='word_1_40' title='bbox 449 559 592 638; x_wconf 71' lang='lat' dir='ltr'>hymnum</span> <span class='ocrx_word' id='word_1_41' title='bbox 614 578 681 619; x_wconf 78' lang='lat' dir='ltr'>curn</span> <span class='ocrx_word' id='word_1_42' title='bbox 696 579 750 620; x_wconf 84' lang='lat' dir='ltr'>suo</span> <span class='ocrx_word' id='word_1_43' title='bbox 764 581 863 633; x_wconf 87' lang='lat' dir='ltr'>uersu,</span> <span class='ocrx_word' id='word_1_44' title='bbox 884 561 964 622; x_wconf 80' lang='lat' dir='ltr'>Veni</span> 
     </span>
    </p>
   </div>
   <div class='ocr_carea' id='block_1_7' title="bbox 1030 560 1818 641">
    <p class='ocr_par' dir='ltr' id='par_1_7' title="bbox 1030 560 1818 641">
     <span class='ocr_line' id='line_1_8' title="bbox 1030 560 1818 641; baseline 0.009 -24"><span class='ocrx_word' id='word_1_45' title='bbox 1030 560 1121 639; x_wconf 87' lang='lat' dir='ltr'>ipsam</span> <span class='ocrx_word' id='word_1_46' title='bbox 1142 560 1300 627; x_wconf 83' lang='lat' dir='ltr'>osculatur.</span> <span class='ocrx_word' id='word_1_47' title='bbox 1313 561 1367 622; x_wconf 84' lang='lat' dir='ltr'>eut</span> <span class='ocrx_word' id='word_1_48' title='bbox 1380 560 1509 640; x_wconf 78' lang='lat' dir='ltr'>Regulus</span> <span class='ocrx_word' id='word_1_49' title='bbox 1530 564 1711 641; x_wconf 88' lang='lat' dir='ltr'>centuplum</span> <span class='ocrx_word' id='word_1_50' title='bbox 1731 565 1818 624; x_wconf 86' lang='lat' dir='ltr'>acci·</span> 
     </span>
    </p>
   </div>
   <div class='ocr_carea' id='block_1_8' title="bbox 120 659 1818 741">
    <p class='ocr_par' dir='ltr' id='par_1_8' title="bbox 120 659 1818 741">
     <span class='ocr_line' id='line_1_9' title="bbox 120 659 1818 741; baseline 0.002 -21"><span class='ocrx_word' id='word_1_51' title='bbox 120 702 122 706; x_wconf 89' lang='lat'><em>-</em></span> <span class='ocrx_word' id='word_1_52' title='bbox 178 661 294 721; x_wconf 79' lang='lat' dir='ltr'>Sancte</span> <span class='ocrx_word' id='word_1_53' title='bbox 326 660 485 738; x_wconf 69' lang='lat' dir='ltr'>Spiritum</span> <span class='ocrx_word' id='word_1_54' title='bbox 516 661 552 719; x_wconf 92' lang='lat' dir='ltr'>ud</span> <span class='ocrx_word' id='word_1_55' title='bbox 585 679 672 738; x_wconf 90' lang='lat' dir='ltr'>quem</span> <span class='ocrx_word' id='word_1_56' title='bbox 698 659 828 740; x_wconf 63' lang='lat' dir='ltr'>laegatus</span> <span class='ocrx_word' id='word_1_57' title='bbox 860 663 890 721; x_wconf 90' lang='lat' dir='ltr'>in</span> <span class='ocrx_word' id='word_1_58' title='bbox 911 679 964 721; x_wconf 92' lang='lat' dir='ltr'>suo</span> <span class='ocrx_word' id='word_1_59' title='bbox 1027 660 1096 740; x_wconf 83' lang='lat' dir='ltr'>pies</span> <span class='ocrx_word' id='word_1_60' title='bbox 1110 670 1140 720; x_wconf 88' lang='lat' dir='ltr'>et</span> <span class='ocrx_word' id='word_1_61' title='bbox 1156 661 1252 720; x_wconf 75' lang='lat' dir='ltr'>vitoni</span> <span class='ocrx_word' id='word_1_62' title='bbox 1265 672 1423 722; x_wconf 84' lang='lat' dir='ltr'>oeternum</span> <span class='ocrx_word' id='word_1_63' title='bbox 1436 663 1624 740; x_wconf 69' lang='lat' dir='ltr'>possidebis.</span> <span class='ocrx_word' id='word_1_64' title='bbox 1641 662 1748 741; x_wconf 80' lang='lat' dir='ltr'>Surgit</span> <span class='ocrx_word' id='word_1_65' title='bbox 1760 663 1818 724; x_wconf 83' lang='lat' dir='ltr'>Rex</span> 
     </span>
    </p>
   </div>
   <div class='ocr_carea' id='block_1_9' title="bbox 169 759 966 4981">
    <p class='ocr_par' dir='ltr' id='par_1_9' title="bbox 177 759 966 2152">
     <span class='ocr_line' id='line_1_10' title="bbox 178 759 964 841; baseline -0.003 -20"><span class='ocrx_word' id='word_1_66' title='bbox 178 761 348 832; x_wconf 81' lang='lat' dir='ltr'>faldistoria,</span> <span class='ocrx_word' id='word_1_67' title='bbox 370 772 398 820; x_wconf 90' lang='lat' dir='ltr'>et</span> <span class='ocrx_word' id='word_1_68' title='bbox 412 759 483 833; x_wconf 77' lang='lat' dir='ltr'>Rea,</span> <span class='ocrx_word' id='word_1_69' title='bbox 499 761 635 840; x_wconf 86' lang='lat' dir='ltr'>depositis</span> <span class='ocrx_word' id='word_1_70' title='bbox 651 780 770 834; x_wconf 92' lang='lat' dir='ltr'>corona,</span> <span class='ocrx_word' id='word_1_71' title='bbox 792 773 917 841; x_wconf 88' lang='lat' dir='ltr'>seeptro,</span> <span class='ocrx_word' id='word_1_72' title='bbox 935 772 964 820; x_wconf 87' lang='lat' dir='ltr'>et</span> 
     </span>
     <span class='ocr_line' id='line_1_11' title="bbox 179 861 963 942; baseline -0.004 -21"><span class='ocrx_word' id='word_1_73' title='bbox 179 881 267 942; x_wconf 78' lang='lat' dir='ltr'>ponto</span> <span class='ocrx_word' id='word_1_74' title='bbox 289 862 317 920; x_wconf 90' lang='lat' dir='ltr'>in</span> <span class='ocrx_word' id='word_1_75' title='bbox 339 880 392 920; x_wconf 93' lang='lat' dir='ltr'>suo</span> <span class='ocrx_word' id='word_1_76' title='bbox 412 861 521 932; x_wconf 83' lang='lat' dir='ltr'>sedicit,</span> <span class='ocrx_word' id='word_1_77' title='bbox 542 873 570 922; x_wconf 91' lang='lat' dir='ltr'>et</span> <span class='ocrx_word' id='word_1_78' title='bbox 592 863 712 941; x_wconf 87' lang='lat' dir='ltr'>praelati</span> <span class='ocrx_word' id='word_1_79' title='bbox 728 862 757 922; x_wconf 89' lang='lat' dir='ltr'>in</span> <span class='ocrx_word' id='word_1_80' title='bbox 779 863 880 922; x_wconf 76' lang='lat' dir='ltr'>huticis</span> <span class='ocrx_word' id='word_1_81' title='bbox 893 861 963 932; x_wconf 85' lang='lat' dir='ltr'>suis,</span> 
     </span>
     <span class='ocr_line' id='line_1_12' title="bbox 178 959 964 1042; baseline -0.006 -18"><span class='ocrx_word' id='word_1_82' title='bbox 178 981 278 1024; x_wconf 88' lang='lat' dir='ltr'>omnes</span> <span class='ocrx_word' id='word_1_83' title='bbox 296 961 413 1022; x_wconf 85' lang='lat' dir='ltr'>detectis</span> <span class='ocrx_word' id='word_1_84' title='bbox 432 962 574 1041; x_wconf 73' lang='lat' dir='ltr'><strong>capitibus</strong></span> <span class='ocrx_word' id='word_1_85' title='bbox 595 963 803 1042; x_wconf 81' lang='lat' dir='ltr'>genuflectunt.</span> <span class='ocrx_word' id='word_1_86' title='bbox 821 962 896 1041; x_wconf 86' lang='lat' dir='ltr'>Regi</span> <span class='ocrx_word' id='word_1_87' title='bbox 911 959 964 1019; x_wconf 91' lang='lat' dir='ltr'>dc·</span> 
     </span>
     <span class='ocr_line' id='line_1_13' title="bbox 179 1059 964 1141; baseline 0 -19"><span class='ocrx_word' id='word_1_88' title='bbox 179 1066 298 1140; x_wconf 89' lang='lat' dir='ltr'>ponitur</span> <span class='ocrx_word' id='word_1_89' title='bbox 329 1080 439 1123; x_wconf 90' lang='lat' dir='ltr'>corona</span> <span class='ocrx_word' id='word_1_90' title='bbox 467 1081 519 1141; x_wconf 89' lang='lat' dir='ltr'>per</span> <span class='ocrx_word' id='word_1_91' title='bbox 550 1064 615 1124; x_wconf 78' lang='lat' dir='ltr'>lion</span> <span class='ocrx_word' id='word_1_92' title='bbox 652 1064 857 1136; x_wconf 86' lang='lat' dir='ltr'>Friderieum,</span> <span class='ocrx_word' id='word_1_93' title='bbox 877 1072 907 1121; x_wconf 88' lang='lat' dir='ltr'>et</span> <span class='ocrx_word' id='word_1_94' title='bbox 926 1059 964 1122; x_wconf 83' lang='lat' dir='ltr'>D.</span> 
     </span>
     <span class='ocr_line' id='line_1_14' title="bbox 180 1163 965 1241; baseline -0.004 -18"><span class='ocrx_word' id='word_1_95' title='bbox 180 1163 286 1224; x_wconf 86' lang='lat' dir='ltr'>Gentili</span> <span class='ocrx_word' id='word_1_96' title='bbox 308 1164 440 1241; x_wconf 78' lang='lat' dir='ltr'>tir-ginta</span> <span class='ocrx_word' id='word_1_97' title='bbox 463 1163 571 1225; x_wconf 82' lang='lat' dir='ltr'>Ursino</span> <span class='ocrx_word' id='word_1_98' title='bbox 590 1165 709 1225; x_wconf 88' lang='lat' dir='ltr'>tenenda</span> <span class='ocrx_word' id='word_1_99' title='bbox 725 1165 863 1237; x_wconf 68' lang='lat' dir='ltr'>traditum</span> <span class='ocrx_word' id='word_1_100' title='bbox 884 1163 965 1221; x_wconf 59' lang='lat' dir='ltr'>simis</span> 
     </span>
     <span class='ocr_line' id='line_1_15' title="bbox 178 1262 964 1343; baseline 0.001 -21"><span class='ocrx_word' id='word_1_101' title='bbox 178 1262 245 1323; x_wconf 90' lang='lat' dir='ltr'>liter</span> <span class='ocrx_word' id='word_1_102' title='bbox 265 1274 436 1343; x_wconf 74' lang='lat' dir='ltr'><strong>sceptrum,</strong></span> <span class='ocrx_word' id='word_1_103' title='bbox 468 1276 497 1326; x_wconf 88' lang='lat' dir='ltr'>et</span> <span class='ocrx_word' id='word_1_104' title='bbox 518 1265 583 1326; x_wconf 85' lang='lat' dir='ltr'>Dan</span> <span class='ocrx_word' id='word_1_105' title='bbox 615 1266 728 1328; x_wconf 86' lang='lat' dir='ltr'>Jolrido</span> <span class='ocrx_word' id='word_1_106' title='bbox 761 1266 909 1335; x_wconf 89' lang='lat' dir='ltr'>traditur,</span> <span class='ocrx_word' id='word_1_107' title='bbox 930 1279 964 1323; x_wconf 90' lang='lat' dir='ltr'>ac</span> 
     </span>
     <span class='ocr_line' id='line_1_16' title="bbox 179 1365 965 1447; baseline -0.001 -24"><span class='ocrx_word' id='word_1_108' title='bbox 179 1383 300 1442; x_wconf 92' lang='lat' dir='ltr'>pomum</span> <span class='ocrx_word' id='word_1_109' title='bbox 321 1376 350 1426; x_wconf 87' lang='lat' dir='ltr'>ct</span> <span class='ocrx_word' id='word_1_110' title='bbox 381 1365 446 1425; x_wconf 87' lang='lat' dir='ltr'>Don</span> <span class='ocrx_word' id='word_1_111' title='bbox 478 1369 606 1429; x_wconf 88' lang='lat' dir='ltr'>Renrieo</span> <span class='ocrx_word' id='word_1_112' title='bbox 636 1369 823 1447; x_wconf 86' lang='lat' dir='ltr'>assignatur,</span> <span class='ocrx_word' id='word_1_113' title='bbox 853 1377 883 1427; x_wconf 89' lang='lat' dir='ltr'>et</span> <span class='ocrx_word' id='word_1_114' title='bbox 910 1382 965 1423; x_wconf 85' lang='lat' dir='ltr'>sun</span> 
     </span>
     <span class='ocr_line' id='line_1_17' title="bbox 178 1464 964 1546; baseline -0.008 -20"><span class='ocrx_word' id='word_1_115' title='bbox 178 1477 310 1545; x_wconf 88' lang='lat' dir='ltr'>tempore</span> <span class='ocrx_word' id='word_1_116' title='bbox 336 1486 388 1546; x_wconf 89' lang='lat' dir='ltr'>per</span> <span class='ocrx_word' id='word_1_117' title='bbox 420 1469 554 1529; x_wconf 87' lang='lat' dir='ltr'>eumdem</span> <span class='ocrx_word' id='word_1_118' title='bbox 577 1469 641 1529; x_wconf 85' lang='lat' dir='ltr'>Dan</span> <span class='ocrx_word' id='word_1_119' title='bbox 663 1468 847 1529; x_wconf 83' lang='lat' dir='ltr'>Fridericum</span> <span class='ocrx_word' id='word_1_120' title='bbox 869 1464 964 1525; x_wconf 91' lang='lat' dir='ltr'>omnia</span> 
     </span>
     <span class='ocr_line' id='line_1_18' title="bbox 178 1564 964 1647; baseline 0.004 -23"><span class='ocrx_word' id='word_1_121' title='bbox 178 1565 253 1645; x_wconf 90' lang='lat' dir='ltr'>Regi</span> <span class='ocrx_word' id='word_1_122' title='bbox 274 1579 479 1646; x_wconf 89' lang='lat' dir='ltr'>reponuntur;</span> <span class='ocrx_word' id='word_1_123' title='bbox 500 1578 529 1629; x_wconf 89' lang='lat' dir='ltr'>et</span> <span class='ocrx_word' id='word_1_124' title='bbox 562 1569 677 1646; x_wconf 84' lang='lat' dir='ltr'>quando</span> <span class='ocrx_word' id='word_1_125' title='bbox 706 1579 750 1628; x_wconf 86' lang='lat' dir='ltr'>cst</span> <span class='ocrx_word' id='word_1_126' title='bbox 781 1586 832 1647; x_wconf 90' lang='lat' dir='ltr'>per</span> <span class='ocrx_word' id='word_1_127' title='bbox 854 1564 964 1643; x_wconf 80' lang='lat' dir='ltr'>Regum</span> 
     </span>
     <span class='ocr_line' id='line_1_19' title="bbox 177 1665 965 1748; baseline 0.009 -24"><span class='ocrx_word' id='word_1_128' title='bbox 177 1665 305 1727; x_wconf 81' lang='lat' dir='ltr'>iacienda</span> <span class='ocrx_word' id='word_1_129' title='bbox 327 1668 510 1746; x_wconf 82' lang='lat' dir='ltr'>genuflexio,</span> <span class='ocrx_word' id='word_1_130' title='bbox 532 1688 588 1730; x_wconf 91' lang='lat' dir='ltr'>non</span> <span class='ocrx_word' id='word_1_131' title='bbox 609 1670 711 1730; x_wconf 88' lang='lat' dir='ltr'>debent</span> <span class='ocrx_word' id='word_1_132' title='bbox 740 1670 822 1748; x_wconf 89' lang='lat' dir='ltr'>prius</span> <span class='ocrx_word' id='word_1_133' title='bbox 850 1686 879 1746; x_wconf 83' lang='lat' dir='ltr'>p.</span> <span class='ocrx_word' id='word_1_134' title='bbox 911 1665 965 1724; x_wconf 78' lang='lat' dir='ltr'>sibi</span> 
     </span>
     <span class='ocr_line' id='line_1_20' title="bbox 179 1763 964 1850; baseline 0.008 -27"><span class='ocrx_word' id='word_1_135' title='bbox 179 1763 279 1845; x_wconf 82' lang='lat' dir='ltr'>deponi</span> <span class='ocrx_word' id='word_1_136' title='bbox 297 1769 434 1845; x_wconf 87' lang='lat' dir='ltr'>quonium</span> <span class='ocrx_word' id='word_1_137' title='bbox 453 1769 515 1829; x_wconf 83' lang='lat' dir='ltr'>Rex</span> <span class='ocrx_word' id='word_1_138' title='bbox 534 1771 571 1828; x_wconf 87' lang='lat' dir='ltr'>sit</span> <span class='ocrx_word' id='word_1_139' title='bbox 589 1771 666 1850; x_wconf 85' lang='lat' dir='ltr'>apud</span> <span class='ocrx_word' id='word_1_140' title='bbox 686 1771 790 1832; x_wconf 87' lang='lat' dir='ltr'>sediule</span> <span class='ocrx_word' id='word_1_141' title='bbox 811 1780 839 1828; x_wconf 91' lang='lat' dir='ltr'>et</span> <span class='ocrx_word' id='word_1_142' title='bbox 860 1768 964 1829; x_wconf 83' lang='lat' dir='ltr'>ibidem</span> 
     </span>
     <span class='ocr_line' id='line_1_21' title="bbox 177 1864 963 1951; baseline 0.009 -28"><span class='ocrx_word' id='word_1_143' title='bbox 177 1864 276 1926; x_wconf 86' lang='lat' dir='ltr'>deinde</span> <span class='ocrx_word' id='word_1_144' title='bbox 298 1878 452 1946; x_wconf 87' lang='lat' dir='ltr'>antequam</span> <span class='ocrx_word' id='word_1_145' title='bbox 487 1871 604 1931; x_wconf 79' lang='lat' dir='ltr'>recedat</span> <span class='ocrx_word' id='word_1_146' title='bbox 624 1871 743 1951; x_wconf 82' lang='lat' dir='ltr'>reponi:</span> <span class='ocrx_word' id='word_1_147' title='bbox 766 1869 849 1930; x_wconf 84' lang='lat' dir='ltr'>duito</span> <span class='ocrx_word' id='word_1_148' title='bbox 876 1888 963 1930; x_wconf 83' lang='lat' dir='ltr'>versu</span> 
     </span>
     <span class='ocr_line' id='line_1_22' title="bbox 177 1968 966 2049; baseline 0.013 -24"><span class='ocrx_word' id='word_1_149' title='bbox 177 1968 327 2044; x_wconf 90' lang='lat' dir='ltr'>praedicto</span> <span class='ocrx_word' id='word_1_150' title='bbox 359 1981 487 2049; x_wconf 87' lang='lat' dir='ltr'>surgunt</span> <span class='ocrx_word' id='word_1_151' title='bbox 506 1991 604 2033; x_wconf 90' lang='lat' dir='ltr'>ornnes</span> <span class='ocrx_word' id='word_1_152' title='bbox 636 1984 665 2033; x_wconf 90' lang='lat' dir='ltr'>et</span> <span class='ocrx_word' id='word_1_153' title='bbox 687 1973 714 2033; x_wconf 91' lang='lat' dir='ltr'>in</span> <span class='ocrx_word' id='word_1_154' title='bbox 747 1975 807 2034; x_wconf 89' lang='lat' dir='ltr'>suis</span> <span class='ocrx_word' id='word_1_155' title='bbox 827 1975 900 2035; x_wconf 88' lang='lat' dir='ltr'>locis</span> <span class='ocrx_word' id='word_1_156' title='bbox 920 1993 966 2035; x_wconf 84' lang='lat' dir='ltr'>se-</span> 
     </span>
     <span class='ocr_line' id='line_1_23' title="bbox 178 2066 797 2152; baseline 0.015 -28"><span class='ocrx_word' id='word_1_157' title='bbox 178 2066 246 2127; x_wconf 89' lang='lat' dir='ltr'>dent</span> <span class='ocrx_word' id='word_1_158' title='bbox 264 2087 416 2148; x_wconf 83' lang='lat' dir='ltr'>quousque</span> <span class='ocrx_word' id='word_1_159' title='bbox 437 2071 627 2150; x_wconf 81' lang='lat' dir='ltr'>Euangelium</span> <span class='ocrx_word' id='word_1_160' title='bbox 649 2072 797 2152; x_wconf 88' lang='lat' dir='ltr'>incipitur.</span> 
     </span>
    </p>

    <p class='ocr_par' dir='ltr' id='par_1_10' title="bbox 175 2166 963 2432">
     <span class='ocr_line' id='line_1_24' title="bbox 219 2166 963 2255; baseline 0.013 -31"><span class='ocrx_word' id='word_1_161' title='bbox 219 2166 365 2230; x_wconf 89' lang='lat' dir='ltr'>Diaconus</span> <span class='ocrx_word' id='word_1_162' title='bbox 381 2172 449 2233; x_wconf 90' lang='lat' dir='ltr'>diclt</span> <span class='ocrx_word' id='word_1_163' title='bbox 464 2175 579 2236; x_wconf 77' lang='lat' dir='ltr'>Mundo</span> <span class='ocrx_word' id='word_1_164' title='bbox 601 2187 668 2248; x_wconf 81' lang='lat' dir='ltr'>etc,</span> <span class='ocrx_word' id='word_1_165' title='bbox 689 2174 818 2255; x_wconf 82' lang='lat' dir='ltr'>Legatos</span> <span class='ocrx_word' id='word_1_166' title='bbox 839 2175 963 2255; x_wconf 89' lang='lat' dir='ltr'>imponit</span> 
     </span>
     <span class='ocr_line' id='line_1_25' title="bbox 176 2268 963 2351; baseline 0.015 -26"><span class='ocrx_word' id='word_1_167' title='bbox 176 2268 345 2344; x_wconf 90' lang='lat' dir='ltr'>incensum,</span> <span class='ocrx_word' id='word_1_168' title='bbox 378 2272 518 2335; x_wconf 80' lang='lat' dir='ltr'>benedicit</span> <span class='ocrx_word' id='word_1_169' title='bbox 539 2276 742 2351; x_wconf 87' lang='lat' dir='ltr'>subdiacono,</span> <span class='ocrx_word' id='word_1_170' title='bbox 764 2288 794 2339; x_wconf 89' lang='lat' dir='ltr'>et</span> <span class='ocrx_word' id='word_1_171' title='bbox 810 2278 867 2337; x_wconf 88' lang='lat' dir='ltr'>alia</span> <span class='ocrx_word' id='word_1_172' title='bbox 890 2276 963 2337; x_wconf 87' lang='lat' dir='ltr'>fiunt</span> 
     </span>
     <span class='ocr_line' id='line_1_26' title="bbox 175 2372 375 2432; baseline 0.02 -4"><span class='ocrx_word' id='word_1_173' title='bbox 175 2388 257 2429; x_wconf 90' lang='lat' dir='ltr'>more</span> <span class='ocrx_word' id='word_1_174' title='bbox 278 2372 375 2432; x_wconf 85' lang='lat' dir='ltr'>solito.</span> 
     </span>
    </p>

    <p class='ocr_par' dir='ltr' id='par_1_11' title="bbox 174 2470 963 3044">
     <span class='ocr_line' id='line_1_27' title="bbox 216 2470 963 2559; baseline 0.016 -31"><span class='ocrx_word' id='word_1_175' title='bbox 216 2470 260 2528; x_wconf 78' lang='lat' dir='ltr'>Ad</span> <span class='ocrx_word' id='word_1_176' title='bbox 279 2470 474 2551; x_wconf 86' lang='lat' dir='ltr'>Evangelium</span> <span class='ocrx_word' id='word_1_177' title='bbox 497 2475 650 2557; x_wconf 82' lang='lat' dir='ltr'>deponitur</span> <span class='ocrx_word' id='word_1_178' title='bbox 683 2479 756 2559; x_wconf 91' lang='lat' dir='ltr'>Regi</span> <span class='ocrx_word' id='word_1_179' title='bbox 778 2497 907 2554; x_wconf 88' lang='lat' dir='ltr'>corona,</span> <span class='ocrx_word' id='word_1_180' title='bbox 931 2491 963 2540; x_wconf 94' lang='lat' dir='ltr'>ut</span> 
     </span>
     <span class='ocr_line' id='line_1_28' title="bbox 176 2580 961 2655; baseline 0.019 -29"><span class='ocrx_word' id='word_1_181' title='bbox 176 2587 288 2648; x_wconf 87' lang='lat' dir='ltr'>supra,</span> <span class='ocrx_word' id='word_1_182' title='bbox 314 2584 430 2652; x_wconf 85' lang='lat' dir='ltr'>sceptro</span> <span class='ocrx_word' id='word_1_183' title='bbox 461 2587 491 2637; x_wconf 88' lang='lat' dir='ltr'>et</span> <span class='ocrx_word' id='word_1_184' title='bbox 512 2595 599 2655; x_wconf 91' lang='lat' dir='ltr'>pomo</span> <span class='ocrx_word' id='word_1_185' title='bbox 620 2580 648 2638; x_wconf 90' lang='lat' dir='ltr'>in</span> <span class='ocrx_word' id='word_1_186' title='bbox 670 2580 802 2640; x_wconf 89' lang='lat' dir='ltr'>manibus</span> <span class='ocrx_word' id='word_1_187' title='bbox 825 2580 961 2641; x_wconf 82' lang='lat' dir='ltr'>retentis:</span> 
     </span>
     <span class='ocr_line' id='line_1_29' title="bbox 179 2669 962 2760; baseline 0.017 -34"><span class='ocrx_word' id='word_1_188' title='bbox 179 2687 238 2746; x_wconf 91' lang='lat' dir='ltr'>quo</span> <span class='ocrx_word' id='word_1_189' title='bbox 249 2669 339 2745; x_wconf 82' lang='lat' dir='ltr'>finito,</span> <span class='ocrx_word' id='word_1_190' title='bbox 351 2685 379 2732; x_wconf 93' lang='lat' dir='ltr'>et</span> <span class='ocrx_word' id='word_1_191' title='bbox 393 2675 496 2737; x_wconf 81' lang='lat' dir='ltr'>Credo</span> <span class='ocrx_word' id='word_1_192' title='bbox 509 2696 577 2737; x_wconf 91' lang='lat' dir='ltr'>oum</span> <span class='ocrx_word' id='word_1_193' title='bbox 600 2679 714 2740; x_wconf 91' lang='lat' dir='ltr'>duobus</span> <span class='ocrx_word' id='word_1_194' title='bbox 735 2683 795 2741; x_wconf 87' lang='lat' dir='ltr'>suis</span> <span class='ocrx_word' id='word_1_195' title='bbox 816 2683 962 2760; x_wconf 89' lang='lat' dir='ltr'>cappella-</span> 
     </span>
     <span class='ocr_line' id='line_1_30' title="bbox 176 2768 962 2860; baseline 0.017 -32"><span class='ocrx_word' id='word_1_196' title='bbox 176 2770 220 2829; x_wconf 90' lang='lat' dir='ltr'>nis</span> <span class='ocrx_word' id='word_1_197' title='bbox 241 2768 403 2847; x_wconf 85' lang='lat' dir='ltr'>majoribus</span> <span class='ocrx_word' id='word_1_198' title='bbox 421 2776 514 2850; x_wconf 89' lang='lat' dir='ltr'>dicto,</span> <span class='ocrx_word' id='word_1_199' title='bbox 529 2777 610 2851; x_wconf 87' lang='lat' dir='ltr'>sedit,</span> <span class='ocrx_word' id='word_1_200' title='bbox 628 2791 657 2841; x_wconf 91' lang='lat' dir='ltr'>et</span> <span class='ocrx_word' id='word_1_201' title='bbox 674 2783 824 2860; x_wconf 72' lang='lat' dir='ltr'>reponitur</span> <span class='ocrx_word' id='word_1_202' title='bbox 842 2783 894 2841; x_wconf 91' lang='lat' dir='ltr'>sibl</span> <span class='ocrx_word' id='word_1_203' title='bbox 909 2801 962 2843; x_wconf 91' lang='lat' dir='ltr'>oo·</span> 
     </span>
     <span class='ocr_line' id='line_1_31' title="bbox 176 2874 960 2963; baseline 0.019 -34"><span class='ocrx_word' id='word_1_204' title='bbox 176 2889 270 2933; x_wconf 84' lang='lat' dir='ltr'>rona:</span> <span class='ocrx_word' id='word_1_205' title='bbox 292 2874 328 2934; x_wconf 89' lang='lat' dir='ltr'>ad</span> <span class='ocrx_word' id='word_1_206' title='bbox 351 2877 439 2938; x_wconf 86' lang='lat' dir='ltr'>verba</span> <span class='ocrx_word' id='word_1_207' title='bbox 462 2880 708 2963; x_wconf 74' lang='lat' dir='ltr'>incarnatusque</span> <span class='ocrx_word' id='word_1_208' title='bbox 723 2895 769 2944; x_wconf 84' lang='lat' dir='ltr'>ert</span> <span class='ocrx_word' id='word_1_209' title='bbox 781 2928 789 2957; x_wconf 90' lang='lat'>,</span> <span class='ocrx_word' id='word_1_210' title='bbox 811 2884 872 2944; x_wconf 81' lang='lat' dir='ltr'>Rex</span> <span class='ocrx_word' id='word_1_211' title='bbox 894 2903 960 2945; x_wconf 93' lang='lat' dir='ltr'>cum</span> 
     </span>
     <span class='ocr_line' id='line_1_32' title="bbox 174 2978 837 3044; baseline 0.018 -12"><span class='ocrx_word' id='word_1_212' title='bbox 174 2992 284 3034; x_wconf 88' lang='lat' dir='ltr'>corona</span> <span class='ocrx_word' id='word_1_213' title='bbox 305 2995 356 3036; x_wconf 82' lang='lat' dir='ltr'>stre</span> <span class='ocrx_word' id='word_1_214' title='bbox 377 2978 404 3037; x_wconf 91' lang='lat' dir='ltr'>ln</span> <span class='ocrx_word' id='word_1_215' title='bbox 425 2978 491 3040; x_wconf 89' lang='lat' dir='ltr'>sede</span> <span class='ocrx_word' id='word_1_216' title='bbox 513 2999 543 3042; x_wconf 84' lang='lat' dir='ltr'>se</span> <span class='ocrx_word' id='word_1_217' title='bbox 559 2983 689 3043; x_wconf 87' lang='lat' dir='ltr'>umillter</span> <span class='ocrx_word' id='word_1_218' title='bbox 711 2985 837 3044; x_wconf 89' lang='lat' dir='ltr'>inclinat.</span> 
     </span>
    </p>

    <p class='ocr_par' dir='ltr' id='par_1_12' title="bbox 176 3075 963 3338">
     <span class='ocr_line' id='line_1_33' title="bbox 219 3075 961 3158; baseline 0.013 -24"><span class='ocrx_word' id='word_1_219' title='bbox 219 3075 298 3135; x_wconf 90' lang='lat' dir='ltr'>ldem</span> <span class='ocrx_word' id='word_1_220' title='bbox 311 3076 378 3138; x_wconf 86' lang='lat' dir='ltr'>iacit</span> <span class='ocrx_word' id='word_1_221' title='bbox 393 3075 522 3158; x_wconf 79' lang='lat' dir='ltr'>Legatos</span> <span class='ocrx_word' id='word_1_222' title='bbox 537 3081 565 3140; x_wconf 90' lang='lat' dir='ltr'>in</span> <span class='ocrx_word' id='word_1_223' title='bbox 585 3082 744 3145; x_wconf 79' lang='lat' dir='ltr'>faldistorio</span> <span class='ocrx_word' id='word_1_224' title='bbox 758 3102 819 3145; x_wconf 91' lang='lat' dir='ltr'>suo.</span> <span class='ocrx_word' id='word_1_225' title='bbox 835 3083 961 3145; x_wconf 84' lang='lat' dir='ltr'>Praelatl</span> 
     </span>
     <span class='ocr_line' id='line_1_34' title="bbox 177 3179 963 3266; baseline 0.02 -35"><span class='ocrx_word' id='word_1_226' title='bbox 177 3193 248 3233; x_wconf 83' lang='lat' dir='ltr'>uero</span> <span class='ocrx_word' id='word_1_227' title='bbox 269 3194 367 3238; x_wconf 89' lang='lat' dir='ltr'>omnes</span> <span class='ocrx_word' id='word_1_228' title='bbox 389 3179 417 3238; x_wconf 94' lang='lat' dir='ltr'>ln</span> <span class='ocrx_word' id='word_1_229' title='bbox 440 3182 509 3242; x_wconf 86' lang='lat' dir='ltr'>locis</span> <span class='ocrx_word' id='word_1_230' title='bbox 524 3182 595 3255; x_wconf 84' lang='lat' dir='ltr'>suia,</span> <span class='ocrx_word' id='word_1_231' title='bbox 611 3183 728 3245; x_wconf 87' lang='lat' dir='ltr'>detectis</span> <span class='ocrx_word' id='word_1_232' title='bbox 747 3185 889 3266; x_wconf 75' lang='lat' dir='ltr'>capitibus</span> <span class='ocrx_word' id='word_1_233' title='bbox 909 3204 963 3265; x_wconf 86' lang='lat' dir='ltr'>ge·</span> 
     </span>
     <span class='ocr_line' id='line_1_35' title="bbox 176 3275 346 3338; baseline 0.029 -5"><span class='ocrx_word' id='word_1_234' title='bbox 176 3275 346 3338; x_wconf 87' lang='lat' dir='ltr'>nullectunt.</span> 
     </span>
    </p>

    <p class='ocr_par' dir='ltr' id='par_1_13' title="bbox 179 3375 963 3638">
     <span class='ocr_line' id='line_1_36' title="bbox 218 3375 963 3459; baseline 0.017 -24"><span class='ocrx_word' id='word_1_235' title='bbox 218 3375 294 3436; x_wconf 80' lang='lat' dir='ltr'>Cum</span> <span class='ocrx_word' id='word_1_236' title='bbox 313 3377 452 3459; x_wconf 76' lang='lat' dir='ltr'>legatus,</span> <span class='ocrx_word' id='word_1_237' title='bbox 472 3381 553 3441; x_wconf 82' lang='lat' dir='ltr'>finita</span> <span class='ocrx_word' id='word_1_238' title='bbox 575 3382 695 3459; x_wconf 81' lang='lat' dir='ltr'>Credo,</span> <span class='ocrx_word' id='word_1_239' title='bbox 716 3385 788 3444; x_wconf 90' lang='lat' dir='ltr'>dieit</span> <span class='ocrx_word' id='word_1_240' title='bbox 808 3386 963 3448; x_wconf 80' lang='lat' dir='ltr'>Dominus</span> 
     </span>
     <span class='ocr_line' id='line_1_37' title="bbox 179 3478 962 3560; baseline 0.017 -25"><span class='ocrx_word' id='word_1_241' title='bbox 179 3478 354 3550; x_wconf 84' lang='lat' dir='ltr'>uobiscum,</span> <span class='ocrx_word' id='word_1_242' title='bbox 377 3483 473 3560; x_wconf 83' lang='lat' dir='ltr'>surgit</span> <span class='ocrx_word' id='word_1_243' title='bbox 492 3482 554 3543; x_wconf 82' lang='lat' dir='ltr'>Rex</span> <span class='ocrx_word' id='word_1_244' title='bbox 576 3501 644 3544; x_wconf 92' lang='lat' dir='ltr'>cum</span> <span class='ocrx_word' id='word_1_245' title='bbox 673 3503 802 3558; x_wconf 89' lang='lat' dir='ltr'>corona,</span> <span class='ocrx_word' id='word_1_246' title='bbox 835 3497 863 3546; x_wconf 91' lang='lat' dir='ltr'>et</span> <span class='ocrx_word' id='word_1_247' title='bbox 884 3487 962 3548; x_wconf 89' lang='lat' dir='ltr'>dicto</span> 
     </span>
     <span class='ocr_line' id='line_1_38' title="bbox 180 3571 421 3638; baseline 0.021 -5"><span class='ocrx_word' id='word_1_248' title='bbox 180 3571 309 3636; x_wconf 83' lang='lat' dir='ltr'>Oremur</span> <span class='ocrx_word' id='word_1_249' title='bbox 338 3578 421 3638; x_wconf 89' lang='lat' dir='ltr'>sedit.</span> 
     </span>
    </p>

    <p class='ocr_par' dir='ltr' id='par_1_14' title="bbox 173 3673 962 3964">
     <span class='ocr_line' id='line_1_39' title="bbox 217 3673 962 3766; baseline 0.013 -31"><span class='ocrx_word' id='word_1_250' title='bbox 217 3673 309 3737; x_wconf 86' lang='lat' dir='ltr'>Lecto</span> <span class='ocrx_word' id='word_1_251' title='bbox 331 3696 383 3757; x_wconf 90' lang='lat' dir='ltr'>per</span> <span class='ocrx_word' id='word_1_252' title='bbox 401 3677 546 3758; x_wconf 78' lang='lat' dir='ltr'>Legatum</span> <span class='ocrx_word' id='word_1_253' title='bbox 567 3685 732 3759; x_wconf 82' lang='lat' dir='ltr'>allectorio,</span> <span class='ocrx_word' id='word_1_254' title='bbox 747 3696 882 3766; x_wconf 90' lang='lat' dir='ltr'>portatur</span> <span class='ocrx_word' id='word_1_255' title='bbox 904 3687 962 3745; x_wconf 85' lang='lat' dir='ltr'>ial-</span> 
     </span>
     <span class='ocr_line' id='line_1_40' title="bbox 175 3774 961 3868; baseline 0.018 -34"><span class='ocrx_word' id='word_1_256' title='bbox 175 3774 328 3836; x_wconf 91' lang='lat' dir='ltr'>distorium</span> <span class='ocrx_word' id='word_1_257' title='bbox 351 3778 379 3837; x_wconf 92' lang='lat' dir='ltr'>in</span> <span class='ocrx_word' id='word_1_258' title='bbox 401 3781 495 3842; x_wconf 89' lang='lat' dir='ltr'>media</span> <span class='ocrx_word' id='word_1_259' title='bbox 518 3782 618 3844; x_wconf 86' lang='lat' dir='ltr'>altaris</span> <span class='ocrx_word' id='word_1_260' title='bbox 639 3786 668 3845; x_wconf 90' lang='lat' dir='ltr'>in</span> <span class='ocrx_word' id='word_1_261' title='bbox 689 3804 748 3864; x_wconf 87' lang='lat' dir='ltr'>quo</span> <span class='ocrx_word' id='word_1_262' title='bbox 768 3788 841 3849; x_wconf 90' lang='lat' dir='ltr'>sedit</span> <span class='ocrx_word' id='word_1_263' title='bbox 864 3786 961 3868; x_wconf 81' lang='lat' dir='ltr'>Lega-</span> 
     </span>
     <span class='ocr_line' id='line_1_41' title="bbox 173 3885 588 3964; baseline 0.027 -29"><span class='ocrx_word' id='word_1_264' title='bbox 173 3886 312 3940; x_wconf 90' lang='lat' dir='ltr'>tuscum</span> <span class='ocrx_word' id='word_1_265' title='bbox 335 3885 420 3942; x_wconf 88' lang='lat' dir='ltr'>mitra</span> <span class='ocrx_word' id='word_1_266' title='bbox 443 3895 476 3948; x_wconf 93' lang='lat' dir='ltr'>ut</span> <span class='ocrx_word' id='word_1_267' title='bbox 496 3885 588 3964; x_wconf 85' lang='lat' dir='ltr'>prius.</span> 
     </span>
    </p>

    <p class='ocr_par' dir='ltr' id='par_1_15' title="bbox 170 3979 960 4770">
     <span class='ocr_line' id='line_1_42' title="bbox 217 3979 960 4064; baseline 0.013 -25"><span class='ocrx_word' id='word_1_268' title='bbox 217 3979 461 4064; x_wconf 77' lang='lat' dir='ltr'>Archiepiscopus</span> <span class='ocrx_word' id='word_1_269' title='bbox 482 3996 511 4047; x_wconf 90' lang='lat' dir='ltr'>et</span> <span class='ocrx_word' id='word_1_270' title='bbox 532 3986 704 4048; x_wconf 83' lang='lat' dir='ltr'>l’atriarcha</span> <span class='ocrx_word' id='word_1_271' title='bbox 726 3989 886 4050; x_wconf 84' lang='lat' dir='ltr'>assistentes</span> <span class='ocrx_word' id='word_1_272' title='bbox 907 4007 960 4050; x_wconf 90' lang='lat' dir='ltr'>oe·</span> 
     </span>
     <span class='ocr_line' id='line_1_43' title="bbox 173 4082 960 4167; baseline 0.011 -26"><span class='ocrx_word' id='word_1_273' title='bbox 173 4093 295 4142; x_wconf 84' lang='lat' dir='ltr'>current</span> <span class='ocrx_word' id='word_1_274' title='bbox 325 4082 398 4163; x_wconf 88' lang='lat' dir='ltr'>Regi</span> <span class='ocrx_word' id='word_1_275' title='bbox 432 4104 525 4164; x_wconf 86' lang='lat' dir='ltr'>usque</span> <span class='ocrx_word' id='word_1_276' title='bbox 554 4087 590 4146; x_wconf 88' lang='lat' dir='ltr'>ad</span> <span class='ocrx_word' id='word_1_277' title='bbox 611 4087 719 4167; x_wconf 90' lang='lat' dir='ltr'>gradus</span> <span class='ocrx_word' id='word_1_278' title='bbox 742 4088 883 4163; x_wconf 91' lang='lat' dir='ltr'>thalami,</span> <span class='ocrx_word' id='word_1_279' title='bbox 911 4092 960 4150; x_wconf 88' lang='lat' dir='ltr'>ubi</span> 
     </span>
     <span class='ocr_line' id='line_1_44' title="bbox 173 4181 960 4267; baseline 0.014 -27"><span class='ocrx_word' id='word_1_280' title='bbox 173 4181 248 4261; x_wconf 90' lang='lat' dir='ltr'>Regi</span> <span class='ocrx_word' id='word_1_281' title='bbox 263 4203 332 4245; x_wconf 90' lang='lat' dir='ltr'>eum</span> <span class='ocrx_word' id='word_1_282' title='bbox 349 4204 458 4246; x_wconf 85' lang='lat' dir='ltr'>coram</span> <span class='ocrx_word' id='word_1_283' title='bbox 475 4197 504 4247; x_wconf 88' lang='lat' dir='ltr'>et</span> <span class='ocrx_word' id='word_1_284' title='bbox 520 4207 605 4267; x_wconf 88' lang='lat' dir='ltr'>pomo</span> <span class='ocrx_word' id='word_1_285' title='bbox 626 4190 804 4252; x_wconf 82' lang='lat' dir='ltr'>descendenti</span> <span class='ocrx_word' id='word_1_286' title='bbox 819 4210 960 4254; x_wconf 82' lang='lat' dir='ltr'>reteren-</span> 
     </span>
     <span class='ocr_line' id='line_1_45' title="bbox 172 4284 958 4374; baseline 0.019 -33"><span class='ocrx_word' id='word_1_287' title='bbox 172 4284 242 4343; x_wconf 89' lang='lat' dir='ltr'>tiem</span> <span class='ocrx_word' id='word_1_288' title='bbox 264 4286 398 4362; x_wconf 81' lang='lat' dir='ltr'>iaciunt,</span> <span class='ocrx_word' id='word_1_289' title='bbox 419 4298 448 4350; x_wconf 90' lang='lat' dir='ltr'>et</span> <span class='ocrx_word' id='word_1_290' title='bbox 469 4288 531 4350; x_wconf 86' lang='lat' dir='ltr'>Rex</span> <span class='ocrx_word' id='word_1_291' title='bbox 548 4291 615 4370; x_wconf 90' lang='lat' dir='ltr'>ipsis</span> <span class='ocrx_word' id='word_1_292' title='bbox 635 4302 669 4352; x_wconf 89' lang='lat' dir='ltr'>ut</span> <span class='ocrx_word' id='word_1_293' title='bbox 686 4295 789 4372; x_wconf 82' lang='lat' dir='ltr'>prius3</span> <span class='ocrx_word' id='word_1_294' title='bbox 805 4306 835 4355; x_wconf 91' lang='lat' dir='ltr'>et</span> <span class='ocrx_word' id='word_1_295' title='bbox 849 4294 958 4374; x_wconf 82' lang='lat' dir='ltr'>Regem</span> 
     </span>
     <span class='ocr_line' id='line_1_46' title="bbox 170 4384 956 4474; baseline 0.011 -29"><span class='ocrx_word' id='word_1_296' title='bbox 170 4402 264 4463; x_wconf 84' lang='lat' dir='ltr'>usque</span> <span class='ocrx_word' id='word_1_297' title='bbox 278 4386 315 4444; x_wconf 86' lang='lat' dir='ltr'>ad</span> <span class='ocrx_word' id='word_1_298' title='bbox 330 4384 475 4466; x_wconf 77' lang='lat' dir='ltr'>legatum</span> <span class='ocrx_word' id='word_1_299' title='bbox 490 4389 646 4452; x_wconf 87' lang='lat' dir='ltr'>deducunt.</span> <span class='ocrx_word' id='word_1_300' title='bbox 660 4394 733 4473; x_wconf 86' lang='lat' dir='ltr'>Regi</span> <span class='ocrx_word' id='word_1_301' title='bbox 748 4396 956 4474; x_wconf 73' lang='lat' dir='ltr'>praetereunti,</span> 
     </span>
     <span class='ocr_line' id='line_1_47' title="bbox 170 4486 959 4575; baseline 0.01 -28"><span class='ocrx_word' id='word_1_302' title='bbox 170 4496 201 4547; x_wconf 87' lang='lat' dir='ltr'>et</span> <span class='ocrx_word' id='word_1_303' title='bbox 222 4486 355 4548; x_wconf 88' lang='lat' dir='ltr'>redeunti</span> <span class='ocrx_word' id='word_1_304' title='bbox 376 4501 649 4569; x_wconf 87' lang='lat' dir='ltr'>assurguntomnes</span> <span class='ocrx_word' id='word_1_305' title='bbox 670 4496 790 4575; x_wconf 87' lang='lat' dir='ltr'>praelati</span> <span class='ocrx_word' id='word_1_306' title='bbox 813 4513 880 4556; x_wconf 91' lang='lat' dir='ltr'>cum</span> <span class='ocrx_word' id='word_1_307' title='bbox 903 4497 959 4557; x_wconf 92' lang='lat' dir='ltr'>mi-</span> 
     </span>
     <span class='ocr_line' id='line_1_48' title="bbox 171 4587 956 4676; baseline 0.011 -30"><span class='ocrx_word' id='word_1_308' title='bbox 171 4587 227 4647; x_wconf 87' lang='lat' dir='ltr'>tris</span> <span class='ocrx_word' id='word_1_309' title='bbox 247 4599 277 4648; x_wconf 90' lang='lat' dir='ltr'>et</span> <span class='ocrx_word' id='word_1_310' title='bbox 297 4590 490 4651; x_wconf 79' lang='lat' dir='ltr'>reverentitnn</span> <span class='ocrx_word' id='word_1_311' title='bbox 513 4593 645 4669; x_wconf 86' lang='lat' dir='ltr'>iaciunt,</span> <span class='ocrx_word' id='word_1_312' title='bbox 666 4596 772 4676; x_wconf 88' lang='lat' dir='ltr'>etipse</span> <span class='ocrx_word' id='word_1_313' title='bbox 793 4596 833 4657; x_wconf 88' lang='lat' dir='ltr'>eis</span> <span class='ocrx_word' id='word_1_314' title='bbox 846 4606 875 4657; x_wconf 90' lang='lat' dir='ltr'>et</span> <span class='ocrx_word' id='word_1_315' title='bbox 890 4615 956 4658; x_wconf 91' lang='lat' dir='ltr'>eum</span> 
     </span>
     <span class='ocr_line' id='line_1_49' title="bbox 171 4689 608 4770; baseline 0.016 -22"><span class='ocrx_word' id='word_1_316' title='bbox 171 4699 205 4749; x_wconf 90' lang='lat' dir='ltr'>ut</span> <span class='ocrx_word' id='word_1_317' title='bbox 224 4692 310 4769; x_wconf 86' lang='lat' dir='ltr'>prius</span> <span class='ocrx_word' id='word_1_318' title='bbox 329 4689 414 4769; x_wconf 89' lang='lat' dir='ltr'>Regii</span> <span class='ocrx_word' id='word_1_319' title='bbox 434 4704 608 4770; x_wconf 69' lang='lat' dir='ltr'>moriuntur.</span> 
     </span>
    </p>

    <p class='ocr_par' dir='ltr' id='par_1_16' title="bbox 169 4789 958 4981">
     <span class='ocr_line' id='line_1_50' title="bbox 212 4789 958 4879; baseline 0.011 -29"><span class='ocrx_word' id='word_1_320' title='bbox 212 4789 357 4853; x_wconf 83' lang='lat' dir='ltr'>Pervento</span> <span class='ocrx_word' id='word_1_321' title='bbox 372 4794 408 4853; x_wconf 91' lang='lat' dir='ltr'>ud</span> <span class='ocrx_word' id='word_1_322' title='bbox 425 4792 570 4875; x_wconf 74' lang='lat' dir='ltr'>legatum</span> <span class='ocrx_word' id='word_1_323' title='bbox 590 4801 761 4879; x_wconf 87' lang='lat' dir='ltr'>competenti</span> <span class='ocrx_word' id='word_1_324' title='bbox 782 4801 891 4879; x_wconf 89' lang='lat' dir='ltr'>spacio,</span> <span class='ocrx_word' id='word_1_325' title='bbox 910 4799 958 4858; x_wconf 86' lang='lat' dir='ltr'>vi·</span> 
     </span>
     <span class='ocr_line' id='line_1_51' title="bbox 169 4890 957 4981; baseline 0.015 -33"><span class='ocrx_word' id='word_1_326' title='bbox 169 4890 271 4953; x_wconf 88' lang='lat' dir='ltr'>delicet</span> <span class='ocrx_word' id='word_1_327' title='bbox 293 4911 326 4955; x_wconf 88' lang='lat' dir='ltr'>x.</span> <span class='ocrx_word' id='word_1_328' title='bbox 351 4897 395 4956; x_wconf 84' lang='lat' dir='ltr'>vel</span> <span class='ocrx_word' id='word_1_329' title='bbox 417 4913 478 4959; x_wconf 84' lang='lat' dir='ltr'>xn.</span> <span class='ocrx_word' id='word_1_330' title='bbox 501 4900 688 4978; x_wconf 89' lang='lat' dir='ltr'>palmorum,</span> <span class='ocrx_word' id='word_1_331' title='bbox 710 4900 863 4981; x_wconf 89' lang='lat' dir='ltr'>deponitur</span> <span class='ocrx_word' id='word_1_332' title='bbox 884 4902 957 4980; x_wconf 90' lang='lat' dir='ltr'>Regi</span> 
     </span>
    </p>
   </div>
   <div class='ocr_carea' id='block_1_10' title="bbox 169 4991 984 5085">
    <p class='ocr_par' dir='ltr' id='par_1_17' title="bbox 169 4991 984 5085">
     <span class='ocr_line' id='line_1_52' title="bbox 169 4991 984 5085; baseline 0.016 -35"><span class='ocrx_word' id='word_1_333' title='bbox 169 4991 267 5069; x_wconf 83' lang='lat' dir='ltr'>peel).</span> <span class='ocrx_word' id='word_1_334' title='bbox 282 4994 466 5058; x_wconf 80' lang='lat' dir='ltr'>Frlbericum</span> <span class='ocrx_word' id='word_1_335' title='bbox 483 5016 603 5073; x_wconf 90' lang='lat' dir='ltr'>corona,</span> <span class='ocrx_word' id='word_1_336' title='bbox 616 5012 768 5081; x_wconf 83' lang='lat' dir='ltr'>sceptrum</span> <span class='ocrx_word' id='word_1_337' title='bbox 783 5014 813 5063; x_wconf 89' lang='lat' dir='ltr'>et</span> <span class='ocrx_word' id='word_1_338' title='bbox 826 5021 957 5083; x_wconf 87' lang='lat' dir='ltr'>pomum,</span> <span class='ocrx_word' id='word_1_339' title='bbox 976 5079 984 5085; x_wconf 81' lang='lat'><em>.</em></span> 
     </span>
    </p>
   </div>
   <div class='ocr_carea' id='block_1_11' title="bbox 166 5095 955 5388">
    <p class='ocr_par' dir='ltr' id='par_1_18' title="bbox 166 5095 955 5388">
     <span class='ocr_line' id='line_1_53' title="bbox 168 5095 955 5182; baseline 0.018 -32"><span class='ocrx_word' id='word_1_340' title='bbox 168 5102 196 5150; x_wconf 88' lang='lat' dir='ltr'>at</span> <span class='ocrx_word' id='word_1_341' title='bbox 209 5095 405 5174; x_wconf 84' lang='lat' dir='ltr'>assignantur3</span> <span class='ocrx_word' id='word_1_342' title='bbox 420 5108 448 5159; x_wconf 88' lang='lat' dir='ltr'>et</span> <span class='ocrx_word' id='word_1_343' title='bbox 462 5100 534 5161; x_wconf 86' lang='lat' dir='ltr'>datis</span> <span class='ocrx_word' id='word_1_344' title='bbox 550 5121 602 5182; x_wconf 92' lang='lat' dir='ltr'>per</span> <span class='ocrx_word' id='word_1_345' title='bbox 617 5102 750 5165; x_wconf 88' lang='lat' dir='ltr'>eumdem</span> <span class='ocrx_word' id='word_1_346' title='bbox 765 5104 829 5164; x_wconf 84' lang='lat' dir='ltr'>Dan</span> <span class='ocrx_word' id='word_1_347' title='bbox 851 5103 955 5164; x_wconf 65' lang='lat' dir='ltr'>liride·</span> 
     </span>
     <span class='ocr_line' id='line_1_54' title="bbox 167 5196 955 5283; baseline 0.013 -28"><span class='ocrx_word' id='word_1_348' title='bbox 167 5196 264 5256; x_wconf 87' lang='lat' dir='ltr'>riuum</span> <span class='ocrx_word' id='word_1_349' title='bbox 276 5215 338 5259; x_wconf 84' lang='grc' dir='ltr'><strong>ιιιι.</strong></span> <span class='ocrx_word' id='word_1_350' title='bbox 354 5199 484 5262; x_wconf 84' lang='lat' dir='ltr'>medellis</span> <span class='ocrx_word' id='word_1_351' title='bbox 504 5202 542 5263; x_wconf 87' lang='lat' dir='ltr'>ad</span> <span class='ocrx_word' id='word_1_352' title='bbox 562 5203 619 5266; x_wconf 90' lang='lat' dir='ltr'>hoc</span> <span class='ocrx_word' id='word_1_353' title='bbox 632 5204 773 5268; x_wconf 85' lang='lat' dir='ltr'>ordinatis</span> <span class='ocrx_word' id='word_1_354' title='bbox 787 5204 874 5283; x_wconf 85' lang='lat' dir='ltr'>Regi,</span> <span class='ocrx_word' id='word_1_355' title='bbox 892 5202 955 5265; x_wconf 83' lang='lat' dir='ltr'>Rex</span> 
     </span>
     <span class='ocr_line' id='line_1_55' title="bbox 166 5299 954 5388; baseline 0.013 -29"><span class='ocrx_word' id='word_1_356' title='bbox 166 5299 245 5361; x_wconf 85' lang='lat' dir='ltr'>tecta</span> <span class='ocrx_word' id='word_1_357' title='bbox 266 5299 376 5383; x_wconf 77' lang='lat' dir='ltr'>Legata</span> <span class='ocrx_word' id='word_1_358' title='bbox 398 5307 583 5382; x_wconf 81' lang='lat' dir='ltr'>reuerentia,</span> <span class='ocrx_word' id='word_1_359' title='bbox 603 5326 692 5388; x_wconf 88' lang='lat' dir='ltr'>super</span> <span class='ocrx_word' id='word_1_360' title='bbox 711 5307 875 5380; x_wconf 87' lang='lat' dir='ltr'>cussinum,</span> <span class='ocrx_word' id='word_1_361' title='bbox 903 5325 954 5369; x_wconf 91' lang='lat' dir='ltr'>co·</span> 
     </span>
    </p>
   </div>
   <div class='ocr_carea' id='block_1_12' title="bbox 1023 761 1821 5375">
    <p class='ocr_par' dir='ltr' id='par_1_19' title="bbox 1030 761 1821 1542">
     <span class='ocr_line' id='line_1_56' title="bbox 1030 761 1819 840; baseline -0.001 -21"><span class='ocrx_word' id='word_1_362' title='bbox 1030 769 1059 819; x_wconf 88' lang='lat' dir='ltr'>et</span> <span class='ocrx_word' id='word_1_363' title='bbox 1081 762 1249 838; x_wconf 88' lang='lat' dir='ltr'>competenti</span> <span class='ocrx_word' id='word_1_364' title='bbox 1271 763 1367 840; x_wconf 90' lang='lat' dir='ltr'>spacio</span> <span class='ocrx_word' id='word_1_365' title='bbox 1388 761 1537 840; x_wconf 86' lang='lat' dir='ltr'>praedicto</span> <span class='ocrx_word' id='word_1_366' title='bbox 1558 765 1714 824; x_wconf 81' lang='lat' dir='ltr'>reassumit</span> <span class='ocrx_word' id='word_1_367' title='bbox 1733 782 1819 823; x_wconf 87' lang='lat' dir='ltr'>eoro-</span> 
     </span>
     <span class='ocr_line' id='line_1_57' title="bbox 1031 863 1816 942; baseline 0.008 -24"><span class='ocrx_word' id='word_1_368' title='bbox 1031 878 1108 932; x_wconf 86' lang='lat' dir='ltr'>nam,</span> <span class='ocrx_word' id='word_1_369' title='bbox 1120 874 1266 940; x_wconf 86' lang='lat' dir='ltr'>sceptrum</span> <span class='ocrx_word' id='word_1_370' title='bbox 1282 873 1309 922; x_wconf 90' lang='lat' dir='ltr'>et</span> <span class='ocrx_word' id='word_1_371' title='bbox 1325 881 1454 940; x_wconf 81' lang='lat' dir='ltr'>pomum3</span> <span class='ocrx_word' id='word_1_372' title='bbox 1469 875 1514 935; x_wconf 89' lang='lat' dir='ltr'>et,</span> <span class='ocrx_word' id='word_1_373' title='bbox 1533 863 1606 924; x_wconf 85' lang='lat' dir='ltr'>tacta</span> <span class='ocrx_word' id='word_1_374' title='bbox 1624 863 1736 942; x_wconf 81' lang='lat' dir='ltr'>begato</span> <span class='ocrx_word' id='word_1_375' title='bbox 1753 883 1816 924; x_wconf 89' lang='lat' dir='ltr'>curu</span> 
     </span>
     <span class='ocr_line' id='line_1_58' title="bbox 1031 963 1818 1033; baseline 0.004 -13"><span class='ocrx_word' id='word_1_376' title='bbox 1031 978 1140 1021; x_wconf 88' lang='lat' dir='ltr'>corona</span> <span class='ocrx_word' id='word_1_377' title='bbox 1163 963 1350 1033; x_wconf 77' lang='lat' dir='ltr'>reuerentia,</span> <span class='ocrx_word' id='word_1_378' title='bbox 1372 975 1539 1024; x_wconf 80' lang='lat' dir='ltr'>reverenter</span> <span class='ocrx_word' id='word_1_379' title='bbox 1562 965 1598 1023; x_wconf 89' lang='lat' dir='ltr'>ud</span> <span class='ocrx_word' id='word_1_380' title='bbox 1621 964 1783 1025; x_wconf 88' lang='lat' dir='ltr'>thalamum</span> <span class='ocrx_word' id='word_1_381' title='bbox 1802 984 1818 1023; x_wconf 94' lang='lat' dir='ltr'>a</span> 
     </span>
     <span class='ocr_line' id='line_1_59' title="bbox 1032 1060 1818 1142; baseline -0.001 -24"><span class='ocrx_word' id='word_1_382' title='bbox 1032 1060 1143 1121; x_wconf 89' lang='lat' dir='ltr'>duobus</span> <span class='ocrx_word' id='word_1_383' title='bbox 1174 1063 1233 1120; x_wconf 85' lang='lat' dir='ltr'>suis</span> <span class='ocrx_word' id='word_1_384' title='bbox 1253 1061 1456 1124; x_wconf 69' lang='lat' dir='ltr'>desistentibus</span> <span class='ocrx_word' id='word_1_385' title='bbox 1487 1063 1523 1126; x_wconf 88' lang='lat' dir='ltr'>ad</span> <span class='ocrx_word' id='word_1_386' title='bbox 1556 1063 1666 1142; x_wconf 86' lang='lat' dir='ltr'>gradus</span> <span class='ocrx_word' id='word_1_387' title='bbox 1699 1064 1818 1124; x_wconf 78' lang='lat' dir='ltr'>thalami</span> 
     </span>
     <span class='ocr_line' id='line_1_60' title="bbox 1031 1162 1821 1244; baseline 0.006 -24"><span class='ocrx_word' id='word_1_388' title='bbox 1031 1162 1214 1234; x_wconf 59' lang='lat' dir='ltr'>associatum</span> <span class='ocrx_word' id='word_1_389' title='bbox 1231 1163 1291 1235; x_wconf 84' lang='lat' dir='ltr'>ubi,</span> <span class='ocrx_word' id='word_1_390' title='bbox 1305 1164 1378 1224; x_wconf 87' lang='lat' dir='ltr'>lacta</span> <span class='ocrx_word' id='word_1_391' title='bbox 1397 1174 1425 1224; x_wconf 89' lang='lat' dir='ltr'>et</span> <span class='ocrx_word' id='word_1_392' title='bbox 1447 1174 1562 1244; x_wconf 78' lang='lat' dir='ltr'>recepta</span> <span class='ocrx_word' id='word_1_393' title='bbox 1578 1166 1762 1238; x_wconf 84' lang='lat' dir='ltr'>reuerentia,</span> <span class='ocrx_word' id='word_1_394' title='bbox 1775 1165 1821 1225; x_wconf 91' lang='lat' dir='ltr'>di·</span> 
     </span>
     <span class='ocr_line' id='line_1_61' title="bbox 1032 1263 1817 1342; baseline 0.005 -20"><span class='ocrx_word' id='word_1_395' title='bbox 1032 1265 1116 1322; x_wconf 88' lang='lat' dir='ltr'>misso</span> <span class='ocrx_word' id='word_1_396' title='bbox 1137 1263 1241 1342; x_wconf 83' lang='lat' dir='ltr'>Rege,</span> <span class='ocrx_word' id='word_1_397' title='bbox 1272 1265 1308 1322; x_wconf 92' lang='lat' dir='ltr'>ad</span> <span class='ocrx_word' id='word_1_398' title='bbox 1338 1283 1391 1323; x_wconf 87' lang='lat' dir='ltr'>sua</span> <span class='ocrx_word' id='word_1_399' title='bbox 1423 1266 1486 1324; x_wconf 89' lang='lat' dir='ltr'>loca</span> <span class='ocrx_word' id='word_1_400' title='bbox 1521 1276 1723 1326; x_wconf 75' lang='lat' dir='ltr'>revertuntur.</span> <span class='ocrx_word' id='word_1_401' title='bbox 1758 1265 1817 1327; x_wconf 82' lang='lat' dir='ltr'>Rex</span> 
     </span>
     <span class='ocr_line' id='line_1_62' title="bbox 1031 1362 1818 1445; baseline 0.008 -24"><span class='ocrx_word' id='word_1_402' title='bbox 1031 1362 1158 1423; x_wconf 87' lang='lat' dir='ltr'>ascendit</span> <span class='ocrx_word' id='word_1_403' title='bbox 1180 1365 1342 1424; x_wconf 77' lang='lat' dir='ltr'>thalamum</span> <span class='ocrx_word' id='word_1_404' title='bbox 1356 1375 1386 1426; x_wconf 89' lang='lat' dir='ltr'>et</span> <span class='ocrx_word' id='word_1_405' title='bbox 1401 1366 1520 1439; x_wconf 90' lang='lat' dir='ltr'>solium,</span> <span class='ocrx_word' id='word_1_406' title='bbox 1537 1378 1565 1427; x_wconf 90' lang='lat' dir='ltr'>et</span> <span class='ocrx_word' id='word_1_407' title='bbox 1579 1366 1653 1428; x_wconf 88' lang='lat' dir='ltr'>sedit</span> <span class='ocrx_word' id='word_1_408' title='bbox 1675 1385 1767 1445; x_wconf 88' lang='lat' dir='ltr'>usque</span> <span class='ocrx_word' id='word_1_409' title='bbox 1785 1367 1818 1427; x_wconf 87' lang='lat' dir='ltr'>ad</span> 
     </span>
     <span class='ocr_line' id='line_1_63' title="bbox 1031 1464 1304 1542; baseline 0 -19"><span class='ocrx_word' id='word_1_410' title='bbox 1031 1464 1248 1542; x_wconf 81' lang='lat' dir='ltr'>praefationem.</span> <span class='ocrx_word' id='word_1_411' title='bbox 1301 1477 1304 1485; x_wconf 88' lang='grc'><strong><em>·</em></strong></span> 
     </span>
    </p>

    <p class='ocr_par' dir='ltr' id='par_1_20' title="bbox 1030 1562 1818 1848">
     <span class='ocr_line' id='line_1_64' title="bbox 1077 1562 1818 1647; baseline 0.004 -24"><span class='ocrx_word' id='word_1_412' title='bbox 1077 1562 1203 1644; x_wconf 76' lang='lat' dir='ltr'>Legatos</span> <span class='ocrx_word' id='word_1_413' title='bbox 1224 1574 1287 1644; x_wconf 91' lang='lat' dir='ltr'>post</span> <span class='ocrx_word' id='word_1_414' title='bbox 1309 1582 1454 1625; x_wconf 88' lang='lat' dir='ltr'>recessum</span> <span class='ocrx_word' id='word_1_415' title='bbox 1477 1565 1575 1645; x_wconf 82' lang='lat' dir='ltr'>Regis,</span> <span class='ocrx_word' id='word_1_416' title='bbox 1596 1567 1735 1647; x_wconf 86' lang='lat' dir='ltr'>depositis</span> <span class='ocrx_word' id='word_1_417' title='bbox 1755 1565 1818 1626; x_wconf 88' lang='lat' dir='ltr'>cbi-</span> 
     </span>
     <span class='ocr_line' id='line_1_65' title="bbox 1032 1666 1818 1747; baseline -0.004 -17"><span class='ocrx_word' id='word_1_418' title='bbox 1032 1670 1169 1738; x_wconf 90' lang='lat' dir='ltr'>rothecis,</span> <span class='ocrx_word' id='word_1_419' title='bbox 1181 1667 1259 1726; x_wconf 80' lang='lat' dir='ltr'>lauat</span> <span class='ocrx_word' id='word_1_420' title='bbox 1274 1683 1386 1737; x_wconf 90' lang='lat' dir='ltr'>manus,</span> <span class='ocrx_word' id='word_1_421' title='bbox 1398 1667 1525 1727; x_wconf 86' lang='lat' dir='ltr'>ascendit</span> <span class='ocrx_word' id='word_1_422' title='bbox 1541 1666 1577 1725; x_wconf 88' lang='lat' dir='ltr'>ad</span> <span class='ocrx_word' id='word_1_423' title='bbox 1591 1669 1686 1729; x_wconf 86' lang='lat' dir='ltr'>altare</span> <span class='ocrx_word' id='word_1_424' title='bbox 1704 1679 1733 1729; x_wconf 88' lang='lat' dir='ltr'>et</span> <span class='ocrx_word' id='word_1_425' title='bbox 1750 1686 1818 1747; x_wconf 90' lang='lat' dir='ltr'>pro·</span> 
     </span>
     <span class='ocr_line' id='line_1_66' title="bbox 1030 1767 1527 1848; baseline -0.018 -14"><span class='ocrx_word' id='word_1_426' title='bbox 1030 1771 1163 1848; x_wconf 81' lang='lat' dir='ltr'>sequitur</span> <span class='ocrx_word' id='word_1_427' title='bbox 1184 1767 1300 1827; x_wconf 74' lang='lat' dir='ltr'>ursum</span> <span class='ocrx_word' id='word_1_428' title='bbox 1327 1785 1410 1826; x_wconf 88' lang='lat' dir='ltr'>mora</span> <span class='ocrx_word' id='word_1_429' title='bbox 1432 1769 1527 1828; x_wconf 82' lang='lat' dir='ltr'>solito.</span> 
     </span>
    </p>

    <p class='ocr_par' dir='ltr' id='par_1_21' title="bbox 1023 1866 1818 5375">
     <span class='ocr_line' id='line_1_67' title="bbox 1073 1866 1818 1950; baseline -0.003 -21"><span class='ocrx_word' id='word_1_430' title='bbox 1073 1870 1168 1950; x_wconf 80' lang='lat' dir='ltr'>Super</span> <span class='ocrx_word' id='word_1_431' title='bbox 1190 1868 1331 1938; x_wconf 89' lang='lat' dir='ltr'>calicem,</span> <span class='ocrx_word' id='word_1_432' title='bbox 1352 1866 1412 1927; x_wconf 82' lang='lat' dir='ltr'>sice</span> <span class='ocrx_word' id='word_1_433' title='bbox 1434 1877 1566 1946; x_wconf 87' lang='lat' dir='ltr'>putenam</span> <span class='ocrx_word' id='word_1_434' title='bbox 1582 1910 1590 1938; x_wconf 91' lang='lat'>,</span> <span class='ocrx_word' id='word_1_435' title='bbox 1609 1875 1761 1945; x_wconf 88' lang='lat' dir='ltr'>ponuntur</span> <span class='ocrx_word' id='word_1_436' title='bbox 1774 1885 1818 1927; x_wconf 81' lang='lat' dir='ltr'>sea</span> 
     </span>
     <span class='ocr_line' id='line_1_68' title="bbox 1031 1967 1816 2047; baseline -0.009 -14"><span class='ocrx_word' id='word_1_437' title='bbox 1031 1973 1163 2041; x_wconf 87' lang='lat' dir='ltr'>hostiae,</span> <span class='ocrx_word' id='word_1_438' title='bbox 1187 1967 1320 2028; x_wconf 89' lang='lat' dir='ltr'>videlicet</span> <span class='ocrx_word' id='word_1_439' title='bbox 1342 1977 1402 2029; x_wconf 87' lang='lat' dir='ltr'>tres</span> <span class='ocrx_word' id='word_1_440' title='bbox 1425 1985 1547 2047; x_wconf 86' lang='lat' dir='ltr'>magnae</span> <span class='ocrx_word' id='word_1_441' title='bbox 1567 1978 1597 2029; x_wconf 88' lang='lat' dir='ltr'>et</span> <span class='ocrx_word' id='word_1_442' title='bbox 1619 1977 1680 2028; x_wconf 86' lang='lat' dir='ltr'>tres</span> <span class='ocrx_word' id='word_1_443' title='bbox 1702 1985 1816 2047; x_wconf 83' lang='lat' dir='ltr'>parrae:</span> 
     </span>
     <span class='ocr_line' id='line_1_69' title="bbox 1029 2066 1818 2149; baseline -0.008 -17"><span class='ocrx_word' id='word_1_444' title='bbox 1029 2073 1064 2134; x_wconf 88' lang='lat' dir='ltr'>de</span> <span class='ocrx_word' id='word_1_445' title='bbox 1084 2069 1191 2149; x_wconf 86' lang='lat' dir='ltr'>quibus</span> <span class='ocrx_word' id='word_1_446' title='bbox 1211 2067 1408 2128; x_wconf 86' lang='lat' dir='ltr'>subdiaconus</span> <span class='ocrx_word' id='word_1_447' title='bbox 1429 2066 1478 2128; x_wconf 88' lang='lat' dir='ltr'>dut</span> <span class='ocrx_word' id='word_1_448' title='bbox 1500 2086 1587 2127; x_wconf 87' lang='lat' dir='ltr'>unam</span> <span class='ocrx_word' id='word_1_449' title='bbox 1612 2085 1772 2146; x_wconf 84' lang='lat' dir='ltr'>magnam,</span> <span class='ocrx_word' id='word_1_450' title='bbox 1792 2079 1818 2127; x_wconf 87' lang='lat' dir='ltr'>et</span> 
     </span>
     <span class='ocr_line' id='line_1_70' title="bbox 1030 2167 1816 2250; baseline -0.005 -19"><span class='ocrx_word' id='word_1_451' title='bbox 1030 2189 1116 2232; x_wconf 92' lang='lat' dir='ltr'>unam</span> <span class='ocrx_word' id='word_1_452' title='bbox 1148 2187 1269 2250; x_wconf 86' lang='lat' dir='ltr'>parram</span> <span class='ocrx_word' id='word_1_453' title='bbox 1303 2167 1523 2241; x_wconf 84' lang='lat' dir='ltr'>credentiariis,</span> <span class='ocrx_word' id='word_1_454' title='bbox 1551 2179 1580 2228; x_wconf 89' lang='lat' dir='ltr'>ct</span> <span class='ocrx_word' id='word_1_455' title='bbox 1617 2168 1653 2230; x_wconf 89' lang='lat' dir='ltr'>de</span> <span class='ocrx_word' id='word_1_456' title='bbox 1684 2170 1816 2247; x_wconf 82' lang='lat' dir='ltr'>ampullis</span> 
     </span>
     <span class='ocr_line' id='line_1_71' title="bbox 1031 2268 1816 2349; baseline -0.004 -19"><span class='ocrx_word' id='word_1_457' title='bbox 1031 2273 1112 2344; x_wconf 80' lang='lat' dir='ltr'>uini,</span> <span class='ocrx_word' id='word_1_458' title='bbox 1133 2283 1162 2333; x_wconf 90' lang='lat' dir='ltr'>et</span> <span class='ocrx_word' id='word_1_459' title='bbox 1182 2288 1275 2349; x_wconf 86' lang='lat' dir='ltr'>cquae</span> <span class='ocrx_word' id='word_1_460' title='bbox 1295 2270 1325 2328; x_wconf 92' lang='lat' dir='ltr'>iu</span> <span class='ocrx_word' id='word_1_461' title='bbox 1348 2287 1416 2328; x_wconf 89' lang='lat' dir='ltr'>una.</span> <span class='ocrx_word' id='word_1_462' title='bbox 1428 2281 1492 2328; x_wconf 83' lang='lat' dir='ltr'>tuac</span> <span class='ocrx_word' id='word_1_463' title='bbox 1522 2287 1578 2349; x_wconf 89' lang='lat' dir='ltr'>pro</span> <span class='ocrx_word' id='word_1_464' title='bbox 1599 2268 1773 2341; x_wconf 85' lang='lat' dir='ltr'>credentia,</span> <span class='ocrx_word' id='word_1_465' title='bbox 1791 2279 1816 2336; x_wconf 82' lang='lat' dir='ltr'>et</span> 
     </span>
     <span class='ocr_line' id='line_1_72' title="bbox 1030 2368 1815 2452; baseline -0.009 -18"><span class='ocrx_word' id='word_1_466' title='bbox 1030 2391 1098 2434; x_wconf 89' lang='lat' dir='ltr'>cum</span> <span class='ocrx_word' id='word_1_467' title='bbox 1130 2371 1265 2452; x_wconf 80' lang='lat' dir='ltr'>ampullis</span> <span class='ocrx_word' id='word_1_468' title='bbox 1296 2370 1451 2449; x_wconf 89' lang='lat' dir='ltr'>praedietis</span> <span class='ocrx_word' id='word_1_469' title='bbox 1471 2379 1608 2449; x_wconf 89' lang='lat' dir='ltr'>portatur</span> <span class='ocrx_word' id='word_1_470' title='bbox 1628 2380 1694 2429; x_wconf 83' lang='lat' dir='ltr'>taaa</span> <span class='ocrx_word' id='word_1_471' title='bbox 1716 2368 1754 2427; x_wconf 84' lang='lat' dir='ltr'>ad</span> <span class='ocrx_word' id='word_1_472' title='bbox 1773 2370 1815 2428; x_wconf 84' lang='lat' dir='ltr'>al-</span> 
     </span>
     <span class='ocr_line' id='line_1_73' title="bbox 1029 2469 1816 2551; baseline -0.008 -16"><span class='ocrx_word' id='word_1_473' title='bbox 1029 2485 1092 2535; x_wconf 89' lang='lat' dir='ltr'>tare</span> <span class='ocrx_word' id='word_1_474' title='bbox 1111 2473 1200 2534; x_wconf 88' lang='lat' dir='ltr'>etiam</span> <span class='ocrx_word' id='word_1_475' title='bbox 1222 2489 1277 2551; x_wconf 92' lang='lat' dir='ltr'>pro</span> <span class='ocrx_word' id='word_1_476' title='bbox 1298 2471 1421 2551; x_wconf 80' lang='lat' dir='ltr'>probra3</span> <span class='ocrx_word' id='word_1_477' title='bbox 1444 2470 1494 2529; x_wconf 90' lang='lat' dir='ltr'>nbi</span> <span class='ocrx_word' id='word_1_478' title='bbox 1514 2488 1571 2549; x_wconf 90' lang='lat' dir='ltr'>ego</span> <span class='ocrx_word' id='word_1_479' title='bbox 1591 2469 1629 2530; x_wconf 90' lang='lat' dir='ltr'>do</span> <span class='ocrx_word' id='word_1_480' title='bbox 1651 2487 1742 2528; x_wconf 88' lang='lat' dir='ltr'>unam</span> <span class='ocrx_word' id='word_1_481' title='bbox 1763 2469 1816 2529; x_wconf 88' lang='lat' dir='ltr'>ho·</span> 
     </span>
     <span class='ocr_line' id='line_1_74' title="bbox 1029 2570 1815 2652; baseline -0.009 -18"><span class='ocrx_word' id='word_1_482' title='bbox 1029 2576 1112 2634; x_wconf 87' lang='lat' dir='ltr'>stiam</span> <span class='ocrx_word' id='word_1_483' title='bbox 1133 2590 1269 2652; x_wconf 89' lang='lat' dir='ltr'>magnam</span> <span class='ocrx_word' id='word_1_484' title='bbox 1287 2583 1316 2633; x_wconf 92' lang='lat' dir='ltr'>et</span> <span class='ocrx_word' id='word_1_485' title='bbox 1330 2589 1417 2636; x_wconf 87' lang='lat' dir='ltr'>unam</span> <span class='ocrx_word' id='word_1_486' title='bbox 1432 2589 1555 2651; x_wconf 83' lang='lat' dir='ltr'>paruam</span> <span class='ocrx_word' id='word_1_487' title='bbox 1571 2570 1752 2631; x_wconf 89' lang='lat' dir='ltr'>subdiacono</span> <span class='ocrx_word' id='word_1_488' title='bbox 1765 2586 1815 2649; x_wconf 86' lang='lat' dir='ltr'>pre</span> 
     </span>
     <span class='ocr_line' id='line_1_75' title="bbox 1030 2670 1815 2756; baseline -0.013 -18"><span class='ocrx_word' id='word_1_489' title='bbox 1030 2676 1159 2756; x_wconf 88' lang='lat' dir='ltr'>probra,</span> <span class='ocrx_word' id='word_1_490' title='bbox 1182 2685 1213 2734; x_wconf 89' lang='lat' dir='ltr'>et</span> <span class='ocrx_word' id='word_1_491' title='bbox 1236 2673 1270 2733; x_wconf 89' lang='lat' dir='ltr'>de</span> <span class='ocrx_word' id='word_1_492' title='bbox 1290 2672 1427 2751; x_wconf 84' lang='lat' dir='ltr'>ampullis</span> <span class='ocrx_word' id='word_1_493' title='bbox 1450 2670 1533 2743; x_wconf 78' lang='lat' dir='ltr'>vini,</span> <span class='ocrx_word' id='word_1_494' title='bbox 1553 2682 1582 2732; x_wconf 91' lang='lat' dir='ltr'>ct</span> <span class='ocrx_word' id='word_1_495' title='bbox 1596 2689 1691 2749; x_wconf 88' lang='lat' dir='ltr'>aquae</span> <span class='ocrx_word' id='word_1_496' title='bbox 1706 2674 1735 2731; x_wconf 91' lang='lat' dir='ltr'>in</span> <span class='ocrx_word' id='word_1_497' title='bbox 1756 2681 1815 2730; x_wconf 73' lang='lat' dir='ltr'>tan</span> 
     </span>
     <span class='ocr_line' id='line_1_76' title="bbox 1029 2769 1817 2852; baseline -0.01 -15"><span class='ocrx_word' id='word_1_498' title='bbox 1029 2778 1120 2838; x_wconf 90' lang='lat' dir='ltr'>eidem</span> <span class='ocrx_word' id='word_1_499' title='bbox 1137 2774 1223 2836; x_wconf 88' lang='lat' dir='ltr'>etiam</span> <span class='ocrx_word' id='word_1_500' title='bbox 1242 2790 1297 2852; x_wconf 85' lang='lat' dir='ltr'>pro</span> <span class='ocrx_word' id='word_1_501' title='bbox 1319 2771 1436 2851; x_wconf 87' lang='lat' dir='ltr'>probra.</span> <span class='ocrx_word' id='word_1_502' title='bbox 1454 2771 1517 2831; x_wconf 72' lang='lat' dir='ltr'>Alia</span> <span class='ocrx_word' id='word_1_503' title='bbox 1534 2769 1616 2844; x_wconf 85' lang='lat' dir='ltr'>fiunt,</span> <span class='ocrx_word' id='word_1_504' title='bbox 1627 2781 1662 2831; x_wconf 91' lang='lat' dir='ltr'>ut</span> <span class='ocrx_word' id='word_1_505' title='bbox 1674 2771 1757 2831; x_wconf 85' lang='lat' dir='ltr'>alias.</span> <span class='ocrx_word' id='word_1_506' title='bbox 1771 2772 1817 2830; x_wconf 91' lang='lat' dir='ltr'>ln-</span> 
     </span>
     <span class='ocr_line' id='line_1_77' title="bbox 1030 2871 1815 2955; baseline -0.01 -17"><span class='ocrx_word' id='word_1_507' title='bbox 1030 2877 1121 2940; x_wconf 87' lang='lat' dir='ltr'>censis</span> <span class='ocrx_word' id='word_1_508' title='bbox 1142 2895 1195 2955; x_wconf 90' lang='lat' dir='ltr'>per</span> <span class='ocrx_word' id='word_1_509' title='bbox 1217 2873 1359 2953; x_wconf 83' lang='lat' dir='ltr'>Legatum</span> <span class='ocrx_word' id='word_1_510' title='bbox 1381 2872 1485 2931; x_wconf 84' lang='lat' dir='ltr'>oblatis</span> <span class='ocrx_word' id='word_1_511' title='bbox 1506 2871 1542 2931; x_wconf 88' lang='lat' dir='ltr'>ad</span> <span class='ocrx_word' id='word_1_512' title='bbox 1561 2872 1667 2943; x_wconf 87' lang='lat' dir='ltr'>altare,</span> <span class='ocrx_word' id='word_1_513' title='bbox 1687 2871 1815 2932; x_wconf 84' lang='lat' dir='ltr'>incensa·</span> 
     </span>
     <span class='ocr_line' id='line_1_78' title="bbox 1029 2971 1814 3057; baseline -0.01 -19"><span class='ocrx_word' id='word_1_514' title='bbox 1029 2990 1080 3040; x_wconf 92' lang='lat' dir='ltr'>tur</span> <span class='ocrx_word' id='word_1_515' title='bbox 1102 2979 1232 3057; x_wconf 79' lang='lat' dir='ltr'>negatus</span> <span class='ocrx_word' id='word_1_516' title='bbox 1247 2993 1300 3055; x_wconf 85' lang='lat' dir='ltr'>per</span> <span class='ocrx_word' id='word_1_517' title='bbox 1317 2973 1480 3033; x_wconf 82' lang='lat' dir='ltr'>Diaconum</span> <span class='ocrx_word' id='word_1_518' title='bbox 1502 2981 1547 3032; x_wconf 86' lang='lat' dir='ltr'>ter</span> <span class='ocrx_word' id='word_1_519' title='bbox 1563 2971 1617 3032; x_wconf 92' lang='lat' dir='ltr'>sibi</span> <span class='ocrx_word' id='word_1_520' title='bbox 1635 2971 1814 3033; x_wconf 87' lang='lat' dir='ltr'>turribulum</span> 
     </span>
     <span class='ocr_line' id='line_1_79' title="bbox 1030 3071 1817 3142; baseline -0.017 0"><span class='ocrx_word' id='word_1_521' title='bbox 1030 3081 1206 3142; x_wconf 80' lang='lat' dir='ltr'>offerentem:</span> <span class='ocrx_word' id='word_1_522' title='bbox 1223 3086 1285 3136; x_wconf 92' lang='lat' dir='ltr'>tum</span> <span class='ocrx_word' id='word_1_523' title='bbox 1302 3092 1370 3134; x_wconf 90' lang='lat' dir='ltr'>cum</span> <span class='ocrx_word' id='word_1_524' title='bbox 1388 3075 1515 3135; x_wconf 84' lang='lat' dir='ltr'>Diaconu</span> <span class='ocrx_word' id='word_1_525' title='bbox 1529 3072 1720 3132; x_wconf 88' lang='lat' dir='ltr'>thuribulum</span> <span class='ocrx_word' id='word_1_526' title='bbox 1741 3071 1817 3131; x_wconf 84' lang='lat' dir='ltr'>dele.-</span> 
     </span>
     <span class='ocr_line' id='line_1_80' title="bbox 1031 3172 1817 3254; baseline -0.019 -10"><span class='ocrx_word' id='word_1_527' title='bbox 1031 3191 1111 3244; x_wconf 85' lang='lat' dir='ltr'>rente</span> <span class='ocrx_word' id='word_1_528' title='bbox 1132 3178 1244 3239; x_wconf 89' lang='lat' dir='ltr'>accedit</span> <span class='ocrx_word' id='word_1_529' title='bbox 1261 3176 1298 3234; x_wconf 92' lang='lat' dir='ltr'>ad</span> <span class='ocrx_word' id='word_1_530' title='bbox 1319 3175 1429 3254; x_wconf 87' lang='lat' dir='ltr'>Regem</span> <span class='ocrx_word' id='word_1_531' title='bbox 1452 3174 1479 3232; x_wconf 91' lang='lat' dir='ltr'>in</span> <span class='ocrx_word' id='word_1_532' title='bbox 1499 3173 1629 3235; x_wconf 83' lang='lat' dir='ltr'>thalamo</span> <span class='ocrx_word' id='word_1_533' title='bbox 1650 3191 1720 3233; x_wconf 89' lang='lat' dir='ltr'>cum</span> <span class='ocrx_word' id='word_1_534' title='bbox 1735 3172 1817 3232; x_wconf 88' lang='lat' dir='ltr'>mitra</span> 
     </span>
     <span class='ocr_line' id='line_1_81' title="bbox 1029 3275 1817 3361; baseline -0.014 -19"><span class='ocrx_word' id='word_1_535' title='bbox 1029 3282 1277 3361; x_wconf 75' lang='lat' dir='ltr'>Archiepiscopus</span> <span class='ocrx_word' id='word_1_536' title='bbox 1291 3276 1497 3355; x_wconf 82' lang='lat' dir='ltr'>Neapolitanus</span> <span class='ocrx_word' id='word_1_537' title='bbox 1508 3296 1518 3348; x_wconf 91' lang='lat'>;</span> <span class='ocrx_word' id='word_1_538' title='bbox 1540 3294 1601 3353; x_wconf 89' lang='lat' dir='ltr'>quo</span> <span class='ocrx_word' id='word_1_539' title='bbox 1622 3275 1729 3335; x_wconf 86' lang='lat' dir='ltr'>ibidem</span> <span class='ocrx_word' id='word_1_540' title='bbox 1750 3290 1817 3332; x_wconf 90' lang='lat' dir='ltr'>con·</span> 
     </span>
     <span class='ocr_line' id='line_1_82' title="bbox 1029 3372 1816 3460; baseline -0.017 -15"><span class='ocrx_word' id='word_1_541' title='bbox 1029 3386 1129 3445; x_wconf 86' lang='lat' dir='ltr'>stituto</span> <span class='ocrx_word' id='word_1_542' title='bbox 1156 3382 1251 3460; x_wconf 89' lang='lat' dir='ltr'>surgit</span> <span class='ocrx_word' id='word_1_543' title='bbox 1271 3379 1334 3439; x_wconf 86' lang='lat' dir='ltr'>Rex</span> <span class='ocrx_word' id='word_1_544' title='bbox 1354 3394 1423 3438; x_wconf 87' lang='lat' dir='ltr'>eum</span> <span class='ocrx_word' id='word_1_545' title='bbox 1445 3394 1576 3447; x_wconf 88' lang='lat' dir='ltr'>corona,</span> <span class='ocrx_word' id='word_1_546' title='bbox 1607 3385 1637 3436; x_wconf 88' lang='lat' dir='ltr'>et</span> <span class='ocrx_word' id='word_1_547' title='bbox 1665 3372 1816 3452; x_wconf 75' lang='lat' dir='ltr'>Arcbiepi·</span> 
     </span>
     <span class='ocr_line' id='line_1_83' title="bbox 1028 3474 1817 3564; baseline -0.022 -18"><span class='ocrx_word' id='word_1_548' title='bbox 1028 3502 1133 3564; x_wconf 89' lang='lat' dir='ltr'>scopus</span> <span class='ocrx_word' id='word_1_549' title='bbox 1155 3481 1280 3561; x_wconf 89' lang='lat' dir='ltr'>deposita</span> <span class='ocrx_word' id='word_1_550' title='bbox 1302 3479 1401 3551; x_wconf 89' lang='lat' dir='ltr'>mitra,</span> <span class='ocrx_word' id='word_1_551' title='bbox 1422 3487 1539 3556; x_wconf 88' lang='lat' dir='ltr'>accepta</span> <span class='ocrx_word' id='word_1_552' title='bbox 1562 3474 1729 3545; x_wconf 88' lang='lat' dir='ltr'>thuribulo,</span> <span class='ocrx_word' id='word_1_553' title='bbox 1746 3474 1817 3532; x_wconf 86' lang='lat' dir='ltr'>iacta</span> 
     </span>
     <span class='ocr_line' id='line_1_84' title="bbox 1028 3576 1813 3664; baseline -0.017 -19"><span class='ocrx_word' id='word_1_554' title='bbox 1028 3585 1103 3664; x_wconf 86' lang='lat' dir='ltr'>Regi</span> <span class='ocrx_word' id='word_1_555' title='bbox 1125 3581 1285 3645; x_wconf 86' lang='lat' dir='ltr'>reverentia</span> <span class='ocrx_word' id='word_1_556' title='bbox 1302 3597 1369 3638; x_wconf 91' lang='lat' dir='ltr'>cum</span> <span class='ocrx_word' id='word_1_557' title='bbox 1389 3578 1580 3656; x_wconf 64' lang='lat' dir='ltr'>capitaneus</span> <span class='ocrx_word' id='word_1_558' title='bbox 1593 3587 1661 3636; x_wconf 89' lang='lat' dir='ltr'>ante</span> <span class='ocrx_word' id='word_1_559' title='bbox 1683 3576 1813 3635; x_wconf 89' lang='lat' dir='ltr'>ultimum</span> 
     </span>
     <span class='ocr_line' id='line_1_85' title="bbox 1028 3677 1815 3766; baseline -0.015 -20"><span class='ocrx_word' id='word_1_560' title='bbox 1028 3686 1153 3766; x_wconf 88' lang='lat' dir='ltr'>gradum</span> <span class='ocrx_word' id='word_1_561' title='bbox 1173 3682 1247 3754; x_wconf 89' lang='lat' dir='ltr'>solii,</span> <span class='ocrx_word' id='word_1_562' title='bbox 1261 3679 1389 3741; x_wconf 89' lang='lat' dir='ltr'>incensat</span> <span class='ocrx_word' id='word_1_563' title='bbox 1403 3677 1513 3757; x_wconf 84' lang='lat' dir='ltr'>Regem</span> <span class='ocrx_word' id='word_1_564' title='bbox 1528 3695 1595 3737; x_wconf 91' lang='lat' dir='ltr'>cum</span> <span class='ocrx_word' id='word_1_565' title='bbox 1614 3693 1726 3736; x_wconf 87' lang='lat' dir='ltr'>corona</span> <span class='ocrx_word' id='word_1_566' title='bbox 1740 3686 1815 3735; x_wconf 84' lang='lat' dir='ltr'>stau·</span> 
     </span>
     <span class='ocr_line' id='line_1_86' title="bbox 1029 3776 1814 3860; baseline -0.014 -13"><span class='ocrx_word' id='word_1_567' title='bbox 1029 3798 1108 3860; x_wconf 88' lang='lat' dir='ltr'>tem,</span> <span class='ocrx_word' id='word_1_568' title='bbox 1130 3796 1175 3846; x_wconf 91' lang='lat' dir='ltr'>ter</span> <span class='ocrx_word' id='word_1_569' title='bbox 1205 3784 1230 3844; x_wconf 88' lang='lat' dir='ltr'>ei</span> <span class='ocrx_word' id='word_1_570' title='bbox 1261 3780 1446 3840; x_wconf 88' lang='lat' dir='ltr'>thuribulum</span> <span class='ocrx_word' id='word_1_571' title='bbox 1467 3777 1583 3839; x_wconf 87' lang='lat' dir='ltr'>ducens.</span> <span class='ocrx_word' id='word_1_572' title='bbox 1618 3777 1716 3851; x_wconf 81' lang='lat' dir='ltr'>Tum,</span> <span class='ocrx_word' id='word_1_573' title='bbox 1743 3776 1814 3837; x_wconf 84' lang='lat' dir='ltr'>taeta</span> 
     </span>
     <span class='ocr_line' id='line_1_87' title="bbox 1028 3876 1813 3965; baseline -0.015 -18"><span class='ocrx_word' id='word_1_574' title='bbox 1028 3886 1102 3960; x_wconf 83' lang='lat' dir='ltr'>eibi,</span> <span class='ocrx_word' id='word_1_575' title='bbox 1123 3897 1158 3946; x_wconf 92' lang='lat' dir='ltr'>ut</span> <span class='ocrx_word' id='word_1_576' title='bbox 1178 3884 1281 3965; x_wconf 84' lang='lat' dir='ltr'>prius,</span> <span class='ocrx_word' id='word_1_577' title='bbox 1304 3879 1485 3954; x_wconf 84' lang='lat' dir='ltr'>reverentia,</span> <span class='ocrx_word' id='word_1_578' title='bbox 1506 3877 1602 3938; x_wconf 88' lang='lat' dir='ltr'>reddit</span> <span class='ocrx_word' id='word_1_579' title='bbox 1630 3876 1813 3937; x_wconf 87' lang='lat' dir='ltr'>thuribulum</span> 
     </span>
     <span class='ocr_line' id='line_1_88' title="bbox 1028 3974 1814 4061; baseline -0.019 -14"><span class='ocrx_word' id='word_1_580' title='bbox 1028 3989 1172 4058; x_wconf 89' lang='lat' dir='ltr'>diacono,</span> <span class='ocrx_word' id='word_1_581' title='bbox 1194 3994 1223 4046; x_wconf 91' lang='lat' dir='ltr'>et</span> <span class='ocrx_word' id='word_1_582' title='bbox 1254 3992 1373 4061; x_wconf 89' lang='lat' dir='ltr'>accepta</span> <span class='ocrx_word' id='word_1_583' title='bbox 1394 3982 1505 4050; x_wconf 91' lang='lat' dir='ltr'>mitra,</span> <span class='ocrx_word' id='word_1_584' title='bbox 1537 3989 1566 4040; x_wconf 92' lang='lat' dir='ltr'>et</span> <span class='ocrx_word' id='word_1_585' title='bbox 1588 3995 1656 4038; x_wconf 91' lang='lat' dir='ltr'>eum</span> <span class='ocrx_word' id='word_1_586' title='bbox 1688 3974 1814 4054; x_wconf 80' lang='lat' dir='ltr'>collegi</span> 
     </span>
     <span class='ocr_line' id='line_1_89' title="bbox 1029 4076 1813 4158; baseline -0.02 -7"><span class='ocrx_word' id='word_1_587' title='bbox 1029 4088 1190 4151; x_wconf 81' lang='lat' dir='ltr'>reverentia</span> <span class='ocrx_word' id='word_1_588' title='bbox 1211 4085 1301 4158; x_wconf 85' lang='lat' dir='ltr'>iacta,</span> <span class='ocrx_word' id='word_1_589' title='bbox 1320 4083 1396 4143; x_wconf 88' lang='lat' dir='ltr'>redit</span> <span class='ocrx_word' id='word_1_590' title='bbox 1410 4081 1447 4140; x_wconf 89' lang='lat' dir='ltr'>ad</span> <span class='ocrx_word' id='word_1_591' title='bbox 1469 4081 1565 4142; x_wconf 83' lang='lat' dir='ltr'>locum</span> <span class='ocrx_word' id='word_1_592' title='bbox 1579 4096 1676 4139; x_wconf 81' lang='lat' dir='ltr'>suum.</span> <span class='ocrx_word' id='word_1_593' title='bbox 1697 4076 1813 4139; x_wconf 82' lang='lat' dir='ltr'>iuterim</span> 
     </span>
     <span class='ocr_line' id='line_1_90' title="bbox 1027 4177 1815 4260; baseline -0.016 -11"><span class='ocrx_word' id='word_1_594' title='bbox 1027 4191 1173 4252; x_wconf 84' lang='lat' dir='ltr'>Diaconus</span> <span class='ocrx_word' id='word_1_595' title='bbox 1195 4187 1322 4257; x_wconf 85' lang='lat' dir='ltr'>incensat</span> <span class='ocrx_word' id='word_1_596' title='bbox 1353 4201 1452 4257; x_wconf 81' lang='lat' dir='ltr'>omues</span> <span class='ocrx_word' id='word_1_597' title='bbox 1484 4182 1603 4260; x_wconf 84' lang='lat' dir='ltr'>regios,</span> <span class='ocrx_word' id='word_1_598' title='bbox 1624 4180 1668 4241; x_wconf 87' lang='lat' dir='ltr'>bis</span> <span class='ocrx_word' id='word_1_599' title='bbox 1702 4177 1815 4240; x_wconf 85' lang='lat' dir='ltr'>cuilibet</span> 
     </span>
     <span class='ocr_line' id='line_1_91' title="bbox 1028 4279 1815 4361; baseline -0.019 -9"><span class='ocrx_word' id='word_1_600' title='bbox 1028 4286 1362 4356; x_wconf 83' lang='lat' dir='ltr'>ducenstburibulum,</span> <span class='ocrx_word' id='word_1_601' title='bbox 1384 4292 1448 4342; x_wconf 90' lang='lat' dir='ltr'>tum</span> <span class='ocrx_word' id='word_1_602' title='bbox 1463 4280 1736 4361; x_wconf 72' lang='lat' dir='ltr'>Archiepiscopum,</span> <span class='ocrx_word' id='word_1_603' title='bbox 1756 4279 1815 4339; x_wconf 77' lang='lat' dir='ltr'>Aa·</span> 
     </span>
     <span class='ocr_line' id='line_1_92' title="bbox 1028 4383 1814 4462; baseline -0.01 -12"><span class='ocrx_word' id='word_1_604' title='bbox 1028 4391 1216 4459; x_wconf 75' lang='lat' dir='ltr'>nocherum,</span> <span class='ocrx_word' id='word_1_605' title='bbox 1236 4403 1270 4444; x_wconf 86' lang='lat' dir='ltr'>ac</span> <span class='ocrx_word' id='word_1_606' title='bbox 1292 4402 1391 4446; x_wconf 84' lang='lat' dir='ltr'>omnes</span> <span class='ocrx_word' id='word_1_607' title='bbox 1411 4383 1482 4444; x_wconf 84' lang='lat' dir='ltr'>alios</span> <span class='ocrx_word' id='word_1_608' title='bbox 1512 4383 1656 4462; x_wconf 81' lang='lat' dir='ltr'>praelator</span> <span class='ocrx_word' id='word_1_609' title='bbox 1685 4392 1814 4461; x_wconf 78' lang='lat' dir='ltr'>paratae,</span> 
     </span>
     <span class='ocr_line' id='line_1_93' title="bbox 1027 4483 1813 4562; baseline -0.017 -9"><span class='ocrx_word' id='word_1_610' title='bbox 1027 4491 1147 4553; x_wconf 88' lang='lat' dir='ltr'>errilibet</span> <span class='ocrx_word' id='word_1_611' title='bbox 1168 4489 1211 4548; x_wconf 88' lang='lat' dir='ltr'>bis</span> <span class='ocrx_word' id='word_1_612' title='bbox 1232 4485 1420 4547; x_wconf 88' lang='lat' dir='ltr'>thuribulum</span> <span class='ocrx_word' id='word_1_613' title='bbox 1441 4483 1561 4556; x_wconf 74' lang='lat' dir='ltr'>decenn</span> <span class='ocrx_word' id='word_1_614' title='bbox 1583 4491 1650 4562; x_wconf 89' lang='lat' dir='ltr'>post</span> <span class='ocrx_word' id='word_1_615' title='bbox 1671 4483 1813 4560; x_wconf 83' lang='lat' dir='ltr'>praelatos</span> 
     </span>
     <span class='ocr_line' id='line_1_94' title="bbox 1027 4572 1812 4664; baseline -0.011 -13"><span class='ocrx_word' id='word_1_616' title='bbox 1027 4572 1183 4653; x_wconf 81' lang='lat' dir='ltr'>incensabit</span> <span class='ocrx_word' id='word_1_617' title='bbox 1198 4585 1350 4660; x_wconf 86' lang='lat' dir='ltr'>Oratores,</span> <span class='ocrx_word' id='word_1_618' title='bbox 1366 4587 1532 4664; x_wconf 87' lang='lat' dir='ltr'>episcopum</span> <span class='ocrx_word' id='word_1_619' title='bbox 1555 4583 1769 4662; x_wconf 83' lang='lat' dir='ltr'>Trcpieuseur,</span> <span class='ocrx_word' id='word_1_620' title='bbox 1786 4590 1812 4642; x_wconf 85' lang='lat' dir='ltr'>et</span> 
     </span>
     <span class='ocr_line' id='line_1_95' title="bbox 1025 4682 1812 4767; baseline -0.006 -16"><span class='ocrx_word' id='word_1_621' title='bbox 1025 4691 1114 4761; x_wconf 81' lang='lat' dir='ltr'>ulios,</span> <span class='ocrx_word' id='word_1_622' title='bbox 1136 4689 1320 4767; x_wconf 80' lang='lat' dir='ltr'>cappellanus</span> <span class='ocrx_word' id='word_1_623' title='bbox 1340 4682 1484 4762; x_wconf 80' lang='lat' dir='ltr'>majores,</span> <span class='ocrx_word' id='word_1_624' title='bbox 1499 4694 1528 4755; x_wconf 84' lang='lat' dir='ltr'>et</span> <span class='ocrx_word' id='word_1_625' title='bbox 1542 4685 1613 4744; x_wconf 87' lang='lat' dir='ltr'>ulios</span> <span class='ocrx_word' id='word_1_626' title='bbox 1633 4684 1719 4755; x_wconf 87' lang='lat' dir='ltr'>duos,</span> <span class='ocrx_word' id='word_1_627' title='bbox 1738 4683 1812 4747; x_wconf 84' lang='lat' dir='ltr'>Can·</span> 
     </span>
     <span class='ocr_line' id='line_1_96' title="bbox 1026 4783 1810 4863; baseline -0.009 -13"><span class='ocrx_word' id='word_1_628' title='bbox 1026 4793 1184 4862; x_wconf 80' lang='lat' dir='ltr'>sessorem,</span> <span class='ocrx_word' id='word_1_629' title='bbox 1205 4799 1234 4849; x_wconf 89' lang='lat' dir='ltr'>et</span> <span class='ocrx_word' id='word_1_630' title='bbox 1251 4788 1492 4849; x_wconf 84' lang='lat' dir='ltr'>Elemosinarium</span> <span class='ocrx_word' id='word_1_631' title='bbox 1513 4787 1542 4845; x_wconf 88' lang='lat' dir='ltr'>iu</span> <span class='ocrx_word' id='word_1_632' title='bbox 1562 4785 1692 4846; x_wconf 77' lang='lat' dir='ltr'>thalamo</span> <span class='ocrx_word' id='word_1_633' title='bbox 1711 4783 1810 4863; x_wconf 83' lang='lat' dir='ltr'>Regia,</span> 
     </span>
     <span class='ocr_line' id='line_1_97' title="bbox 1025 4885 1811 4967; baseline -0.011 -15"><span class='ocrx_word' id='word_1_634' title='bbox 1025 4893 1162 4964; x_wconf 83' lang='lat' dir='ltr'>Berones,</span> <span class='ocrx_word' id='word_1_635' title='bbox 1173 4885 1811 4967; x_wconf 78' lang='lat' dir='ltr'>Electumhconuniceusem,prothonotarios</span> 
     </span>
     <span class='ocr_line' id='line_1_98' title="bbox 1025 4986 1811 5071; baseline -0.011 -19"><span class='ocrx_word' id='word_1_636' title='bbox 1025 4993 1098 5055; x_wconf 85' lang='lat' dir='ltr'>della</span> <span class='ocrx_word' id='word_1_637' title='bbox 1130 4991 1207 5071; x_wconf 80' lang='lat' dir='ltr'>Sego</span> <span class='ocrx_word' id='word_1_638' title='bbox 1238 5002 1268 5051; x_wconf 91' lang='lat' dir='ltr'>et</span> <span class='ocrx_word' id='word_1_639' title='bbox 1289 4990 1324 5050; x_wconf 89' lang='lat' dir='ltr'>da</span> <span class='ocrx_word' id='word_1_640' title='bbox 1343 4989 1522 5050; x_wconf 78' lang='lat' dir='ltr'>Sermonem.</span> <span class='ocrx_word' id='word_1_641' title='bbox 1545 4987 1581 5047; x_wconf 78' lang='lat' dir='ltr'>t).</span> <span class='ocrx_word' id='word_1_642' title='bbox 1615 4986 1811 5047; x_wconf 77' lang='lat' dir='ltr'>Berrurelinm</span> 
     </span>
     <span class='ocr_line' id='line_1_99' title="bbox 1024 5086 1810 5169; baseline -0.011 -14"><span class='ocrx_word' id='word_1_643' title='bbox 1024 5093 1229 5162; x_wconf 87' lang='lat' dir='ltr'>subdiaconus,</span> <span class='ocrx_word' id='word_1_644' title='bbox 1240 5101 1270 5152; x_wconf 90' lang='lat' dir='ltr'>et</span> <span class='ocrx_word' id='word_1_645' title='bbox 1283 5089 1409 5169; x_wconf 73' lang='lat' dir='ltr'>accolyti</span> <span class='ocrx_word' id='word_1_646' title='bbox 1429 5088 1589 5169; x_wconf 74' lang='lat' dir='ltr'>Apostolici</span> <span class='ocrx_word' id='word_1_647' title='bbox 1611 5086 1725 5167; x_wconf 69' lang='lat' dir='ltr'>{uegeto</span> <span class='ocrx_word' id='word_1_648' title='bbox 1744 5086 1810 5146; x_wconf 84' lang='lat' dir='ltr'>arai·</span> 
     </span>
     <span class='ocr_line' id='line_1_100' title="bbox 1023 5188 1810 5271; baseline -0.01 -16"><span class='ocrx_word' id='word_1_649' title='bbox 1023 5205 1140 5268; x_wconf 77' lang='lat' dir='ltr'>nentes,</span> <span class='ocrx_word' id='word_1_650' title='bbox 1159 5191 1362 5264; x_wconf 82' lang='lat' dir='ltr'>subdiaconus,</span> <span class='ocrx_word' id='word_1_651' title='bbox 1380 5189 1429 5252; x_wconf 88' lang='lat' dir='ltr'>alii</span> <span class='ocrx_word' id='word_1_652' title='bbox 1445 5189 1606 5271; x_wconf 83' lang='lat' dir='ltr'>ceppeiluni</span> <span class='ocrx_word' id='word_1_653' title='bbox 1626 5188 1729 5268; x_wconf 87' lang='lat' dir='ltr'>togati,</span> <span class='ocrx_word' id='word_1_654' title='bbox 1744 5205 1810 5248; x_wconf 86' lang='lat' dir='ltr'>seu·</span> 
     </span>
     <span class='ocr_line' id='line_1_101' title="bbox 1023 5280 1807 5375; baseline -0.013 -17"><span class='ocrx_word' id='word_1_655' title='bbox 1023 5295 1101 5358; x_wconf 81' lang='lat' dir='ltr'>titan</span> <span class='ocrx_word' id='word_1_656' title='bbox 1121 5292 1246 5375; x_wconf 77' lang='lat' dir='ltr'>Rogati,</span> <span class='ocrx_word' id='word_1_657' title='bbox 1265 5291 1477 5355; x_wconf 79' lang='lat' dir='ltr'>eredentiuriua</span> <span class='ocrx_word' id='word_1_658' title='bbox 1488 5315 1498 5364; x_wconf 74' lang='lat'>3</span> <span class='ocrx_word' id='word_1_659' title='bbox 1517 5289 1639 5370; x_wconf 79' lang='lat' dir='ltr'>singulis</span> <span class='ocrx_word' id='word_1_660' title='bbox 1660 5288 1706 5349; x_wconf 89' lang='lat' dir='ltr'>his</span> <span class='ocrx_word' id='word_1_661' title='bbox 1725 5280 1807 5350; x_wconf 72' lang='lat' dir='ltr'>serm!</span> 
     </span>
    </p>
   </div>
   <div class='ocr_carea' id='block_1_13' title="bbox 0 0 1884 6030">
    <p class='ocr_par' dir='ltr' id='par_1_22' title="bbox 0 0 1884 6030">
     <span class='ocr_line' id='line_1_102' title="bbox 0 0 1884 6030; baseline 0 2"><span class='ocrx_word' id='word_1_662' title='bbox 0 0 1884 6030; x_wconf 95' lang='lat' dir='ltr'> </span> 
     </span>
    </p>
   </div>
  </div>
 </body>
</html>
