3780 6030
41 272 155 357 (emt)

41 411 111 473 sede
133 413 164 470 in
182 429 241 489 qua
262 409 448 491 portebetur,
475 407 709 476 senescerere
732 407 837 469 dictam

42 523 159 590 portam
181 510 536 582 Polconensium
562 509 716 572 cenonioos
747 508 838 571 dictae

41 611 178 672 basilicae
199 612 237 671 ed
258 610 336 690 pedis
356 609 491 672 osculum
512 608 632 689 reecpit.
731 614 751 665 Q

85 711 209 773 wude
224 723 357 791 portetus
383 723 427 771 est
455 712 484 771 in
512 711 579 773 sede
607 710 753 791 praedicte
785 728 836 789 per

43 822 161 890 portem
185 822 351 872 comuetern
372 810 507 883 medinm,
530 811 661 873 videlicet
679 810 716 872 od
737 810 837 873 besili-

44 929 112 971 oam
140 910 318 991 praedictam
346 928 439 990 uspue
463 912 500 973 ed
526 912 685 984 nuendum
712 910 835 992 lapidem

41 1029 184 1091 magnum
203 1011 397 1092 porpbireom
418 1014 446 1073 in
470 1024 549 1074 terre
570 1014 709 1091 positum,
735 1010 785 1073 ubi
806 1012 836 1074 in

40 1122 147 1190 pareto
167 1111 222 1172 sibi
238 1111 397 1187 leidistorio
416 1131 484 1174 cum
502 1131 555 1175 suo
571 1113 698 1176 scabello
718 1125 748 1194 et
768 1132 837 1176 cus·

39 1213 109 1273 sinis
133 1231 170 1272 ec
193 1223 287 1292 topeto
308 1213 411 1274 subtus
432 1213 461 1274 in
476 1223 587 1275 terrem
605 1225 764 1294 prostrato,
782 1214 836 1276 de·

40 1313 133 1391 posita
151 1315 252 1386 mitre,
264 1312 442 1393 genuflexus,
460 1314 605 1378 ed-eltsrc
616 1311 711 1392 majus
722 1316 834 1390 orasitc

39 1413 235 1474 faldistorium
256 1432 325 1475 cnm
341 1413 488 1487 .scebello‚
512 1417 646 1487 cussinis,
666 1426 695 1477 et
728 1426 836 1495 tapeto,

39 1516 200 1574 servientes
213 1532 365 1575 armorum
381 1513 448 1576 binc
466 1515 586 1590 etainde,
600 1533 660 1593 quo
674 1526 835 1594 opusernt,

40 1621 245 1694 ponererunt.
550 1668 554 1675 .

79 1717 172 1776 Facto
193 1716 339 1789 manure,
360 1717 493 1795 impositu
514 1727 558 1779 est
579 1718 668 1778 mitre
690 1716 834 1791 Pontifici,

42 1817 97 1894 qui
113 1816 222 1877 resedit
242 1817 357 1887 insede
377 1817 546 1897 praedicte,
565 1818 594 1878 in
618 1836 676 1896 qus
701 1829 835 1896 portatus

31 1929 80 1977 ‘est
100 1917 140 1976 ed
161 1918 323 1998 cappellam
345 1918 377 1978 S.
400 1918 550 1998 Gregorii,
574 1919 623 1978 ubi
651 1919 782 1993 ciuiliter
805 1919 838 1978 in

41 2017 200 2078 faldistorio
226 2018 407 2096 gembertus,
432 2021 491 2081 sine
518 2022 606 2080 tnitre
631 2021 731 2081 orerit
751 2039 834 2082 more

40 2119 123 2179 solito
134 2139 145 2191 3
168 2118 364 2180 faldistorium
386 2138 455 2181 cum
474 2122 533 2181 suis
558 2121 713 2182 attinentiis
732 2133 835 2200 porte·

42 2230 107 2279 runt
127 2219 286 2280 servitores
313 2222 477 2294 armornm,
504 2232 537 2282 ut
556 2224 654 2283 moris.
669 2233 720 2283 est.
744 2223 833 2284 Facta

40 2321 182 2392 oratione,
197 2320 277 2400 Pepe
293 2332 411 2401 occepta
438 2322 525 2383 miue
537 2322 615 2383 rsedit
631 2324 659 2382 in
679 2322 744 2384 sede
759 2332 845 2403 pori·-¹

41 2417 138 2480 tiliceli
164 2419 270 2480 ibidem
301 2420 361 2480 sibi
385 2434 497 2500 parete,
526 2423 575 2482 ubi
597 2425 709 2504 accepit
736 2441 835 2484 omnes

42 2519 221 2591 Cardineles,
238 2521 288 2598 qui
302 2523 509 2583 osculabantur
527 2526 646 2586 bianum
665 2523 760 2602 Papoe
779 2523 835 2582 sub

40 2620 227 2700 aurifrigerio
247 2623 287 2681 eis
306 2634 484 2701 porrectum.
507 2624 632 2686 Proeleti
655 2624 765 2696 deiude,
780 2643 835 2704 gc·

41 2720 155 2794 undeni,
167 2721 268 2800 pedem
283 2723 436 2784 dexterum
449 2724 544 2804 Pepee
554 2725 835 2803 osculabanturqui,

41 2821 204 2883 reverentia
214 2855 226 2894 1,
254 2834 287 2883 ut
318 2823 499 2902 preeiertur,
519 2827 682 2905 preestits,
708 2826 835 2906 deposita

40 2922 89 2981 eibi
117 2925 224 2994 mitre,
249 2925 398 2996 surrexit,
433 2936 461 2984 et
493 2937 571 2986 siens
598 2926 712 2988 detecto
744 2927 836 3007 capite

42 3040 142 3082 rerem
174 3023 211 3082 ed
242 3026 334 3084 altere
366 3025 460 3086 dictae
492 3023 659 3106 cappellae,
678 3027 757 3087 dixit
785 3046 836 3088 se·

41 3134 135 3199 prete:
158 3125 274 3185 Poter'
286 3136 393 3186 noster
425 3138 479 3188 etc.
498 3125 744 3207 (ioooonplcto,
764 3144 837 3189 voce

40 3223 212 3304 bretbffttult
238 3223 313 3283 dixit
340 3225 511 3297 cantando,
541 3237 571 3286 et
596 3246 628 3288 se
652 3246 669 3286 e
695 3226 768 3288 iscie
788 3226 836 3286 ‘ed

40 3338 138 3403 pectm
164 3325 319 3405 signando:
347 3325 432 3386 Deice
455 3326 489 3387 ie
512 3327 713 3408 adjutorium
737 3348 838 3388 cneum

42 3427 167 3486 intende
188 3437 246 3488 etc».
260 3444 313 3504 pro
324 3425 430 3486 Tertiis
451 3425 493 3486 sic
516 3443 633 3487 emnem
652 3444 743 3505 usquc
764 3425 835 3486 dnm

40 3537 172 3587 mntores
186 3527 357 3606 incepissent
366 3574 367 3577 ,
375 3528 535 3605 peaimueu
547 3526 658 3608 bcpcm
668 3545 758 3606 pone.
770 3524 836 3594 Quo

41 3626 156 3706 incepto
195 3625 288 3699 ndu,
315 3627 482 3706 impositum
507 3638 552 3688 cst
577 3629 604 3687 ei
628 3625 780 3693 birretutu
806 3638 839 3687 et

42 3730 145 3798 mitra,
166 3737 195 3786 et
216 3736 350 3787 conteres
371 3731 518 3807 prosecuti
539 3741 607 3789 sunt
628 3728 766 3789 seruam.

77 3826 158 3886 ‘lum
180 3824 372 3888 subdiaconus
394 3830 500 3888 latirrus
521 3830 645 3889 uenerit
677 3829 713 3888 ed
742 3829 836 3893 eltare

42 3925 87 3985 obi
108 3925 242 3986 Sacrista
263 3929 408 4007 ceppeilee
424 3941 545 3989 nostrae
563 3930 738 4009 mappulam
758 3930 834 3989 scri-

42 4045 119 4088 cmm
137 4045 228 4106 super
242 4027 375 4101 bracbie,
387 4039 417 4088 et
427 4028 513 4088 stirne
529 4028 648 4108 obligas,
664 4039 693 4089 et
707 4028 834 4088 mndslie

42 4127 64 4187 ii
89 4147 196 4189 menne
217 4127 310 4199 dedit,
332 4147 404 4206 ques
417 4130 498 4202 cille,
522 4131 654 4191 manibus
673 4131 711 4190 nd
730 4131 833 4192 ieciem

42 4231 169 4301 elevetis,
185 4228 313 4308 portarit
324 4230 577 4292 sntePontiiiccm
586 4253 598 4305 3
612 4232 744 4293 mindens
761 4233 834 4292 sub-

41 4330 196 4392 diaconum
209 4330 300 4390 secuti
317 4343 398 4391 eunt:
409 4332 535 4411 eccolyti
558 4332 706 4412 apostolici
722 4349 833 4406 omnes,

44 4432 146 4506 quibus
169 4427 299 4490 fimbrias
319 4431 419 4521 Pnpec
433 4432 678 4503 extendentibus,
705 4433 833 4493 retinen·

44 4531 176 4609 libusque
194 4530 393 4602 subdiaconis,
415 4533 473 4611 ipse
492 4524 560 4592 cunr
583 4544 641 4592 uno
655 4551 690 4592 cx
715 4535 834 4594 recretis

45 4631 233 4693 mbiculeriis
256 4630 351 4712 Papae
373 4632 533 4693 desubtus
553 4634 673 4695 introvit
700 4645 728 4695 et
759 4635 832 4697 cali-

44 4745 177 4810 gemente
190 4736 353 4793 eommunia
368 4732 463 4812 Pepse
472 4735 664 4806 extrahentes,
679 4736 787 4814 religas
803 4748 833 4796 ct

44 4834 168 4895 candelio
195 4833 382 4911 proedicteiei
398 4835 607 4914 imposuerant.
625 4835 743 4905 interim
754 4905 756 4911 ¹
769 4837 832 4915 epi·

44 4935 117 5015 scopi
131 4935 297 4996 eminentes
313 4934 379 4995 binc
391 4947 421 4995 et
434 4935 499 4996 inde
513 4955 581 4999 cunr
596 4933 736 4995 Pontilice
750 4935 831 4995 dixe·

46 5047 111 5095 runt
132 5053 216 5105 more
240 5035 342 5095 solito:
365 5036 410 5096 ll'e
433 5037 652 5098 reminiscaris
682 5047 737 5096 etc.
765 5033 829 5105 Quo

47 5133 115 5201 dicta
137 5147 207 5206 etc,
228 5155 263 5197 nc
283 5137 351 5221 elle,
373 5148 459 5215 prout
482 5138 509 5196 in
531 5137 630 5201 eodeni
647 5136 722 5195 libro
743 5135 829 5198 urdi-

50 5248 126 5296 nstur
149 5248 204 5297 etr.
228 5318 231 5324 1
417 5242 418 5246 ’

83 5337 177 5399 Finito
200 5339 311 5416 pseltno
331 5369 369 5380 -
396 5337 493 5408 Quam
516 5337 652 5408 dilecte,
676 5355 743 5397 cum
770 5339 827 5397 suis

523 268 806 335 tumultibus
824 267 1047 335 ttltidctitittt
1068 270 1220 336 ocrsvt
1654 274 1694 335 li

906 407 1298 482 versiculisetoretionibm,
1310 409 1373 470 lttt.
1392 410 1506 476 Domini
1526 411 1660 472 Senensis
1667 423 1696 472 et

905 503 1005 571 senen
1030 505 1149 587 Georgii
1177 509 1228 587 qui
1248 499 1418 572 assistebant
1438 507 1580 584 Pontibci,
1607 523 1637 597 et
1662 512 1697 575 dc

905 603 1038 679 Sabellis,
1067 609 1162 673 senior
1183 621 1247 689 post
1264 629 1316 673 eos
1334 608 1491 686 Disconus,
1508 625 1695 674 recesserunt

904 724 923 765 e
950 705 1089 772 Pontiflce
1108 719 1137 769 et
1158 721 1239 771 retro
1267 711 1360 773 oltere
1386 711 1490 773 ibidem
1519 724 1696 791 sumperunt

904 821 1071 886 peramento
1091 808 1149 869 elbi
1166 810 1292 882 coloris,
1320 809 1454 874 videlicet
1476 812 1637 885 amictum,
1665 823 1695 873 et

904 907 1087 971 dalmaticam
1098 932 1109 981 3
1132 911 1211 993 ultre
1234 926 1310 987 quoe
1330 910 1369 971 ll.·
1387 911 1424 971 ti.
1445 911 1607 974 Cerdinelis
1635 912 1692 974 Sc-

904 1011 1009 1083 nensis,
1018 1015 1085 1089 quie
1097 1010 1229 1073 dicturus
1243 1022 1306 1072 eret
1316 1013 1511 1090 evangelium,
1522 1013 1632 1091 eccepit
1646 1013 1693 1071 el·

903 1110 982 1184 bem,
998 1109 1159 1190 cingulum,
1173 1125 1201 1172 et
1215 1112 1318 1173 stolum
1326 1131 1336 1184 3
1352 1122 1561 1191 entequorum
1584 1112 1694 1196 disem-

904 1229 973 1274 sum
986 1231 1005 1272 e
1020 1211 1169 1286 Pontibus,
1181 1224 1363 1275 mcmserunt
1377 1212 1415 1273 sd
1426 1213 1612 1275 assistendum
1627 1213 1691 1273 litt.

903 1311 1021 1394 llomini
1042 1313 1080 1374 de
1098 1313 1243 1376 Columna
1260 1324 1290 1374 et
1310 1313 1346 1374 de
1369 1312 1491 1385 Ursinis,
1505 1324 1570 1393 post
1591 1313 1694 1384 dictos,

902 1415 1029 1477 scitiores
1050 1411 1171 1476 Dioconi
1192 1414 1369 1489 Cerdinnlee,
1387 1427 1436 1489 et,
1457 1413 1502 1476 bis
1524 1414 1618 1474 tribus
1637 1431 1693 1493 pn·

903 1516 994 1586 retis,
1012 1515 1056 1574 illl
1073 1514 1131 1577 duo
1150 1515 1186 1575 ed
1203 1518 1266 1577 loca
1280 1534 1334 1576 sua
1348 1514 1517 1587 redierunt,
1530 1523 1560 1574 et
1576 1512 1606 1572 bi
1619 1513 1694 1572 esti·
1744 1518 1750 1529 ’

903 1623 1000 1675 terunt
1021 1633 1103 1685 more
1123 1617 1216 1676 solito.

943 1714 1063 1784 interim
1082 1727 1216 1778 cantores
1234 1720 1382 1798 ceppellee
1400 1728 1515 1779 nosnos
1536 1717 1564 1776 in
1584 1719 1693 1797 ungulo

898 1813 983 1892 justa
1005 1834 1123 1903 risurum
1145 1828 1227 1878 estre
1254 1817 1360 1899 dotem
1381 1819 1543 1898 cappellam
1571 1830 1693 1890 mutes,

901 1919 1048 1997 prosecuti
1075 1929 1141 1978 sunt
1167 1917 1296 1980 'l'ertiem
1323 1936 1414 1996 usque
1441 1918 1478 1978 ed
1513 1920 1693 1998 capitulum

902 2036 962 2096 quo
989 2036 1041 2097 per
1062 2035 1155 2078 uuum
1180 2038 1217 2080 ex
1235 2019 1303 2099 ipsis
1330 2021 1462 2099 incepto,
1486 2019 1564 2099 Pepa
1589 2034 1694 2080 surre-

902 2121 943 2180 xit
965 2136 1037 2179 cem
1063 2120 1152 2180 mitre
1177 2134 1246 2180 oum
1268 2120 1415 2181 diceretur
1430 2120 1615 2192 rcr·siculus;
1629 2129 1695 2198 post

901 2219 1020 2290 brevem
1042 2220 1258 2300 responsorium
1280 2232 1424 2283 venerunt
1441 2231 1507 2283 ente
1521 2217 1692 2280 Pontificem

902 2321 1106 2400 dooecoolyti
1126 2320 1295 2382 ceroferarii
1316 2338 1386 2381 curn
1411 2321 1492 2383 socio
1512 2338 1588 2394 mco,
1608 2334 1694 2380 ennii

902 2421 1008 2500 pmenti
1029 2420 1140 2499 spetio;
1167 2419 1301 2492 linitoti.
1329 2422 1365 2482 ad
1388 2423 1585 2495 versiculum,
1602 2420 1692 2499 ,Pepa

902 2517 1029 2599 deposito
1049 2520 1103 2580 sibi
1125 2521 1212 2581 mitre
1229 2522 1314 2584 dixit:
1330 2523 1484 2585 Dominus
1511 2521 1693 2592 uobiscum,

900 2621 1100 2683 etorctionem
1120 2641 1154 2682 ex
1176 2623 1264 2694 libro,
1279 2641 1366 2712 opens
1383 2623 1522 2702 subprior
1532 2621 1693 2702 Presbyte-

902 2741 1006 2786 rorum
1031 2722 1241 2800 Cardinslium,
1265 2723 1454 2785 videlicet-ll.
1475 2723 1511 2782 tt.
1531 2721 1693 2783 Cardioelis

901 2822 1086 2885 Norerieusis
1120 2824 1280 2900 ser-vaber,
1323 2823 1441 2885 domim
1474 2822 1693 2902 archiepiscopo

902 2923 1065 2984 ,lbeletensi
1092 2928 1186 3005 ipsum
1211 2925 1383 2998 adiurante,
1407 2936 1437 2985 et
1461 2923 1695 3001 erchiepimcopo

902 3024 1490 3100 benereuteno,assistentibus,,medelum
1504 3033 1626 3094 tenente,
1635 3040 1692 3100 qus

903 3122 992 3198 boile,
1005 3124 1085 3204 Papa
1102 3125 1217 3205 repetiit
1240 3152 1278 3179 2·-
1298 3125 1452 3186 Dominus
1477 3124 1646 3194 vobiscum,
1661 3134 1693 3182 et

902 3237 1056 3299 cantores,
1074 3226 1301 3287 benedicemus
1326 3225 1464 3286 Domino
1490 3235 1545 3285 etc.
1571 3225 1690 3288 interim

902 3328 1070 3389 materani
1090 3326 1240 3388 redierunt
1257 3324 1294 3386 ed
1315 3326 1411 3389 eltare
1423 3323 1478 3408 (ll

943 3429 1039 3488 Finito
1056 3429 1152 3501 tertis,
1165 3428 1197 3489 S.
1209 3428 1244 3491 l).
1257 3427 1293 3487 tl.
1309 3428 1382 3495 sedit
1398 3440 1439 3501 et,
1457 3439 1575 3507 accepta
1591 3427 1690 3498 rnitra,

902 3528 975 3588 levit
984 3547 1097 3600 smnus,
1108 3546 1192 3589 more
1204 3528 1344 3602 solito,ll.
1356 3528 1392 3589 i).
1400 3530 1433 3589 V.
1446 3528 1628 3591 Cancellario
1637 3525 1693 3587 sibi

901 3628 1045 3691 serviente
1058 3639 1096 3688 ‘et
1116 3628 1203 3689 deme
1224 3647 1329 3707 equam
1338 3652 1349 3702 3
1362 3634 1424 3707 qui,
1437 3631 1504 3690 lotis
1524 3640 1554 3690 et
1572 3627 1693 3688 ‘extersis

872 3786 874 3791 .
902 3728 1184 3809 manibus,deposita
1202 3730 1254 3789 eibi
1274 3727 1690 3801 wincelcumbense

901 3831 1024 3909 plurieli
1051 3840 1080 3890 et
1105 3831 1180 3890 stola
1201 3830 1317 3903 rubus,
1344 3832 1456 3911 occepit
1488 3838 1689 3910 paramentum

901 3931 1089 4008 albicoloris
1112 3949 1194 3991 more
1215 3941 1244 3991 et
1263 3931 1366 3992 ordine
1387 3934 1543 4002 emuncto,
1565 3929 1601 3989 lt.
1623 3929 1688 3989 Do·

901 4033 979 4093 mino
996 4030 1153 4093 Cardinele
1171 4031 1290 4092 Senensi
1309 4033 1405 4111 ¹ipsum
1427 4040 1556 4111 perunte.
1618 4037 1620 4040 ’

942 4133 1072 4204 interim,
1094 4131 1164 4191 duni
1193 4131 1325 4192 Pontifex
1344 4142 1511 4210 puramente
1531 4133 1688 4210 acciperet,

900 4250 999 4293 omnes
1018 4232 1081 4292 itit.
1101 4232 1216 4293 Domini
1230 4231 1417 4304 Cerdinales,
1435 4232 1574 4311 preeleti,
1593 4242 1622 4291 et
1639 4231 1689 4291 oi·

901 4331 1007 4395 boioles
1028 4350 1091 4394 sue.
1103 4345 1268 4414 paramenta
1289 4343 1465 4414 occeperunt
1482 4332 1563 4404 elba,
1582 4332 1690 4393 Cardi-

900 4435 978 4494 eules
989 4431 1031 4512 (in
1046 4433 1174 4513 onppelln
1188 4432 1375 4512 praedictnin
1390 4435 1461 4495 locis
1474 4434 1546 4516 suis)
1558 4432 1690 4493 videlicet

900 4531 1034 4613 Episcopi
1061 4535 1287 4613 superpelicium
1311 4545 1341 4595 ct
1365 4536 1502 4614 pluviale,
1521 4535 1690 4615 Presbyteri

940 4807 977 4858 tl)
992 4799 1108 4849 niarium
1119 4798 1263 4848 burchardi
1280 4800 1379 4863 publici
1394 4801 1464 4863 luris
1482 4799 1634 4857 reddentes,
1647 4812 1688 4849 res

900 4880 1067 4931 caerimoniis
1084 4882 1110 4929 et
1128 4879 1189 4928 ritui
1205 4879 1385 4928 ecclesiastico
1403 4879 1506 4927 omnino
1528 4879 1691 4940 spectantes.

899 4962 991 5024 utpote
1007 4959 1134 5009 historico
1152 4957 1236 5007 minus
1252 4957 1340 5016 utiles,
1352 4969 1385 5007 cx
1396 4959 1516 5008 instituto
1533 4954 1688 5005 omittimus.

900 5038 1031 5097 Attamen,
1042 5049 1101 5087 cum
1114 5037 1253 5087 contorsit
1264 5035 1482 5088 caerimoniarum
1491 5037 1620 5097 Magister,
1628 5046 1689 5085 com

899 5129 976 5179 opus,
993 5115 1073 5166 rebus
1085 5113 1314 5178 caerimonialibus
1331 5115 1366 5165 sit
1383 5114 1495 5178 undique
1509 5115 1647 5179 repletum,
1663 5116 1688 5164 in

898 5196 1057 5260 exemplum,
1085 5197 1167 5258 utque
1194 5194 1311 5257 legentes
1336 5197 1468 5258 integrum
1496 5194 1528 5244 de
1559 5197 1688 5256 scriptore

894 5276 1024 5334 judicium
1043 5275 1118 5326 etde
1136 5275 1211 5324 dierii
1229 5275 1314 5323 torma
1330 5262 1402 5323 lerre
1420 5275 1533 5335 possint,
1546 5273 1612 5321 benc
1630 5286 1689 5322 ner·

899 5358 1026 5406 rationem
1048 5370 1079 5406 ex
1099 5355 1220 5417 pluribus
1238 5357 1294 5405 loco
1312 5366 1359 5403 sno
1377 5353 1551 5403 servavimus.

1400 5448 1416 5495 b
