3780 6030
189 267 229 325 36
663 264 946 331 constrictius
967 263 1191 329 innocencii
1212 264 1364 329 celavi.

183 403 411 464 ecclesiasticum
430 421 480 463 seu
502 404 707 478 ecclesiastiea,
720 406 806 468 etiam
823 405 845 464 si
865 404 923 464 diro
940 423 975 465 ex

88 501 93 522 ⁹
186 502 253 582 ipsis
271 521 340 563 cum
361 521 447 577 cura,
469 515 520 564 aut
542 503 705 583 dignitates,
727 507 773 566 vel
794 515 976 585 personatus,

183 614 234 663 aut
252 604 358 677 onmia,
370 604 641 678 administrationes,
664 607 708 667 vel
729 608 834 681 officia,
854 607 976 668 canoni·

182 713 264 763 catus
278 713 305 763 et
317 704 505 782 praebendas,
518 706 732 783 praestimonia,
749 719 779 767 et
796 708 975 785 praestimo-

182 802 272 862 niales
292 804 451 881 portiones,
471 804 608 866 &nehela
629 809 794 880 servitoria,
820 819 974 886 perpetuas

185 902 331 975 vicarias,
352 905 389 963 in·
403 903 617 966 cathedralibus
637 904 724 966 etium
746 908 974 986 metropolitanis

183 1004 229 1063 vel
251 1003 411 1082 collegiatis
429 1006 557 1067 eeclesiis
574 1007 691 1081 suerint,
707 1017 745 1079 et
757 1007 794 1066 ad
810 1007 974 1087 dignitates.

182 1115 363 1181 personatus,
384 1105 663 1178 administrationes,
685 1109 730 1167 vel
750 1107 842 1186 ollieiu
866 1106 974 1185 hujus·

182 1203 260 1264 modi
281 1206 484 1267 corvsueverint
504 1204 592 1285 aliqui
606 1227 657 1287 per
668 1209 837 1270 electionem
853 1211 972 1283 assumi,

182 1305 279 1382 eisque
300 1320 373 1364 eura
395 1306 559 1367 immineret
582 1309 748 1386 animarum
778 1309 816 1368 ad
836 1310 973 1370 collatio-

183 1421 249 1464 nem
271 1416 339 1494 etc,
358 1423 613 1486 quorumcumque
634 1411 822 1482 collatorum,
838 1428 888 1471 seu
907 1412 974 1471 col·

182 1506 319 1567 lotricum
340 1508 370 1569 iu
390 1509 569 1570 coniectione
587 1511 741 1572 literarum
761 1512 974 1592 eligendorum,

182 1607 270 1667 etiam
292 1607 405 1671 titione
425 1609 597 1688 dignitatum
618 1623 686 1685 etc,
714 1615 836 1674 comiter
859 1616 903 1674 vel
925 1614 974 1673 di·

183 1709 269 1768 vlsim
284 1720 410 1789 spectan.
431 1729 625 1787 reservamus,
644 1714 768 1774 inhibeu.
790 1727 846 1776 etc.
866 1733 902 1776 ac
920 1715 973 1777 de·

184 1824 264 1868 cern.
278 1819 335 1869 etc.
355 1809 394 1870 Et
410 1821 441 1870 ut
461 1812 631 1873 celeriorem
646 1814 788 1876 rationem
807 1812 973 1892 hujusmodi

183 1922 398 1988 consequantur
414 1911 538 1984 effectu,
561 1914 666 1975 eisdem
685 1927 769 1976 motu
792 1917 879 1977 simili
900 1936 974 1978 cotr-

183 2009 322 2082 cedimus,
334 2011 527 2091 indulgemus,
538 2032 572 2075 ac
588 2017 722 2076 voltnnus
737 2028 764 2076 et
776 2016 972 2091 decernimus,

183 2110 262 2189 quod
283 2112 311 2171 iu
333 2109 498 2194 hujusmodi
521 2114 724 2177 beneficiorum
745 2117 972 2191 assicuretione,

183 2212 315 2273 omnibus
330 2225 360 2273 et
376 2215 500 2293 siugulis
511 2217 662 2298 personis(
681 2219 767 2278 etiam
786 2218 910 2297 antiquis
925 2219 974 2279 ia·

184 2312 345 2374 miliaribus
369 2318 485 2387 nostris
498 2316 658 2397 descriptis,
682 2338 732 2381 seu
753 2338 805 2398 per
827 2338 896 2393 nos,
922 2331 973 2381 aut

184 2413 219 2474 de
230 2412 367 2475 mandato
380 2427 479 2475 nostro
490 2415 694 2491 describendis,
705 2420 916 2500 cujuscumque
926 2418 974 2480 di·

183 2515 311 2592 gnitstis,
328 2527 431 2589 status,
448 2515 569 2593 gradus,
591 2519 710 2590 ordinis,
734 2538 784 2580 seu
803 2521 971 2580 cottditiouis

182 2613 301 2686 suerint,
318 2613 406 2673 etiam
424 2616 447 2672 si
466 2615 494 2674 in
510 2618 663 2677 canonicas
682 2621 784 2689 creati,
800 2631 829 2680 et
848 2638 973 2698 proces·

182 2713 259 2774 sibus
271 2713 463 2792 diligentiores
473 2716 528 2776 sint
540 2710 551 2796 )
561 2717 677 2779 omnino
689 2717 829 2797 praeferri
841 2708 974 2796 debeant,

184 2824 212 2872 et
245 2813 380 2875 anteferri
393 2803 412 2885 ;ι
426 2832 488 2876 ,non
513 2815 692 2878 obstantibus
721 2819 974 2899 quibuscumque,

184 2927 250 2976 ante
280 2916 423 2987 lationem,
453 2916 685 2995 praerogativis,
715 2919 973 2995 declarationibus,

184 3018 353 3097 privilegiis,
372 3018 474 3096 gratiis
491 3027 521 3078 et
541 3018 668 3090 indultis,
687 3037 721 3080 ac
740 3021 902 3095 unionibus,
916 3041 973 3084 no·

185 3117 310 3176 minandi
331 3129 383 3178 aut
400 3118 568 3180 conserendi
583 3119 779 3193 laestltatibus,
804 3142 839 3183 ae
861 3126 974 3204 specia-

185 3219 259 3279 libus
272 3222 317 3280 vel
327 3219 511 3298 generalibus
523 3222 776 3299 reservationibus,
787 3235 816 3284 et
828 3225 974 3305 primariis

185 3320 359 3399 preeibusa
386 3320 574 3382 familiaribus
604 3325 710 3384 uostris
742 3324 893 3404 descriptis
921 3345 972 3388 seu

185 3415 391 3495 describendis,
411 3441 446 3483 ac
468 3423 619 3501 quibusvis
639 3425 702 3484 aliis
729 3445 781 3504 per
808 3445 860 3487 nos
885 3426 972 3488 etiam

184 3533 265 3584 motu
285 3521 372 3583 simili
392 3534 419 3583 et
438 3542 472 3583 ex
493 3534 573 3585 certa
592 3521 709 3585 seientia
729 3543 799 3585 cum
821 3527 972 3604 quibusvis

182 3624 269 3685 etiam
291 3622 527 3702 derogativarum
549 3622 751 3702 derogatoriis,
772 3637 801 3686 et
826 3627 889 3686 aliis
908 3628 972 3688 ior-

183 3724 305 3806 tioribus
324 3734 353 3783 et
381 3721 591 3807 efficacioribus
611 3741 646 3782 ae
668 3724 785 3784 insolitis
811 3727 970 3802 clausulis,

183 3828 269 3887 etiam
291 3836 373 3887 motu
392 3836 423 3885 et
442 3825 558 3884 scientia
579 3825 736 3899 similibus,
760 3846 811 3888 seu
832 3828 868 3888 ad
894 3846 971 3907 quo-

184 3944 376 4004 rumcumque
388 3926 609 4004 imperatorum,
623 3942 739 4005 regum,
749 3927 872 4001 ducum,
887 3931 972 4009 prin-

184 4029 293 4108 cipum,
313 4040 365 4089 aut
385 4027 596 4108 praelatorum,
618 4044 669 4086 seu
695 4025 823 4105 cujusvis
851 4031 971 4098 alterius

182 4127 326 4200 instantia,
340 4128 481 4198 concessis
495 4145 545 4190 seu
559 4126 757 4188 correedendis.
773 4126 855 4198 Quae
875 4133 969 4193 omnia

183 4240 213 4288 et
237 4228 370 4306 singula,
391 4227 487 4305 quoad
509 4216 676 4304 hujusmodi
699 4225 836 4289 maleficia
856 4249 909 4309 per
923 4231 971 4291 di·

183 4337 244 4387 ctos
264 4327 453 4386 conclavistas
472 4326 673 4407 infrascriptos
692 4329 865 4408 acceptanda
887 4342 918 4392 et
935 4333 970 4395 de

183 4427 288 4505 quibus
314 4428 355 4487 eis
383 4423 535 4505 provideri
558 4428 726 4508 contigerit,
752 4433 887 4492 volumus
912 4453 969 4495 non

74 4546 86 4569 ·
182 4527 306 4601 extendi,
318 4529 404 4588 etiam
416 4530 439 4588 si
451 4529 486 4590 de
500 4529 698 4607 praesentibus
709 4551 870 4611 expressam
887 4553 970 4596 men-

184 4630 291 4690 tionem
312 4629 419 4690 iaciant
439 4649 509 4690 curn
531 4629 650 4691 illorum
672 4631 713 4704 de,
731 4616 821 4695 verbo
841 4635 878 4695 ad
899 4656 969 4698 ver·

183 4731 254 4791 bum
271 4731 436 4805 insertione,
457 4751 491 4792 ac
514 4735 616 4813 regula
635 4733 670 4793 de
693 4734 896 4816 idiomateper
918 4758 969 4799 nos

182 4836 280 4897 forsan
297 4832 437 4904 iacienda,
457 4851 544 4911 quam
560 4835 646 4894 etiam
666 4832 703 4892 ad
719 4837 907 4897 conclavistus
921 4839 967 4898 in-

183 4935 356 5014 frascriptos
387 4935 524 4995 volumus
551 4952 607 4995 non
634 4936 767 4997 extendi:
795 4948 825 4997 et
852 4939 892 4998 ita
913 4958 967 5019 per

182 5051 381 5112 quoscumque
392 5031 518 5117 judiees,
528 5033 674 5095 auditores
688 5046 758 5106 ete,
772 5036 898 5115 judicari
914 5039 967 5100 de·

183 5135 262 5208 bere,
286 5135 469 5197 decernentes
494 5133 612 5193 irritum
632 5145 698 5207 etc,
723 5152 758 5196 ac
784 5137 967 5198 constitutio-

183 5234 277 5309 nibus,
291 5248 320 5297 et
332 5234 559 5297 ordinationibus
582 5235 756 5313 apostolicis,
778 5220 966 5301 ecelesiarum

183 5338 313 5411 statutis,
335 5337 502 5416 juramento
527 5347 595 5408 etc,
622 5336 782 5410 roboratis,
806 5341 966 5420 ceterisque

1723 266 1836 352 (tiss)

1048 407 1200 466 contrariis
1226 406 1457 484 quibuscumque
1482 403 1744 468 nosrobstantibus
1764 420 1834 480 etc,

1047 522 1114 564 eum
1129 507 1266 568 clausulis
1281 506 1460 586 opportunis.

1082 605 1171 676 -ltem,
1192 616 1290 677 motu,
1312 617 1341 664 et
1361 605 1479 665 scientia
1500 606 1661 677 similibus,
1688 608 1786 668 omnia
1806 621 1835 670 et

1045 705 1159 784 singula
1180 703 1323 766 benelieia
1336 705 1528 767 ecelesiastica
1543 725 1611 767 eum
1631 722 1705 768 cura
1725 719 1755 768 et
1773 707 1832 770 siue

1046 822 1119 865 cura
1141 802 1250 885 (etiam
1269 805 1293 863 si
1315 804 1549 889 canonicatoset
1567 807 1750 887 praebendae
1767 811 1834 882 sint,

1043 905 1207 986 dignitates,
1220 894 1671 984 personatus,admiuistrationes
1686 920 1715 969 et
1728 910 1834 982 allicis,

1045 1007 1266 1085 praestimonia,
1283 1007 1531 1085 praestimoniales
1552 1010 1717 1088 portiones,
1739 1012 1836 1070 servi·

1044 1109 1150 1178 toriae,
1166 1107 1193 1166 in
1209 1106 1424 1168 cathedralibus
1438 1109 1525 1168 etiam
1542 1110 1773 1189 metropolitanis
1789 1111 1832 1171 vel

1043 1207 1204 1287 collegiatis
1217 1206 1356 1279 ecclesiis,
1369 1219 1397 1267 et
1412 1206 1564 1286 dignitates
1584 1205 1662 1287 ipsae
1677 1210 1706 1267 in
1726 1208 1834 1269 eisdem

1042 1306 1269 1380 cathedralibus,
1283 1307 1370 1366 etiam
1392 1307 1633 1385 metropolitanis,
1654 1318 1719 1388 post
1733 1309 1835 1388 ponti·

1042 1407 1137 1469 ficales
1149 1408 1286 1488 majores,
1298 1425 1347 1467 seu
1363 1407 1522 1486 collegiatis
1536 1408 1663 1469 ecclesiis
1678 1408 1835 1488 hujusmo-

1040 1508 1080 1579 di,
1095 1509 1280 1587 principales,
1295 1516 1450 1567 accuratae
1461 1517 1489 1568 et
1499 1507 1637 1570 electivae
1652 1526 1706 1587 per
1721 1508 1832 1568 obitum

1042 1608 1254 1688 cujuscumque
1273 1608 1299 1667 in
1316 1606 1446 1666 Bonrana
1466 1609 1625 1678 euria,·vel
1642 1616 1724 1667 extra
1743 1607 1832 1690 eam)

1042 1709 1279 1775 nuncvacautia
1300 1719 1329 1769 et
1352 1718 1508 1779 vacatura,
1530 1718 1559 1769 et
1579 1725 1653 1786 quae
1679 1727 1733 1788 per
1759 1725 1832 1789 pro·

1042 1802 1196 1870 motionem
1218 1825 1472 1886 quarumcumque
1492 1826 1695 1888 personarum,
1716 1807 1754 1868 ad
1781 1827 1831 1869 ca·

1042 1910 1209 1982 thedrales,
1230 1909 1315 1970 etiam
1338 1910 1596 1988 metropolitanas,
1618 1910 1756 1972 eeclesias
1777 1928 1832 1989 pa·

1041 2021 1153 2071 storum
1174 1997 1285 2070 solatiis
1315 2007 1465 2069 destitutas
1493 2019 1617 2079 vacent,
1643 2019 1696 2068 aut
1725 2026 1830 2071 eamve

1042 2110 1238 2190 coeperint,et
1252 2119 1385 2188 speretur
1400 2126 1452 2187 per
1470 2109 1704 2188 procurationem
1724 2106 1830 2189 hujus-

1041 2211 1141 2285 modi,
1167 2221 1219 2270 aut
1243 2208 1389 2271 electionis
1416 2209 1662 2271 confirmationem
1683 2221 1737 2269 aut
1762 2227 1829 2269 mu·

1042 2314 1118 2373 neris
1141 2311 1364 2372 consecrationis
1390 2311 1614 2390 impensionem,
1633 2322 1686 2372 aut
1718 2312 1829 2390 lapsum

1043 2412 1181 2492 temporis
1196 2422 1265 2482 ete,
1279 2421 1307 2471 et
1323 2428 1398 2488 quae
1413 2411 1544 2490 deinceps
1558 2412 1594 2471 ad
1615 2413 1829 2473 coronationem

1042 2525 1173 2575 nostram
1188 2511 1331 2573 vacabunt
1345 2530 1529 2574 reservamus
1540 2503 1614 2584 etc,
1627 2514 1696 2576 solis
1710 2515 1829 2581 concla-

1042 2613 1123 2674 vistis
1150 2612 1340 2685 eonferenda,
1366 2615 1484 2675 cuilibet
1508 2615 1538 2674 in
1570 2633 1621 2676 sua
1655 2615 1828 2694 prouincia,

1041 2713 1162 2776 dioecesi
1184 2714 1230 2776 vel
1249 2712 1408 2785 idiomate,
1428 2725 1481 2775 aut
1501 2714 1556 2774 sub
1576 2714 1676 2776 eodem
1698 2716 1827 2795 principe

1044 2817 1089 2877 vel
1111 2815 1236 2876 dominio
1261 2817 1434 2888 constituta,
1460 2814 1583 2878 inhibeu.
1616 2826 1683 2889 ete,
1716 2833 1751 2876 ac
1778 2815 1828 2876 de-

1042 2934 1156 2977 cernen.
1171 2927 1238 2986 ete,
1256 2916 1343 2977 etism
1362 2912 1520 2976 intentionis
1538 2927 1652 2977 nostrae
1669 2933 1742 2988 esse,
1757 2916 1828 2975 nulli
1850 2952 1854 2959 ·

1034 3018 1125 3077 'alteri
1147 3016 1182 3078 de
1203 3015 1366 3096 hujusmodi
1388 3013 1530 3077 bertedciis
1557 3016 1631 3077 velle
1659 3015 1825 3095 providere,

1041 3117 1221 3182 declarantes
1248 3135 1317 3178 oum
1347 3119 1485 3178 clausulis
1502 3117 1685 3197 ‘praedictis,
1711 3127 1740 3178 et
1766 3117 1827 3176 aliis

1040 3221 1219 3300 opportunis.
1727 3220 1729 3225 “

1085 3322 1226 3381 Volumus
1247 3320 1374 3398 insuper,
1393 3330 1422 3378 et
1437 3331 1520 3379 motu
1540 3320 1637 3390 simili,
1652 3320 1828 3381 venerabili-

1042 3422 1097 3481 bus
1116 3421 1260 3482 iratribus
1280 3421 1385 3479 uostris
1407 3418 1438 3479 S.
1463 3414 1503 3479 R,
1526 3419 1561 3480 E.
1583 3402 1827 3482 vicecancellario

1041 3523 1244 3584 cancellariam
1256 3522 1442 3600 apostolicam
1458 3521 1579 3598 regenti,
1593 3521 1758 3580 secretariis
1772 3512 1827 3581 no·

1040 3623 1121 3695 stris,
1140 3633 1168 3681 et
1189 3621 1300 3681 dilectis
1316 3619 1392 3692 liliis,
1414 3619 1654 3691 rescribendario,
1673 3632 1826 3699 computa·

1041 3722 1109 3794 tori,
1124 3721 1319 3802 deputatisret
1330 3722 1392 3781 aliis
1407 3720 1638 3800 quibuscumque
1656 3719 1827 3781 officialibus

1040 3825 1145 3884 nostris
1164 3805 1251 3884 etiam
1272 3822 1427 3882 literarum
1445 3821 1670 3901 apostolicarum
1685 3821 1826 3882 sollieita-

1040 3924 1168 3994 toribus,
1188 3934 1218 3985 et
1237 3922 1383 3983 Romanae
1405 3922 1504 3982 curiae
1528 3922 1647 3982 notariis
1674 3939 1730 4001 pro
1752 3932 1827 3982 tem·

1039 4044 1111 4105 pore
1145 4023 1330 4085 existentibus
1363 4023 1417 4082 sub
1449 4022 1721 4110 excomunicationis
1755 4024 1827 4082 latae

1039 4125 1191 4189 sententiae
1217 4143 1328 4207 poena,
1349 4136 1489 4202 quatenus
1510 4141 1608 4184 omnes
1639 4132 1668 4184 et
1699 4125 1827 4203 singulas

1039 4228 1138 4288 literas
1158 4227 1329 4306 apostoliens
1347 4243 1434 4303 super
1460 4225 1643 4304 praeinsertis
1663 4223 1827 4287 donationi·

1038 4329 1115 4401 bus,
1137 4324 1402 4399 reservationibus,
1428 4325 1553 4403 gratiis,
1574 4324 1826 4404 dispensationibus

1039 4434 1125 4493 etiam
1146 4429 1261 4489 addua
1284 4429 1329 4489 vei
1352 4427 1407 4488 tria
1428 4426 1651 4507 incompatibilia
1678 4425 1827 4510 beneficia,

1039 4545 1091 4593 aut
1111 4531 1241 4604 tertium,
1262 4550 1297 4592 ac
1318 4512 1468 4609 quibusvis
1486 4527 1548 4589 aliis
1566 4526 1827 4604 impetrationibus,

1039 4644 1067 4693 et
1084 4635 1198 4712 gratiis,
1215 4633 1342 4710 gratiam
1360 4628 1558 4708 veljustitiam
1577 4628 1827 4702 concernentibus,

1038 4751 1072 4794 ue
1096 4733 1290 4813 provisionem
1309 4730 1519 4803 cardinalium,
1539 4742 1568 4791 et
1588 4728 1828 4807 metropolitana·

1038 4852 1105 4895 rum
1126 4832 1334 4905 ecclesiarum,
1359 4815 1391 4896 et
1410 4833 1651 4894 monasteriorum
1680 4848 1828 4908 quorum·

1037 4953 1174 5013 cumque,
1194 4946 1225 4997 et
1240 4934 1305 4995 eliis
1323 4954 1397 5014 quae
1414 4937 1481 5018 ipsis
1497 4947 1625 5014 tempore
1643 4931 1827 5013 pontificatus

1038 5038 1131 5097 nostri
1156 5033 1371 5113 quomodolibet
1397 5037 1540 5100 iacieudas
1563 5036 1751 5118 expediendas
1777 5055 1826 5098 seu

1036 5135 1229 5199 conterendas
1255 5148 1436 5209 occurrant,
1466 5138 1557 5217 gratis
1582 5139 1691 5220 ubique
1717 5140 1827 5219 absque

1036 5241 1134 5319 aliqua
1155 5241 1297 5301 solutione
1317 5240 1346 5301 in
1367 5239 1499 5300 omnibus
1520 5239 1643 5314 officiis,
1662 5242 1750 5302 etiam
1772 5241 1826 5301 ab·

1038 5334 1253 5419 breviaturum,
1276 5341 1425 5421 expediant
1450 5352 1480 5403 et
1500 5340 1625 5421 expediri
1646 5344 1826 5422 permittant,
