3764 6036
183 262 243 323 tas
652 254 935 319 rourtrtcttus
956 251 1180 316 tttttoctttttu
1196 250 1356 314 ucttvt.

1023 391 1114 452 ‘cium
1130 392 1223 469 ipsum
1238 390 1308 450 benc
1324 388 1416 450 revidi
1430 398 1468 448 et
1490 387 1599 447 clarius
1619 385 1769 458 ordinavi,
1781 379 1822 461 sad

183 400 250 459 aisse
272 397 349 475 quod
371 414 458 477 super
482 396 537 458 boc
561 415 673 458 mecum
694 407 767 457 esset
787 405 815 455 et
841 410 969 456 concor·

180 498 249 557 dare
266 498 361 570 rellet,
378 509 442 558 tum
462 497 539 575 quod
555 496 729 558 consuetudo
749 495 891 575 cappellae
914 491 969 554 ob-

182 608 363 670 servaretur,
383 608 411 659 et
433 597 482 657 illa
501 614 561 658 rina
582 597 782 670 excideretur3
808 597 842 656 de
865 594 969 671 quibua

181 698 250 757 nibil
273 698 350 759 dixit.
373 698 530 775 Postquam
551 715 567 756 a
587 697 710 758 Sanctis.
726 696 849 757 Domino
863 693 969 755 Nostro

181 795 307 867 discessi,
328 808 469 857 venerunt
490 796 526 855 ad
546 797 733 858 Sanctitatcm
756 795 846 855 Suam
862 792 970 856 cardi·

181 897 254 957 nalls
286 895 409 957 Sanctae
441 898 604 957 Anastasius
625 909 661 957 etv
677 897 836 976 Episcopus
858 893 969 956 Orator

180 995 346 1075 praedictus
358 1039 367 1068 ,
389 998 438 1074 qui
459 995 648 1058 obtinuerunt
669 1016 685 1055 a
708 995 865 1056 Sanctitate
885 993 969 1065 Sua,

180 1095 258 1172 quod
280 1094 364 1154 lllissa
386 1095 419 1156 de
439 1096 590 1165 Dominica
612 1097 767 1176 praeterita
788 1095 901 1155 dicatur
935 1093 970 1153 de

182 1191 305 1271 Spiritu
327 1192 435 1253 Sancto
465 1195 525 1255 sine
546 1195 643 1271 aliqua
675 1194 969 1255 commemoratione:

183 1291 262 1373 qupd
284 1310 351 1353 cum
368 1294 440 1354 mibi
462 1278 789 1355 inconvenientissimum
805 1295 970 1368 rideretur,

182 1404 208 1453 at
232 1411 330 1454 coram
350 1394 594 1456 Vicecancellnrio
610 1408 638 1456 et
657 1394 803 1475 praedicto
817 1393 970 1455 Cardinala

178 1493 303 1555 Sanctae
334 1496 499 1558 Anastasius
521 1515 566 1557 mc
586 1509 759 1575 opponerem
781 1512 816 1555 ac
846 1494 969 1555 dicerem

186 1586 354 1664 hujusmodi
375 1587 500 1663 illissaiu,
512 1602 541 1651 et
557 1601 655 1652 actum
677 1600 901 1670 propterquam
923 1589 971 1647 di·

181 1700 308 1760 caretur,
331 1689 445 1750 miniine
465 1690 619 1751 convenire
638 1735 647 1763 ,
668 1689 837 1751 cardinalis
849 1688 970 1747 Sanctae

186 1790 348 1851 Anastasius
363 1790 445 1864 disti,
462 1790 517 1851 SS.
531 1791 565 1850 D.
580 1789 614 1850 N.
631 1810 711 1869 posse
731 1807 836 1850 noram
855 1786 971 1846 Missam

183 1891 336 1963 ordinare;
358 1879 387 1950 et
404 1907 494 1968 quare
514 1891 590 1951 non?
605 1891 661 1951 Per
685 1891 762 1951 bunc
773 1900 870 1950 actum
881 1887 971 1947 bliasa

185 1990 220 2052 de
242 1990 354 2070 Spiritu
375 1989 483 2050 Sancto
508 1991 621 2051 dicatur
648 1989 813 2063 commisit,
834 2002 863 2051 et
884 1990 970 2050 Vice-

184 2089 372 2163 cancellarius
400 2091 547 2169 praedicto
574 2090 718 2171 Episcopo
751 2091 828 2169 quod
854 2089 970 2149 Missam

181 2190 216 2252 de
241 2191 354 2270 Spiritu
376 2193 484 2252 Sancto
514 2192 632 2252 omnino
657 2201 687 2252 et
708 2209 764 2252 non
785 2190 970 2252 alitercele·

179 2290 289 2365 braret,
310 2290 463 2354 ordinarit.
816 2303 818 2306 ’
852 2347 854 2349 ,

91 2397 94 2407 “
200 2411 204 2415 ·
220 2394 306 2455 Feria
326 2393 460 2465 secunda,
474 2404 577 2470 quarta
592 2393 694 2453 mensis
711 2389 848 2475 januarii,
863 2392 970 2456 Romae

181 2498 210 2555 in
230 2495 350 2556 ecclesia
373 2493 405 2552 S.
425 2492 587 2553 Salvatoris
606 2511 697 2572 prope
718 2492 845 2554 blantem
861 2493 970 2556 Jorda-

182 2613 252 2655 num
274 2594 476 2673 religiosorum
500 2593 629 2677 habitum
651 2594 820 2654 celestinum
836 2595 968 2656 deleren-

120 2694 123 2700 ⁴
182 2697 267 2769 tium,
287 2694 429 2773 baptizata
447 2693 505 2753 tuit
526 2693 584 2753 fllia
605 2695 845 2756 Francisco‘Ciba
857 2695 913 2756 SS.
932 2697 968 2758 l).

182 2795 216 2856 ll.
227 2796 321 2875 Papae
333 2793 391 2860 filio
406 2813 440 2856 ex
459 2812 548 2854 uxore
564 2813 630 2868 sua,
640 2795 685 2856 die
699 2795 847 2857 Dominica
861 2796 970 2857 decima

181 2899 266 2959 tertia
285 2895 442 2958 decembris
466 2896 593 2973 proxime
607 2895 752 2976 praeteriti
772 2896 880 2957 Romae
894 2908 970 2970 nata,

180 3014 234 3076 per
246 2997 324 3056 tat).
330 2995 512 3058 cardinalem
521 2996 804 3067 vicecancellarium,
815 3009 844 3058 et
854 3000 882 3058 in
894 2997 971 3059 duo·

160 3104 161 3110 ’
182 3099 274 3158 decim
289 3098 413 3157 aliorum
424 3096 620 3157 cardinalium
635 3097 786 3179 (videlicet
805 3096 970 3177 Neapolita·

183 3215 263 3271 num,
286 3197 385 3257 Sancti
405 3196 519 3271 llarci,
538 3198 637 3260 Sancti
657 3201 744 3261 ,Petri
769 3200 806 3259 ad
827 3201 971 3276 Vincula,

184 3298 305 3357 Sanctae
325 3298 431 3357 lllariae
451 3299 479 3356 in
501 3298 634 3373 Portica,
650 3300 748 3360 Sancti
762 3302 876 3379 Angeli‚
892 3301 970 3362 Por-

185 3398 361 3475 tugalensem
382 3399 442 3471 sire
462 3397 700 3474 Ulisbonensem,
720 3400 971 3475 beneventanum,

174 3497 307 3566 ⁴Sanctae
326 3492 510 3570 Anastasiae,
530 3500 565 3559 de
583 3499 690 3573 Eliso,
712 3499 810 3560 Sancti
830 3500 970 3580 Georgii,

184 3597 219 3658 da
240 3595 350 3658 Ursinis
378 3607 407 3656 et
427 3597 606 3680 Ascanium)
632 3603 812 3678 praesentia,
842 3619 969 3679 quorum

184 3700 349 3778 complures
370 3700 530 3776 ccinpatres
552 3697 673 3758 luerunt
687 3743 695 3772 ,
711 3699 777 3773 alii,
798 3711 829 3761 ut
852 3703 970 3776 ullines,

185 3799 270 3860 ricini
300 3798 470 3857 astiterunt:
494 3815 550 3858 non
581 3801 663 3877 potui
696 3809 790 3861 tamen
810 3815 970 3881 compatres

184 3920 253 3980 prae
273 3899 435 3960 contusione
454 3897 489 3956 ab
508 3899 572 3958 aliis
583 3901 744 3962 discernere
750 3923 760 3975 3
773 3903 861 3963 credo
876 3915 970 3965 tamen

184 4020 293 4075 umnec,
308 4008 425 4080 praeter
457 3998 690 4069 Betteventauum
716 4012 745 4063 et
766 4004 916 4077 Ursinum,
934 4006 970 4064 ad

184 4099 452 4182 compaternitatem
475 4111 593 4186 vocatos
611 4122 678 4164 esse.
706 4103 791 4165 Prior
807 4106 969 4167 blattasterii

186 4205 278 4265 dictae
308 4200 474 4273 Ecclesiae,
497 4202 619 4280 pluviali
650 4205 765 4267 indutus
787 4209 814 4266 in
845 4207 971 4268 duarum

184 4305 308 4363 aliorum
339 4300 465 4360 fratrum
492 4299 620 4378 ejusdem
640 4301 777 4378 Ordinis,
798 4309 969 4387 pluvialibus

184 4422 271 4486 super
293 4400 378 4486 cottis
396 4400 562 4463 indutorum
579 4406 653 4474 ‚sibi
673 4409 863 4469 assistentium
883 4431 970 4490 prae-

184 4504 294 4571 sentia,
315 4503 426 4580 peregit
448 4513 539 4562 totum
567 4506 693 4566 officium
725 4509 860 4587 llaptismi
890 4523 970 4573 astra

102 4642 107 4652 ·
184 4615 299 4686 portam
314 4609 343 4662 et
353 4598 435 4676 juxta
453 4593 550 4662 locum
561 4625 616 4685 pro
631 4607 775 4687 baptismo
794 4611 969 4686 ordinatum,

186 4708 236 4786 qui
256 4708 311 4768 luit
340 4704 368 4762 in
392 4704 483 4768 medio
510 4706 592 4767 chori
620 4712 766 4788 usquead
790 4711 838 4771 illa
867 4714 970 4788 rerba,
998 4712 999 4715 ’

183 4810 233 4872 vis
254 4809 430 4889 baptisari,
451 4826 525 4886 qrtae
555 4808 626 4869 dixit
645 4812 921 4886 vicecancellarius,
942 4827 970 4875 et

183 4907 282 4977 deinde
311 4910 437 4988 puellam
464 4910 642 4990 baptizarit,
662 4924 692 4974 et
718 4913 819 4974 deinde
845 4915 970 4974 alliciam

185 5027 277 5086 usque
301 5009 443 5071 adfinem
465 5012 599 5091 peregit,
623 5024 712 5091 prout
733 5015 760 5072 in
783 5031 857 5073 nora
888 5033 971 5074 com-

184 5109 332 5188 paratibus
347 5111 381 5172 de
397 5112 499 5184 rubeo,
511 5124 539 5173 et
560 5113 654 5191 nigro,
673 5132 759 5174 mann
782 5134 844 5177 mea
860 5115 970 5195 scripsi:

185 5227 252 5269 narn
275 5223 356 5289 pater
379 5214 471 5273 voluit
486 5213 562 5291 quod
584 5232 639 5293 ego
657 5216 783 5275 officium
804 5215 971 5292 hujusmodi

184 5327 276 5387 usque
297 5310 332 5370 ad
355 5312 525 5392 baptismum
538 5333 717 5393 peragerem3
738 5328 890 5395 propterea
906 5318 970 5380 olli·

1725 247 1823 333 (troo)

1037 495 1142 556 iratres
1154 494 1206 571 ipsi
1224 493 1250 553 id
1272 511 1324 571 per
1346 490 1382 550 ll.
1403 490 1440 549 D.
1464 488 1647 550 cardinalem
1663 488 1699 547 de
1719 487 1822 548 Ursinis

1036 593 1088 653 sibi
1110 589 1272 667 injunctum
1294 591 1422 649 dixerant
1429 609 1438 661 3
1460 607 1505 648 mc
1526 607 1671 668 opponere
1696 588 1824 659 volui,ut

1036 696 1126 754 etlam
1141 692 1270 763 odicium
1283 687 1449 766 hujusmodi
1467 688 1559 748 debite
1576 696 1777 766 perageretur.
1791 685 1822 743 ll.

1036 793 1071 854 b.
1091 792 1250 854 cardinalis
1272 790 1370 850 Sancti
1386 788 1477 849 llarci
1489 787 1647 865 quamdam
1662 784 1824 845 schedulam

1037 893 1157 952 coniecit
1173 907 1259 950 maria
1281 888 1475 968 sua-propria
1496 890 1646 967 scriptam,
1669 885 1825 965 incipiendo

1035 1003 1113 1065 etc,
1140 1010 1197 1070 ttua
1229 990 1390 1051 continetur
1423 989 1502 1066 quod
1530 986 1720 1068 baptizandus
1749 986 1826 1048 debet

1036 1094 1135 1171 inungi
1155 1103 1184 1152 et
1204 1107 1296 1169 quare
1307 1112 1317 1164 3
1341 1108 1429 1168 quam
1453 1091 1620 1151 schedulam
1639 1090 1669 1147 in
1701 1088 1825 1148 suturam

1037 1192 1203 1253 memoriam
1220 1192 1247 1250 in
1259 1188 1387 1266 ejusdem
1403 1191 1441 1249 ll.
1460 1192 1495 1252 t).
1509 1190 1671 1252 cardinalis
1692 1189 1825 1249 bonorem

1038 1296 1066 1352 in
1087 1291 1163 1352 libro
1185 1288 1322 1366 ejusdem.
1346 1292 1418 1353 lol...
1430 1310 1482 1371 per
1498 1292 1644 1370 integrum
1656 1287 1825 1367 conscripsi.

1036 1393 1124 1453 Filiae
1145 1392 1204 1452 suit
1236 1391 1391 1452 Lucretiae
1423 1409 1527 1452 nomen
1550 1394 1743 1470 impositum3
1769 1398 1827 1448 erat

1038 1503 1134 1552 autem
1156 1491 1212 1552 bac
1231 1490 1318 1552 modo
1338 1492 1513 1552 ordinatum.
1527 1492 1560 1550 ln
1584 1485 1725 1551 Sacristia
1741 1508 1824 1568 para·

1037 1603 1083 1651 tae
1097 1591 1218 1651 luerunt
1239 1591 1305 1651 binc
1326 1586 1434 1652 atinde
1454 1609 1530 1652 xiii.
1559 1591 1639 1651 aedes
1661 1608 1698 1650 es
1721 1590 1824 1650 relluto

1038 1691 1146 1751 diversi
1164 1691 1271 1759 colaris
1287 1709 1343 1769 pro
1360 1691 1572 1763 cardinalibus,
1587 1692 1636 1750 ubi
1652 1709 1683 1750 se
1700 1706 1824 1767 congre·

1036 1792 1194 1870 garantia
1216 1773 1310 1852 medic
1333 1791 1428 1864 chori,
1450 1795 1542 1870 magis
1565 1800 1665 1851 tamen·
1683 1790 1720 1848 ad
1742 1791 1824 1848 altare

1037 1889 1133 1966 majus
1146 1908 1256 1954 versus.
1267 1891 1377 1952 Tabula
1388 1891 1448 1952 sirc
1464 1891 1606 1952 credentia
1618 1908 1727 1970 parra,
1737 1888 1825 1966 lougi-

1037 1992 1136 2053 tudina
1155 1993 1238 2053 tinius
1258 2009 1375 2065 cannae,
1398 1994 1444 2054 rel
1464 1993 1554 2066 circa,
1571 1992 1696 2071 desuper
1720 1989 1823 2050 concba

1038 2103 1174 2171 argentea
1196 2109 1300 2170 magna
1321 2110 1356 2152 ex
1377 2091 1522 2154 credentia
1543 2092 1638 2171 Papae
1662 2110 1720 2170 pro
1740 2109 1823 2170 puero

1038 2192 1209 2272 baptizando
1228 2190 1348 2252 floribus
1368 2211 1498 2272 aspersa,
1519 2195 1548 2252 in
1566 2194 1678 2271 angulo
1692 2191 1825 2253 ecclesiae

1038 2303 1119 2353 extra
1148 2292 1272 2352 eborum
1300 2288 1339 2350 ad
1359 2293 1507 2354 dexteram
1536 2295 1722 2354 intrantium
1737 2293 1825 2352 eccle·

1037 2393 1118 2452 siam.
1141 2391 1292 2455 credentia
1313 2411 1381 2454 cum
1402 2392 1517 2453 duobus
1552 2394 1704 2455 bucalibus
1731 2403 1762 2454 et
1782 2403 1824 2453 ta-

1039 2492 1124 2553 tidem
1145 2491 1284 2554 bacilibus
1304 2512 1358 2572 pro
1379 2493 1500 2572 singulis
1524 2494 1730 2556 cardinalibus
1750 2511 1836 2554 com·-

1037 2592 1188 2672 patribus,
1211 2605 1240 2654 et
1261 2593 1378 2655 totidem
1396 2596 1528 2674 'mappuli
1548 2614 1604 2675 pro
1633 2597 1769 2655 manibus
1786 2597 1826 2655 la·

1042 2695 1196 2772 randis„et
1211 2695 1401 2776 estergendis,
1415 2714 1450 2756 ac
1472 2713 1563 2756 uniam
1584 2716 1637 2776 par
1659 2698 1824 2758 baciliorum

1039 2795 1267 2869 inauratorum,
1293 2807 1322 2857 et
1347 2797 1404 2855 alia
1430 2797 1569 2875 quaedam
1594 2816 1664 2857 rasa
1694 2807 1825 2878 argentea

1038 2899 1184 2967 inaurata,
1199 2896 1324 2957 medulla
1335 2897 1430 2976 panis,
1440 2907 1468 2956 et
1481 2915 1531 2956 aas
1548 2899 1624 2970 salis,
1637 2916 1715 2975 quaa
1736 2901 1825 2960 oninia

1039 3014 1112 3056 tinus
1133 3017 1168 3058 ex
1188 2996 1383 3058 credentiariis
1408 2997 1502 3076 Papae
1516 2999 1704 3059 ordinaverat
1726 3011 1755 3059 et
1775 3017 1826 3059 cu·

1037 3097 1187 3159 stcdiebat.
1210 3100 1283 3157 ltem
1304 3107 1333 3159 et
1354 3110 1521 3177 paramenta
1544 3118 1598 3178 pro
1614 3100 1828 3161 vicecancella-

1038 3198 1083 3257 rio
1104 3197 1287 3276 baptizante,
1309 3196 1440 3257 uidelicet
1460 3200 1714 3279 superpellicium,
1736 3202 1826 3272 stola,
1848 3269 1850 3273 .

1038 3298 1167 3401 pluviale
1188 3298 1299 3371 album,
1320 3309 1349 3357 ct
1370 3297 1456 3357 mitra
1478 3301 1606 3378 simplex,
1629 3320 1705 3378 quae
1733 3303 1827 3362 onmia

1036 3396 1088 3456 sibi
1112 3402 1141 3457 in
1164 3397 1219 3458 boc
1249 3410 1316 3458 actu
1348 3400 1499 3460 convenire
1523 3400 1706 3474 videbantur,
1724 3403 1761 3461 tt.
1790 3401 1827 3461 D.

1036 3497 1133 3558 Sancti
1153 3497 1246 3559 lilarci
1264 3499 1334 3557 milti
1352 3499 1537 3573 assentiente,
1553 3502 1580 3560 in
1595 3503 1721 3583 arbitrio
1736 3513 1827 3562 tamen

1037 3596 1074 3657 ll.
1095 3598 1129 3656 D.
1150 3599 1401 3671 vicecancellarii,
1422 3610 1454 3658 ut
1473 3601 1546 3662 inter
1568 3603 1651 3662 scin
1675 3600 1828 3679 hujusmo-

1037 3698 1176 3778 dingere
1202 3700 1293 3772 solet,
1319 3700 1504 3777 relinquente.
1527 3702 1734 3782 baptizandam
1756 3704 1828 3773 Car·

1035 3799 1175 3859 dinalibus
1187 3801 1319 3859 omnibus
1336 3803 1516 3880 congregatis
1537 3807 1666 3882 portavit
1681 3823 1774 3883 usque
1794 3805 1828 3864 ad

1036 3901 1111 3961 toras
1135 3900 1287 3962 Ecclesiae
1308 3901 1450 3977 queedam
1474 3905 1592 3976 vetula,
1611 3923 1700 3982 quam
1723 3905 1827 3966 ibidem

1036 4005 1146 4080 accepit
1166 4003 1193 4060 ln
1216 4001 1336 4060 brachia
1369 4001 1489 4061 Domina
1528 4001 1561 4064 N.
1590 4023 1664 4066 rrxcr
1688 4005 1828 4086 Principis

1035 4102 1181 4180 Bisignaui
1196 4112 1224 4163 et
1242 4120 1305 4162 eam
1329 4104 1464 4164 continuo
1480 4106 1570 4165 tenuit
1585 4124 1678 4184 usque
1694 4117 1761 4187 piat
1779 4107 1829 4165 ba·

1036 4205 1173 4282 ptismum
1185 4223 1196 4274 ;
1220 4203 1327 4263 lterum
1349 4212 1430 4262 extra
1460 4205 1609 4265 ecclesiam
1631 4205 1723 4267 eidem
1743 4207 1830 4266 Prin·

1036 4304 1153 4382 cipissae
1172 4305 1263 4363 nstitit
1284 4302 1407 4363 Domina
1428 4305 1610 4366 Theodotius
1633 4306 1692 4367 lilia
1712 4307 1829 4387 Papae,

1036 4416 1065 4463 et
1088 4405 1253 4482 cotriplures
1275 4405 1345 4464 aliae
1367 4405 1478 4467 nabiles
1496 4409 1642 4468 mulieres.
1665 4407 1701 4467 lt.
1723 4408 1763 4468 D.
1781 4409 1831 4469 tt·

1038 4506 1277 4579 cecanccllarius,
1304 4525 1358 4584 pro
1378 4495 1473 4568 olfacio
1494 4509 1672 4588 peragendo,
1696 4509 1726 4568 in
1740 4510 1832 4570 cbara

1040 4604 1188 4682 praedicto
1207 4619 1296 4680 stans,
1311 4609 1420 4686 accepit
1438 4626 1524 4688 super
1539 4609 1703 4670 rochettum
1725 4629 1833 4689 super·

1038 4710 1197 4790 pellicium,
1221 4723 1249 4773 et
1270 4713 1375 4773 stolam
1398 4713 1493 4774 albam
1516 4726 1640 4789 tantum,
1660 4716 1787 4796 pluviali
1805 4725 1833 4777 et

1037 4813 1124 4870 mitra
1145 4812 1279 4889 dimissis,
1300 4814 1328 4873 in
1351 4834 1409 4892 qaia
1424 4816 1523 4877 babitu
1538 4817 1714 4896 baptizarit3
1732 4816 1834 4879 deinde

1038 4911 1143 4973 ibidem
1158 4922 1233 4973 ‘cum
1256 4913 1369 4975 duobus
1396 4917 1541 4978 bocalibus
1561 4936 1665 4978 manos
1688 4919 1784 4990 lavit,
1805 4929 1835 4978 ct

1038 5013 1153 5100 dimisso
1185 5014 1285 5074 habitu
1320 5016 1486 5095 hujusmodi
1512 5017 1547 5076 ad
1580 5017 1743 5078 sacristiam
1766 5035 1834 5077 cnm

1037 5115 1099 5174 aliis
1114 5114 1272 5197 bucalibus,
1286 5129 1314 5179 et
1335 5117 1476 5178 bacilibus
1494 5118 1613 5198 siugulis
1635 5138 1692 5197 pro
1712 5118 1779 5192 eis,
1801 5129 1836 5178 ut

1038 5218 1222 5295 praefertur,
1239 5219 1418 5293 ordinatis„
1443 5264 1451 5278 .
1472 5265 1479 5280 .
1500 5263 1508 5279 .
1533 5219 1728 5300 baptizando,
1749 5221 1838 5282 amet

1038 5327 1149 5380 tantum
1169 5337 1237 5380 cum
1255 5334 1332 5397 aqua
1346 5337 1467 5381 crucem
1486 5321 1554 5383 iecit
1578 5338 1667 5400 super
1688 5323 1838 5383 cervicem
