3780 6030
75 274 92 358 r)
458 273 742 340 subintrastis
764 275 987 341 innocnnrtt
1006 272 1156 336 ocuavt.
1595 271 1636 332 dd

75 411 232 473 illustriss
243 412 352 474 familia
362 410 612 496 procreatum-(l)
622 413 774 494 Cujuspe·

88 511 169 574 SD.
185 511 221 574 il-
236 514 400 597 satisiacere
417 513 526 584 rolens,
540 513 568 572 in
584 513 686 592 prinis
699 531 773 593 pro·

75 631 103 673 ss
134 623 175 675 est
201 612 280 691 qnod
307 613 341 674 S.
363 611 424 673 Sua
450 629 505 674 nen
534 613 700 675 intendebat
720 630 773 692 per

81 725 182 776 actum
202 713 312 792 aliquid
332 713 450 785 facere,
472 712 550 791 qttod
571 723 644 774 esset
665 724 767 782 contra

75 818 156 878 icam
176 813 263 875 iidem
285 832 335 875 sen
356 812 529 883 Ecclesiam,
558 824 609 874 aut
628 812 772 874 bonorem

75 912 186 987 deinde,
212 912 309 975 adbuc
322 912 422 974 sedens
441 924 474 974 nt
490 915 572 993 prius
588 929 656 974 carm
675 913 773 987 mitra,

75 1033 93 1075 c
106 1001 194 1076 rerba
210 1014 431 1093 pronunciavit:
452 1047 488 1058 -
504 1013 549 1074 ad
564 1013 704 1077 horrorem
720 1014 772 1077 Dei

75 1156 77 1167 .
98 1113 310 1194 Omnipotentls
329 1114 398 1176 Filii
418 1125 448 1176 at
469 1113 598 1195 Spiritus
613 1116 726 1187 Sancti,
741 1129 774 1188 ¹ot

77 1217 185 1277 tionem
212 1213 277 1275 fidei
302 1226 391 1292 atque
411 1213 597 1276 :christianae
627 1216 775 1296 religionis

75 1327 199 1380 sutum.
229 1315 403 1376 auctoritate
436 1315 525 1395 ipsius
558 1313 774 1395 Omnipotentis

75 1416 151 1476 atris
169 1426 199 1477 et
219 1414 287 1476 Filii
304 1425 336 1479 ‚et
353 1415 484 1495 Spiritus
496 1415 606 1491 Sancti,
617 1417 775 1478 beatorum

80 1527 112 1578 et
134 1516 219 1578 Pauli
240 1528 270 1579 et
291 1530 402 1590 nostra,
422 1516 459 1582 ¹de
483 1516 693 1580 venerabiiium
710 1514 776 1577 fra·

86 1626 258 1678 nostrornm
280 1619 401 1678 consilio
421 1617 605 1678 decernimus
633 1628 663 1679 et
692 1617 775 1678 deffi-

76 1717 147 1790 ,bo.
163 1734 219 1780 me.
236 1716 591 1798 beepoidum,exilinstri
607 1718 694 1779 domo
708 1719 773 1777 Au-

82 1827 285 1898 procreatum,
299 1817 440 1879 Sanctum
459 1836 531 1892 esse,
544 1835 580 1880 ae
598 1804 774 1885 Sanctorum

75 1921 138 1997 logo
157 1917 342 1979 ascribimus..
358 1917 525 1980 statuentes
547 1929 580 1979 ut
600 1918 637 1978 ab
653 1918 776 1982 unirer·

75 2017 197 2090 balea,
216 2035 293 2079 anno
311 2019 453 2097 quolibet,
473 2018 518 2082 die
539 2036 592 2083 xr.
609 2018 785 2080 novembris

75 2135 88 2177 a
108 2117 218 2195 ipsius,
239 2128 268 2179 et
288 2119 428 2190 officium,
446 2120 521 2181 sicut
546 2139 602 2200 pro
622 2112 683 2181 nno
701 2138 775 2181 con-

75 2233 102 2290 c,
115 2215 219 2279 devere
238 2229 267 2278 et
281 2217 448 2280 solemniter
467 2219 642 2281 celebretur.
654 2218 774 2299 insuper

75 2315 273 2378 :authoritate
294 2317 428 2379 omnibns
451 2338 520 2381 rere
541 2319 774 2399 poenitentibus,

75 2416 183 2489 nfcssis,
203 2418 253 2494 qni
283 2419 403 2498 singuiis
424 2421 505 2480 annis
525 2421 560 2480 ad
585 2419 773 2500 sepulchrum

75 2535 112 2578 aa
135 2516 163 2577 in
185 2515 231 2579 dic
249 2517 314 2579 festi
334 2522 520 2592 accesserint,
542 2538 633 2580 urnam
655 2539 776 2592 annum,

75 2660 80 2675 .
101 2616 163 2678 dias
184 2617 220 2678 de
237 2614 377 2695 injunctis
392 2620 444 2680 sibi
459 2621 636 2700 poenitentiis
651 2622 725 2681 mire
746 2624 775 2682 in

75 2735 105 2779 ro
119 2720 291 2780 relaxamus.
309 2749 346 2764 -
358 2718 425 2788 Ono
440 2720 518 2780 iacto
530 2718 565 2779 D.
582 2720 724 2782 Antonius
740 2721 776 2784 de

75 2816 123 2878 bio
144 2828 337 2897 procurator¹
354 2817 458 2881 issatis
479 2831 556 2881 stans
581 2822 609 2880 in
638 2822 777 2881 iocosu-

75 2928 117 2978 :to
136 2929 203 2980 anm
225 2918 511 2998 uitimnm'gradum
535 2921 600 2982 solii
624 2905 720 3002 rapis
740 2912 776 3003 ad

75 3015 153 3080 icem
169 3036 270 3079 versus
289 3018 376 3080 dixit:
400 3052 438 3067 ·-
453 3020 492 3082 a:
508 3039 563 3100 ego
581 3021 722 3082 antonius
741 3022 776 3084 dc

75 3118 120 3179 bio
141 3117 173 3178 S.
195 3117 231 3179 D.
253 3116 288 3179 tl.
312 3122 491 3198 procurator
516 3120 628 3182 'fiscalis
655 3140 729 3202 rogo
748 3135 777 3185 et

75 3236 104 3279 :o
120 3236 174 3280 ros
192 3236 293 3280 omnes
307 3231 336 3281 et
350 3220 480 3300 singulos
500 3221 633 3282 dominos
651 3221 776 3302 protho-

75 3337 121 3391 os,
141 3317 283 3380 Camenae
301 3320 483 3399 spostolicae
501 3322 635 3394 clericos,
647 3318 777 3400 aliasque

75 3438 111 3480 oa
131 3418 179 3479 bic
205 3430 368 3497 praesentes
390 3432 424 3480 nt
444 3420 479 3481 de
499 3422 706 3501 protestatione
725 3436 776 3500 per

75 3530 204 3584 nostrum
216 3519 325 3598 Papam
337 3521 505 3599 praemissa,
516 3519 675 3583 rauciens
685 3539 776 3582 unum

75 3637 127 3680 nra
158 3619 308 3698 pubiicum
331 3621 579 3693 instrumentum,
603 3632 633 3683 ct
654 3623 778 3682 instru-

75 3744 88 3777 t.
110 3752 142 3762 -
161 3717 211 3792 Et,
225 3739 260 3779 eo
278 3719 368 3792 dicto,
379 3719 421 3779 l).
437 3722 611 3783 Franciscus
628 3720 663 3782 de
678 3720 776 3783 Padua

75 3820 196 3892 satanin
208 3820 307 3881 eodem
322 3821 388 3882 loco
402 3821 463 3901 ipso
474 3822 509 3881 Ι).
518 3823 643 3884 Antonio
652 3822 778 3898 sedeate,

86 3937 192 3980 eorum
211 3938 312 3980 versus
338 3920 434 3982 dixit:
454 3955 494 3967 -
520 3921 560 3983 lit
579 3940 635 4001 ego
652 3923 777 3985 Franci·

75 4018 106 4080 ie
127 4018 226 4078 Padua
244 4020 359 4081 nonnae
377 4021 584 4099 procuratorio
597 4020 777 4083 serenissimi

75 4121 123 4200 ipis
134 4131 163 4179 ct
174 4118 301 4192 Domini,
314 4120 433 4195 Domini
439 4120 570 4183 Fetlerici
577 4121 701 4183 Romani
712 4124 775 4183 lrn·

75 4221 129 4281 sris
151 4239 264 4299 semper
286 4220 410 4300 Augusti
437 4239 512 4301 rogo
531 4232 561 4282 et
583 4223 703 4300 requiro
725 4241 777 4284 ros

75 4341 80 4378 r
114 4329 144 4380 et
176 4319 305 4399 singulos
326 4319 389 4380 lili.
422 4320 485 4381 DD.
519 4321 777 4402 prothonotarios,

75 4439 113 4481 ne
135 4419 264 4481 notarios
278 4420 326 4482 bic
347 4433 511 4501 praesentes
531 4433 668 4502 utsupra
685 4421 777 4499 buju·

110 4519 231 4580 solemni
263 4521 496 4594 carronizationc,
529 4532 597 4583 actu
617 4521 777 4584 coniicistis

107 4629 136 4680 et
166 4621 253 4699 plura
280 4620 431 4700 pubiicum
452 4638 505 4684 aen
526 4622 643 4702 publica
665 4625 778 4684 instru-

75 4750 91 4794 i,
112 4731 142 4782 et
163 4741 178 4780 a
201 4720 232 4781 S.
248 4721 294 4795 V,
310 4722 476 4784 Rectissime
498 4723 596 4796 Pater,
611 4721 727 4783 decerni
748 4734 776 4785 et

75 4822 232 4897 dibulim,
252 4835 281 4885 ct
312 4824 410 4894 literas
431 4826 712 4905 apostolicassnper
734 4824 778 4884 bis

77 5038 229 5090 Orationem
247 5053 262 5089 a
279 5039 421 5093 francisca
438 5040 471 5091 de
482 5039 580 5101 „Padus
598 5052 680 5102 super
695 5028 777 5090 Beato

75 5119 119 5168 ido
133 5119 235 5182 jamdiu
257 5119 370 5180 dictam,
393 5120 464 5184 typis
483 5120 659 5182 promulgavit
674 5119 777 5179 Sarius,

75 5197 101 5259 ii,
117 5202 148 5249 13
163 5197 312 5248 novembris.
328 5199 478 5262 bernaldus
491 5211 523 5248 ex
542 5211 571 5247 aa
589 5200 690 5260 partem
708 5197 777 5246 inse-

75 5290 80 5326 ι
98 5276 251 5336 annalibus,
269 5282 294 5328 at
312 5279 472 5340 praesertim
490 5277 619 5340 quaedam
637 5276 721 5325 rciats
743 5274 775 5325 dc

75 5357 152 5419 meldi
169 5360 224 5409 rita
242 5364 269 5408 et
286 5359 426 5410 miracolis.
463 5357 466 5359 *
530 5414 534 5418 ,

845 422 1016 493 oportunae.
1032 410 1141 488 iliaque
1161 408 1245 470 dictis
1266 407 1297 469 S.
1320 409 1355 468 D.
1378 407 1411 469 li.
1430 418 1508 470 stans
1526 407 1638 470 detemo
1688 449 1691 452 -

840 513 937 592 capite
956 529 1059 573 sersus
1080 510 1116 569 ad
1137 511 1252 583 altare,
1277 527 1337 571 nno
1357 528 1392 571 ex
1413 509 1480 590 ipsis
1501 508 1637 570 assistam-

841 612 917 674 tibus
935 611 1047 673 librum
1068 619 1182 672 tenente
1202 609 1293 670 dixit:
1326 609 1367 673 Tc
1391 607 1491 670 Deam
1520 610 1637 672 londo·

840 731 930 786 mor,
951 711 1120 774 cantoribus
1140 711 1326 789 sequentibus
1354 728 1450 790 usque
1469 711 1506 770 ad
1526 709 1635 785 amm,

840 811 919 894 Papa
941 813 1079 874 continuo
1100 813 1163 872 sine
1183 813 1269 871 mitra
1291 821 1393 872 stante.
1412 809 1478 881 Ouo
1499 810 1578 872 linito
1598 811 1634 871 li.

840 914 877 975 D.
903 913 1065 977 Cardinaiis
1092 912 1226 973 Senensis
1251 911 1414 974 adexteris
1439 910 1536 991 Papae
1561 914 1638 972 assi·

841 1025 918 1078 siens
938 1013 1008 1077 dixit
1020 1015 1086 1074 faita
1110 1031 1181 1074 roca
1200 1012 1229 1073 in
1243 1029 1297 1072 suo
1311 1024 1389 1073 stans
1403 1014 1479 1074 loco:
1497 1012 1562 1074 Ore
1577 1031 1636 1092 pro

841 1117 945 1189 nobis,
958 1117 1056 1179 Beate
1076 1115 1251 1196 bcopoirie3
1267 1125 1399 1175 cantores
1411 1113 1636 1194 responderunt:

845 1217 887 1278 tJr
912 1217 1003 1298 dipni
1028 1227 1083 1277 ctc.
1105 1215 1183 1277 Tum
1203 1214 1282 1295 Papa
1302 1225 1382 1276 stans
1403 1226 1437 1276 ut
1456 1214 1548 1295 prius,
1572 1215 1636 1295 epi-

842 1333 929 1396 scopo
955 1317 1101 1376 assistente
1127 1331 1184 1374 non
1203 1299 1350 1376 Cardinaii
1381 1314 1491 1375 librum
1514 1324 1637 1387 tenente,

842 1417 927 1489 dixit:
953 1416 1090 1488 Orcmns.
1115 1417 1230 1478 Adesto
1250 1415 1388 1477 Domine
1407 1425 1463 1479 etc.
1484 1415 1537 1476 ilis
1554 1400 1637 1475 dictis

842 1516 1007 1596 praedictus
1027 1515 1190 1577 Cardinalls
1200 1514 1344 1576 Senensis
1358 1514 1484 1576 ascendit
1498 1514 1534 1585 de
1547 1516 1640 1594 ,piano

842 1617 988 1696 superiori
1008 1616 1069 1676 solii
1091 1614 1201 1694 Papae,
1225 1626 1256 1675 et
1276 1624 1353 1675 stans
1377 1616 1406 1675 in
1426 1614 1523 1694 primo
1543 1612 1639 1691 mado

843 1717 879 1777 ad
900 1718 1047 1778 dexteram
1069 1714 1217 1776 Pontlbcis
1246 1715 1283 1776 ad
1309 1733 1377 1777 eum
1413 1733 1525 1787 versus,
1545 1712 1637 1794 capite

842 1813 990 1889 inclinato,
1001 1815 1070 1879 dixit
1079 1817 1137 1877 alta
1149 1834 1220 1876 roca
1231 1835 1239 1875 :
1250 1815 1409 1895 Confiteor
1421 1814 1489 1876 Deo
1499 1813 1637 1876 etcTum
1694 1824 1696 1826 ’

840 1917 930 1997 Papa>
943 1918 980 1977 ad
1008 1917 1079 1978 baec
1095 1917 1164 1976 sinc
1191 1915 1279 1976 mitra
1300 1927 1388 2004 stans,
1409 1915 1545 1995 episcopo
1565 1915 1639 1974 assi·

819 2038 822 2043 ’
842 2018 933 2080 stante
953 2018 1010 2078 non
1032 2016 1178 2079 l'ardinali
1201 2014 1309 2076 librum
1329 2025 1449 2087 tenente,
1469 2014 1539 2075 dixit
1555 2031 1639 2075 more

842 2118 941 2178 soluo:
964 2117 1117 2179 Precibus
1136 2127 1166 2178 et
1188 2116 1310 2177 meritis
1328 2126 1383 2177 etc.

884 2214 998 2285 Onibns
1018 2215 1111 2290 dictis,
1122 2215 1199 2296 Papa
1214 2217 1243 2278 in
1258 2215 1334 2277 dicta
1351 2215 1416 2276 sede
1434 2233 1487 2275 sna
1505 2215 1640 2294 depositis

816 2362 821 2370 .
844 2319 931 2380 mitra
944 2317 1065 2396 pluviali
1086 2328 1115 2377 ct
1135 2319 1219 2386 stola,
1233 2316 1454 2396 accepitomnia
1469 2326 1638 2395 paramenta

843 2416 1018 2498 pontificalia
1038 2417 1095 2477 eibi
1117 2417 1233 2489 coloris,
1247 2416 1379 2476 manibus
1394 2417 1476 2495 prius
1492 2416 1568 2490 iotis,
1583 2434 1638 2476 oe·

844 2519 909 2581 dine
918 2528 1067 2591 consueto,
1079 2518 1246 2578 cantoribus
1260 2518 1376 2579 interim
1386 2516 1456 2578 nibil
1472 2514 1640 2585 dicentibus,

843 2632 871 2681 et
882 2637 937 2679 nen
952 2619 1071 2679 inerunt
1080 2617 1172 2678 dictae
1185 2617 1309 2679 Tertiae.
1321 2617 1454 2700 Deceptis
1464 2618 1639 2696 paramentis

843 2720 976 2782 Pontifex
1000 2717 1143 2780 descendit
1163 2719 1199 2777 ad
1221 2720 1324 2791 altare,
1345 2719 1413 2780 fecit
1433 2717 1638 2779 confessionem

843 2831 872 2883 et
885 2821 1025 2900 processit
1041 2822 1069 2880 in
1086 2822 1169 2881 missa
1185 2821 1286 2882 ordine
1303 2831 1450 2881 consueto.
1463 2818 1548 2882 llissa
1564 2819 1640 2879 dicta

844 2933 887 2982 est
910 2921 945 2982 de
966 2918 1128 3001 Epiphania
1156 2938 1224 2981 cnrn
1250 2917 1524 2982 commemoratione
1547 2918 1583 2978 dc
1608 2917 1639 2977 S.

846 3020 994 3101 beopoido
1015 3020 1069 3081 sub
1090 3021 1159 3091 alia,
1175 3030 1209 3089 ct
1234 3021 1263 3095 in
1285 3020 1489 3091 conclusione,
1506 3018 1577 3078 dum
1595 3016 1642 3075 di-

845 3123 922 3182 citur
939 3120 1060 3193 Credo,
1070 3121 1264 3187 offertorium,
1279 3119 1411 3180 videlicet
1435 3118 1579 3190 candelas,
1594 3117 1639 3175 vi·

845 3241 914 3284 num
930 3265 938 3294 ,
957 3226 1068 3301 panes,
1088 3232 1117 3282 ct
1140 3221 1195 3281 alia
1222 3221 1258 3279 ed
1279 3219 1459 3300 offerendum
1476 3218 1633 3293 ordinata,
1685 3228 1687 3231 ·

845 3342 920 3402 quae
943 3340 1035 3409 troque
1057 3333 1126 3389 tnnc
1155 3321 1184 3380 in
1205 3320 1322 3386 basilice
1349 3319 1498 3400 praedicta
1519 3335 1641 3380 conser-

846 3435 923 3496 vata,
945 3423 1065 3483 fucrurrt
1083 3432 1198 3500 portata
1219 3420 1422 3498 aquibusdam
1438 3420 1583 3482 scutiferis
1603 3420 1639 3479 ad

846 3523 901 3585 boc
925 3541 977 3602 per
999 3519 1141 3585 Oratores
1162 3520 1424 3582 eanoninmtionem
1446 3519 1520 3579 bano
1541 3518 1640 3579 solici-

845 3635 936 3686 tantes
951 3625 1024 3684 inter
1038 3623 1163 3702 primam
1181 3631 1209 3683 et
1227 3618 1381 3682 secundam
1398 3631 1497 3698 portas
1509 3620 1639 3698 suggesti

845 3723 999 3803 praedicti:
1020 3733 1049 3784 et
1071 3719 1151 3784 linito
1169 3720 1284 3791 Oresio,
1305 3718 1370 3779 titt.
1392 3719 1455 3781 nt).
1472 3719 1639 3781 Vicecame·

846 3827 953 3896 rarius,
968 3823 1196 3891 bisinianensis,
1209 3824 1259 3900 qni
1274 3822 1355 3900 prins
1366 3818 1549 3880 Novaniensis
1563 3830 1638 3888 erat,

845 3938 873 3986 ct
894 3925 1037 3996 Senensis,
1051 3922 1219 3983 Cardineles
1237 3921 1432 3983 commissarii
1453 3920 1482 3979 in
1497 3938 1531 3979 ea
1552 3918 1640 3997 bujus

845 4024 1068 4087 canonizationis
1086 4021 1316 4100 aliasdepntati,
1336 4021 1371 4080 de.
1385 4021 1445 4079 suis
1460 4019 1530 4080 iocis
1551 4036 1638 4080 rme·

846 4137 917 4186 runt
939 4143 1030 4202 nsque
1057 4122 1093 4182 ad
1120 4121 1276 4184 secundam
1297 4130 1412 4200 portam
1433 4120 1637 4198 superiorem,

846 4226 979 4287 videlicet
1005 4224 1074 4285 dicti
1107 4224 1235 4302 suggesti
1267 4221 1372 4281 ibidem
1404 4231 1517 4298 tempus
1549 4237 1638 4299 expe·

845 4337 961 4386 ctantcs.
991 4322 1030 4383 Et
1056 4340 1123 4383 cnm
1150 4321 1300 4393 Pontefex,
1319 4319 1398 4381 dicto
1420 4320 1581 4392 offertorio,
1608 4319 1637 4378 in

843 4425 909 4486 sede
930 4443 982 4484 sua
1003 4422 1147 4494 eminenti,
1166 4421 1239 4482 solio
1255 4419 1341 4482 viridi
1360 4419 1471 4482 sederet
1489 4420 1518 4480 in
1538 4420 1637 4490 mitra,

843 4536 1027 4586 accesserunt
1040 4535 1099 4584 tres
1112 4522 1281 4584 cardinales
1295 4508 1485 4600 cotrrmissar·ii
1498 4518 1637 4600 praedicti

844 4644 911 4687 cunr
932 4625 1078 4685 scutiferis
1099 4635 1128 4686 ct
1149 4621 1336 4694 Oratoribus,
1356 4621 1537 4685 offertorium
1563 4637 1637 4698 por-

845 4736 936 4786 tentes
965 4724 1022 4785 boc
1049 4722 1173 4785 ordine·
1187 4723 1290 4784 Primo
1309 4721 1356 4783 li.
1387 4721 1636 4782 Vicccamerarius

846 4844 933 4905 quern
953 4824 1148 4903 mouebantur
1164 4824 1222 4885 duo
1237 4823 1365 4884 scutiferi
1380 4819 1542 4900 praedictos
1563 4818 1636 4879 duos

845 4946 967 5007 magnos
986 4945 1084 4988 cereos
1117 4943 1200 4986 cerae
1225 4924 1307 4984 albac
1334 4932 1480 5002 portantes
1503 4938 1563 4980 non
1583 4938 1637 4981 ac·

844 5048 953 5103 censos,
966 5025 1125 5106 quemlibet
1140 5042 1172 5086 x.
1190 5023 1343 5085 librarum.
1358 5021 1428 5084 Post
1439 5021 1503 5082 iilos
1521 5020 1637 5099 magni-

845 5129 917 5193 bcns
939 5129 1080 5190 Dominus
1100 5124 1297 5202 lilarquardus
1316 5123 1490 5200 Drisaqner,
1512 5122 1637 5193 doctor,

843 5243 871 5292 et
893 5231 997 5303 miles,
1019 5228 1132 5309 primns
1159 5225 1270 5288 Orator
1296 5225 1371 5287 banc
1390 5223 1635 5287 canonizationem

844 5328 999 5405 salicitana,
1021 5333 1072 5409 qni
1101 5331 1128 5390 in
1151 5329 1268 5391 dextera
1292 5321 1526 5391 unum'csreum
1554 5344 1636 5389 cerae

1348 5446 1363 5492 o
