3764 6036
192 273 254 334 lbi

189 411 309 472 domurn
331 410 506 491 praedictam
528 414 556 473 in
578 425 636 473 ona
658 432 714 475 non
738 459 745 473 .
766 460 773 474 .
797 461 803 473 .
828 459 857 484 .‚
879 413 975 473 sedin

190 513 267 586 alia,
289 532 341 593 per
358 530 447 591 quarn
467 514 518 593 ipsi
546 516 740 576 communiter
761 516 799 576 ad
831 516 975 576 Palatium

646 274 928 339 POleFlCATUS
950 269 1171 336 lNNDCENTll
1192 269 1344 334 ocrtvt.

1722 268 1827 355 (⁴⁴8⁸)

1041 412 1211 490 lmpcratrix
1243 431 1312 472 cum
1339 412 1516 491 lrnperatore
1544 410 1670 472 renitet
1695 428 1765 471 cum
1792 431 1824 473 so

1042 523 1155 592 recepta
1176 512 1231 573 init
1251 515 1300 574 illo
1321 511 1451 585 honore,
1467 522 1556 592 prout
1581 512 1610 571 in
1632 513 1823 574 caerimoniali

148 668 150 675 .
190 613 288 674 venire
309 615 411 685 solent,
424 611 579 674 ilrmarunt
594 634 634 687 se,
656 627 684 676 et
703 635 758 696 ego
779 617 835 676 dixi
849 616 976 695 Reginae
1040 612 1201 672 ordinatur.

189 724 222 772 ut
244 712 407 792 cappellum
429 714 584 792 deponeret
604 716 828 794 aliquantulum,
850 728 878 777 et
893 729 975 779 ante·

190 812 307 875 cederet
323 814 441 892 singuiis
456 813 658 877 Cardiualibus
679 829 707 877 et
728 818 837 896 gratias
859 830 975 898 ageret3

190 912 322 973 sedeam
345 915 393 973 illa
413 932 457 974 me
477 917 636 995 intelligere
658 920 757 990 nollet,
775 937 866 997 neque
880 937 916 978 ex
931 920 977 979 di·

190 1016 330 1074 aeretione
350 1034 380 1074 se
401 1014 555 1075 humanam
577 1018 734 1099 osteudere,
754 1018 827 1090 dixi,
851 1031 973 1082 utente

191 1112 294 1174 domus
315 1131 384 1176 suae
403 1116 508 1175 ostium
529 1116 682 1193 equitaret,
695 1129 724 1183 et
745 1118 848 1179 ibidem
871 1117 980 1186 Cardis

191 1214 303 1275 nalibus
313 1216 421 1294 gratias
432 1227 539 1294 ageret.
558 1219 608 1279 llla
628 1218 767 1296 equitavit
781 1230 846 1280 ante
860 1222 977 1293 ostium,

192 1315 336 1377 descendit
358 1315 393 1377 de
411 1333 502 1393 equo,
522 1328 549 1377 et
572 1318 690 1378 intravit
710 1318 745 1379 ad
766 1319 883 1380 domum
909 1322 978 1381 abs-

192 1435 248 1495 que
269 1436 304 1478 eo
324 1415 402 1494 quod
435 1417 631 1479 cardinalium
661 1421 787 1497 aliquem
816 1422 976 1501 inspiceret.

192 1516 359 1577 Cardinales
379 1517 479 1577 deinde
498 1531 683 1580 recesserunt
704 1533 733 1581 et
751 1520 856 1583 domos
881 1521 978 1583 redie-

190 1628 270 1677 runt.
292 1618 376 1678 Venit
397 1630 492 1679 autern
515 1618 721 1700 uaeettegrna
747 1619 869 1681 Romam
892 1642 978 1702 pere·

192 1718 361 1797 grinatiouis
377 1736 475 1789 carisa,
492 1717 592 1781 deinde
607 1720 794 1800 sepulchrum
815 1722 977 1784 Salvatoris

192 1818 284 1879 nostri
313 1818 341 1877 in
374 1817 554 1879 Hierusalem
586 1821 747 1881 visitatura.
776 1822 851 1883 Cum
880 1834 976 1884 autem

190 1918 304 1998 pridem
329 1919 539 1990 intellexerim,
559 1920 587 1978 in
620 1922 788 1983 consistorio
809 1923 977 1984 conclusum

192 2017 351 2097 essequod
373 2013 483 2097 Regina
506 2017 576 2079 baec
597 2020 685 2100 recipi
720 2021 835 2083 deberet
867 2042 901 2084 eo
922 2023 978 2094 lxo·

193 2134 275 2191 nore,
288 2136 346 2196 quo
367 2119 439 2179 alias
459 2120 513 2180 luit
534 2132 660 2201 recepta,
682 2124 818 2203 proposui
835 2118 905 2184 baec
921 2123 976 2185 SS.

190 2217 227 2279 D.
248 2217 297 2291 N„
316 2238 384 2280 cum
402 2220 478 2299 apud
501 2220 533 2280 S.
552 2221 686 2282 Marcum
707 2236 796 2295 esset,
816 2243 889 2301 quae
908 2223 977 2286 huie

191 2318 234 2379 rel
249 2323 402 2379 conventre
422 2320 606 2397 videbantur,
619 2321 672 2381 sub
685 2322 728 2381 bis
744 2323 854 2383 verbis:
867 2348 883 2379 ι
904 2323 977 2383 Rea-

192 2418 297 2478 tissime
318 2417 414 2480 Pater.
437 2419 513 2478 Alias
536 2418 679 2481 Sanctitas
706 2423 808 2483 Vestra
828 2424 976 2486 inundavit

191 2515 315 2578 Domino
341 2520 474 2599 episcopo
502 2520 652 2595 Plautino,
674 2534 707 2582 ut
731 2525 917 2585 caerimonias
948 2526 977 2586 in

194 2618 301 2677 bonurn
322 2617 452 2679 ordinem
468 2620 636 2693 reduceret,
658 2624 687 2683 in
709 2623 793 2702 cujus
810 2625 977 2689 reductione

192 2719 336 2796 reperitur
353 2718 461 2797 Regem
477 2732 506 2780 et
526 2720 666 2799 Reginam
687 2725 749 2805 pari
766 2725 875 2786 bonore
889 2728 976 2806 recipi

191 2817 303 2879 debere.
337 2818 398 2879 Pro
417 2818 540 2881 advento
567 2821 695 2901 Reginae
722 2823 826 2887 Daciae
854 2828 977 2889 intellexi

189 2919 355 2980 ordinatum
374 2919 453 3000 quod
475 2921 630 3002 recipiatur
642 2943 679 3000 eo
700 2925 888 3004 ordineque
907 2928 976 2988 alias

189 3017 244 3077 luit
265 3032 394 3099 recepta3
407 3021 461 3080 luit
481 3033 578 3082 autem
601 3035 670 3084 tunc
691 3042 707 3083 a
730 3024 792 3084 RR.
816 3025 879 3087 DD.
900 3027 977 3088 Car·

190 3116 331 3179 dinalibus
354 3121 543 3200 collegialiter
563 3136 642 3184 extra
669 3137 785 3204 portam
817 3127 905 3189 Urbis
924 3148 984 3189 ex-

191 3231 314 3297 pectata,
325 3232 353 3283 et
371 3221 470 3283 deinde
489 3223 525 3281 ad
545 3222 634 3286 bonae
650 3230 803 3288 memoriae
818 3226 977 3289 Cardinalis

192 3317 339 3382 Mantuani
354 3306 483 3397 domum,
494 3326 572 3404 apud
593 3308 678 3403 quem
696 3326 838 3408 bos-pilata
860 3340 912 3403 est,
927 3348 976 3390 as·

193 3423 299 3482 sociata
305 3443 315 3495 3
332 3422 408 3500 qnod
425 3424 524 3494 statui,
546 3425 647 3486 honori
663 3438 692 3487 et
706 3427 838 3507 dignitati
856 3430 978 3509 Collegii

194 3518 390 3583 Cardinalium
421 3542 567 3602 nunquam
594 3528 748 3589 convenire
778 3529 908 3602 videtur,
930 3531 978 3592 sed

196 3624 292 3701 potius
313 3623 408 3700 quod,
428 3635 580 3703 postquam
602 3647 617 3684 a
639 3625 768 3706 Collegio
790 3641 902 3709 recepta
924 3631 979 3693 iuit

199 3734 281 3783 extra
308 3734 439 3802 portam,
461 3728 617 3786 associetur
639 3726 674 3785 ab
696 3730 756 3806 ipso
779 3729 815 3788 ad
841 3734 978 3808 palatium

191 3823 389 3905 Apostolieum
405 3824 441 3883 ad
466 3836 553 3905 eaput
573 3845 669 3900 suum,
684 3829 762 3906 quod
780 3841 822 3889 est
838 3828 979 3893 Sanctitas

197 3924 313 3999 Vestra,
330 3936 358 3986 et
373 3925 471 3987 locum
493 3926 538 3987 sui
559 3925 700 4008 Collegii3
716 3941 744 3992 et
766 3932 832 4009 quia
848 3934 979 4012 peregri·

192 4027 314 4087 trationis
340 4029 540 4099 muceranii,
562 4029 652 4108 ipsam
672 4031 752 4109 prius
773 4032 809 4091 ad
829 4034 977 4095 ecclesiam

194 4124 317 4198 ducere,
338 4126 437 4187 deinde
456 4126 492 4186 ad
510 4127 699 4189 Sanctitatem
725 4132 872 4205 Vestram,
893 4146 979 4213 prout

194 4229 314 4288 innovo
336 4228 531 4287 caerimoniali
553 4239 596 4289 est
617 4231 791 4306 ordinatum,
807 4232 919 4293 videtur
937 4234 977 4294 rei

192 4328 298 4409 optime
325 4330 501 4409 convenire3
530 4350 564 4392 ae
596 4333 674 4392 voltu
701 4333 732 4394 S.
763 4335 808 4407 V.,
832 4322 979 4414 tamquam

194 4429 436 4503 caerimoniarum
448 4433 587 4503 minister,
600 4434 835 4511 proposuissent
846 4436 895 4494 illa
906 4454 979 4513 quae

192 4529 255 4593 deri
273 4531 397 4592 voluerit
411 4529 525 4590 mandet
537 4555 563 4588 ι.
577 4531 608 4590 S.
623 4533 658 4591 D.
670 4530 716 4604 lb,
726 4533 823 4594 habito
839 4552 907 4594 curn
922 4536 979 4594 ali-

194 4631 299 4709 quibus
320 4651 354 4692 ex
375 4629 439 4690 RH.
461 4631 524 4690 DD.
547 4630 747 4692 Cardinalibus
763 4635 892 4702 consilio,
909 4634 978 4693 mibi

195 4731 354 4812 respondit,
367 4732 456 4812 ipsam
471 4731 609 4810 Reginam
625 4743 703 4793 extra
723 4745 836 4813 portant
858 4733 945 4795 Urbis
963 4753 978 4793 a

193 4831 393 4893 Cardinalibus
413 4833 557 4912 recipiet
577 4833 613 4891 ad
635 4833 752 4895 domum
774 4847 884 4895 tanturn
899 4854 980 4895 asso·

194 4934 265 4993 ciarl
287 4933 407 5006 debere3
430 4932 509 5012 quod
531 4931 599 4993 dixit
617 4934 653 4992 ad
672 4935 884 5016 persuasionem
904 4935 981 4996 Car-

193 5033 295 5096 dinalis
317 5036 415 5095 Sancti
437 5033 540 5106 Marci,
556 5038 606 5111 qui
625 5036 748 5094 asseruit
769 5036 847 5094 llius.
864 5032 980 5094 beono-

194 5155 257 5196 ram
287 5135 387 5198 Sereu.
408 5133 595 5213 imperatoris
620 5134 709 5195 nostri
724 5133 866 5195 Friderici
890 5134 979 5197 Tertii

63 5321 65 5326 s
193 5238 368 5317 conjugem,
390 5247 457 5296 cum
476 5234 511 5292 ad
533 5234 643 5296 Urbem
667 5233 788 5296 venisset
802 5254 855 5307 ,eo
878 5235 979 5296 ordine

87 5412 89 5421 ‚
192 5337 278 5399 inisse
300 5347 467 5415 receptam3
490 5334 537 5395 sed
567 5336 640 5397 male
672 5334 763 5411 dixit,
784 5336 851 5414 quia
880 5335 978 5399 eadem

1085 712 1169 772 Perta
1192 712 1303 789 quinta,
1317 730 1387 774 rtrt.
1402 715 1504 772 mensis
1525 711 1603 784 maii,
1622 711 1658 771 D.
1681 710 1826 772 Dorotbca

1043 812 1147 874 Daciae
1179 812 1288 891 Regina
1321 832 1356 874 ex
1384 812 1465 875 Urbe
1486 812 1619 885 recessit,
1645 812 1683 873 ad
1706 813 1826 892 patriam

1042 932 1123 974 susm
1135 914 1273 975 reditura.
1292 913 1364 974 Nam
1387 914 1418 973 S.
1430 912 1467 971 D.
1479 911 1525 985 tt,
1538 912 1575 971 ad
1593 911 1826 993 supplicationem

1043 1008 1266 1075 lliuslobannis'
1289 1013 1393 1075 Daciae
1413 1011 1511 1091 Regis,
1531 1012 1694 1092 praedictae
1705 1009 1826 1091 Reginae

1043 1112 1117 1187 filii,
1144 1134 1195 1194 per
1217 1115 1314 1175 literas
1335 1114 1388 1175 sibi
1411 1116 1541 1185 iactant,
1568 1111 1744 1192 dispensavit
1764 1131 1825 1173 eum

1043 1216 1141 1276 cadem
1167 1215 1278 1294 Regina
1297 1233 1331 1274 ne
1352 1215 1535 1275 Hierusalem
1554 1216 1673 1274 visitare
1695 1213 1827 1288 deberet,

1044 1316 1093 1376 sed
1125 1315 1202 1394 quod
1230 1315 1265 1374 ad
1291 1314 1427 1394 Regnum
1456 1332 1541 1374 suurn
1564 1315 1683 1386 rediret,
1705 1313 1825 1374 indulsit.

1043 1417 1143 1490 Haec,
1165 1435 1232 1476 cum
1253 1435 1401 1477 recessura
1420 1427 1517 1487 esset,
1539 1418 1654 1495 rogavit
1674 1413 1711 1476 R.
1741 1414 1775 1475 P.
1796 1415 1825 1477 D.

1043 1520 1204 1580 dobannem
1219 1519 1384 1598 episcopum
1399 1517 1619 1588 Tornaeensern,
1635 1515 1742 1576 Palatii
1753 1519 1826 1595 Apo·

1043 1618 1134 1678 stoliei
1146 1619 1257 1678 Domus
1268 1617 1451 1696 Magistrum,
1464 1627 1496 1676 ut
1513 1616 1661 1677 ordinaret
1678 1615 1759 1693 qaod
1770 1615 1823 1674 utt.

1043 1716 1105 1778 DD.
1125 1717 1299 1791 Cardinales,
1311 1728 1362 1777 atat
1379 1736 1481 1779 eorum
1510 1717 1676 1793 familiares,
1694 1728 1724 1778 et
1746 1736 1824 1797 prac-

1044 1818 1094 1877 lati
1114 1835 1219 1877 senon
1242 1817 1487 1879 incommodarent
1508 1816 1536 1876 in
1557 1819 1726 1879 associando
1752 1838 1821 1892 eam,

1044 1929 1132 1997 prout
1152 1919 1241 1979 moris
1262 1928 1358 1990 esset,
1380 1919 1447 1995 quia
1468 1919 1588 1978 venisset
1621 1936 1709 1978 eausa
1744 1918 1824 1978 devo·

1043 2018 1126 2080 tionis
1149 2029 1176 2079 et
1195 2020 1282 2079 nollet
1306 2017 1411 2096 cuique
1424 2037 1491 2078 'esse
1512 2018 1651 2089 molesta,
1673 2027 1702 2078 et
1725 2017 1823 2090 slede

1043 2118 1176 2179 mandato
1197 2118 1252 2179 SS.
1268 2113 1310 2178 D.
1329 2116 1376 2189 tt,
1391 2129 1542 2198 postquam
1565 2117 1692 2197 Reginae
1711 2117 1752 2177 ita
1767 2120 1823 2198 pla·

1043 2220 1114 2294 cuit,
1134 2231 1175 2282 est
1194 2215 1366 2280 ordinatum.
1390 2218 1450 2278 Sed
1471 2217 1637 2292 Cursores,
1663 2237 1728 2278 rem
1761 2218 1823 2281 male

1044 2321 1243 2398 intelligentes,
1255 2318 1317 2379 beri
1340 2337 1458 2398 vespere
1475 2315 1539 2377 Rll.
1554 2316 1616 2377 DD.
1630 2317 1824 2379 cardinalibus

1045 2420 1178 2480 omnibus
1214 2421 1383 2480 intimarunt
1411 2420 1489 2497 quod
1525 2421 1713 2498 personaliter
1753 2419 1824 2481 bodie

1043 2521 1115 2583 liora
1137 2537 1189 2583 xrt.
1214 2521 1311 2582 venire
1338 2520 1473 2582 deberent
1494 2519 1529 2581 ad
1552 2521 1753 2581 associandum
1773 2521 1825 2581 Re·

1042 2625 1137 2702 ginam
1159 2633 1239 2684 extra
1251 2621 1380 2694 Urbem;
1395 2631 1424 2682 et
1439 2620 1474 2680 ad
1496 2621 1551 2681 boc
1566 2618 1749 2695 mandatum,
1767 2621 1823 2682 tut.

1042 2725 1104 2785 DD.
1120 2723 1285 2785 Cardinales
1306 2721 1405 2782 Sancti
1424 2720 1511 2780 Petri
1532 2720 1569 2779 ad
1588 2720 1825 2791 vinculatum-

1042 2824 1174 2904 gavensis
1195 2834 1223 2887 et
1241 2821 1383 2884 Columna
1406 2820 1441 2880 ad
1462 2821 1602 2901 palatium
1623 2821 1826 2900 Apostolicum,

1044 2925 1175 2988 Senensis
1197 2943 1282 2995 vero,
1302 2922 1476 2995 Parmensis,
1498 2922 1531 2984 de
1552 2923 1648 2999 Puxo,
1666 2934 1696 2984 et
1716 2923 1751 2983 de
1771 2922 1825 2985 Ur·

1042 3027 1109 3087 sinis
1140 3027 1176 3086 ad
1210 3024 1357 3085 basilicam
1388 3024 1530 3104 Principis
1556 3024 1766 3104 Apostolorum
1796 3023 1825 3083 de

1043 3123 1123 3189 Urbe
1140 3136 1281 3187 venerunt
1305 3124 1377 3185 bora
1400 3124 1557 3209 praedicta,
1569 3125 1617 3184 abi
1640 3142 1709 3184 eum
1722 3118 1826 3185 intelle·

1042 3231 1145 3289 sissent
1164 3227 1395 3307 suprascriptam
1418 3224 1473 3284 SS.
1501 3212 1538 3286 D.
1562 3222 1596 3283 tt.
1624 3225 1825 3285 ordinationem

1043 3327 1142 3390 domos
1162 3347 1228 3387 suas
1249 3327 1409 3390 redierunt.
1430 3326 1469 3386 Et
1490 3327 1632 3389 Cursores
1654 3348 1710 3408 pro
1731 3347 1825 3391 eorum

1043 3447 1145 3488 errore
1159 3428 1250 3507 puniti
1265 3428 1395 3487 tucrum.-
1408 3424 1518 3506 Regiua
1536 3439 1633 3487 autem
1648 3427 1826 3507 abepiscopo

1046 3526 1223 3588 Tornaeensi
1244 3537 1354 3587 tantum
1374 3547 1442 3587 cum
1464 3530 1562 3607 paucis
1586 3547 1620 3588 ex
1648 3529 1826 3590 cubiculariis

1045 3638 1073 3687 et
1094 3626 1235 3688 scutiferis
1255 3626 1350 3707 Papae
1373 3639 1454 3688 extra
1481 3627 1591 3690 Urbem
1616 3628 1825 3706 aliquantulum

1047 3727 1185 3787 associata
1204 3728 1328 3787 recessit.

1088 3827 1236 3887 [lominica
1259 3827 1351 3905 prima
1368 3826 1452 3905 junii,
1470 3827 1574 3889 festam
1591 3827 1716 3891 Sanctae
1735 3830 1824 3891 Trini-

1044 3927 1120 3997 tatis,
1137 3925 1192 3987 SS.
1211 3927 1247 3987 Ι).
1267 3924 1301 3985 Ν.
1324 3938 1453 4005 paratus,
1476 3939 1507 3988 ot
1524 3929 1612 3989 moris
1631 3941 1686 4004 est,
1701 3931 1776 3991 venit
1794 3927 1824 3989 ad

1045 4029 1203 4109 cappellam
1238 4024 1377 4103 majorem
1408 4028 1604 4108 praedictam,
1627 4030 1678 4090 ubi
1705 4031 1824 4091 interluit

1047 4128 1146 4190 Missae
1168 4130 1300 4200 solemni,
1321 4147 1408 4206 quana
1430 4129 1586 4190 celebravit
1605 4128 1679 4190 Rev.
1702 4130 1738 4191 D.
1748 4130 1822 4192 Uar·

1047 4230 1148 4290 dinalis
1180 4228 1343 4289 Parmensis
1371 4231 1398 4288 iu
1430 4230 1602 4309 paramentis
1634 4230 1716 4291 albis.
1748 4231 1822 4292 Circa

1046 4329 1132 4392 finem
1155 4329 1336 4390 consessionis
1357 4330 1434 4390 renit
1456 4329 1492 4388 ad
1513 4329 1671 4410 cappellam
1697 4330 1733 4390 l).
1757 4329 1822 4390 Gre·

1045 4431 1146 4510 gorius
1160 4429 1195 4490 de
1206 4429 1302 4490 'l'urre
1316 4428 1426 4491 Orator
1442 4429 1565 4491 Serenis.
1582 4430 1725 4513 Principis
1740 4432 1821 4493 Maxi·
1872 4447 1873 4451 ’

1045 4531 1151 4591 miliani
1167 4529 1364 4590 Romanorum
1386 4529 1481 4608 Regis,
1502 4543 1532 4591 et
1549 4531 1646 4611 posuit
1667 4553 1699 4596 se
1712 4533 1750 4593 ad
1770 4532 1821 4612 pri·

1045 4648 1124 4689 muna
1146 4631 1243 4690 locum
1264 4631 1338 4690 inter
1356 4626 1496 4691 Oratores
1515 4631 1602 4691 laicos
1620 4642 1648 4693 et
1669 4651 1727 4694 non
1748 4645 1822 4713 prae·

1046 4731 1127 4803 latos,
1151 4731 1228 4808 qood
1251 4749 1306 4790 non
1333 4730 1459 4792 videntes
1485 4731 1520 4790 D.
1543 4730 1610 4792 Ber.
1633 4734 1668 4793 de
1692 4734 1820 4814 Solaltpn

1044 4829 1197 4911 Hispaniae
1213 4842 1241 4892 et
1259 4832 1332 4890 alius
1353 4831 1531 4912 Neapolitani
1550 4834 1666 4914 Regum
1683 4834 1822 4903 oratore,

1047 4933 1096 5010 qui
1118 4931 1199 5010 prius
1212 4943 1298 4992 erant
1318 4933 1346 4991 in
1367 4934 1506 5013 cappella,
1525 4946 1554 4996 et
1574 4936 1731 5015 genuilexi,
1753 4937 1820 4997 trolc·
1874 4965 1875 4968 ¹

1046 5033 1112 5092 bant
1140 5050 1261 5112 surgere
1282 5051 1317 5094 ne
1336 5033 1505 5094 viderentur
1526 5035 1580 5095 sub
1604 5036 1654 5097 illo
1675 5048 1769 5112 stare3
1784 5031 1820 5095 sel
1869 5061 1878 5132 p

1046 5134 1114 5194 mibi
1135 5135 1300 5211 conquaesti
1320 5146 1387 5195 sunt
1408 5135 1486 5213 quod
1509 5135 1543 5197 D.
1562 5135 1727 5219 Gregorius
1748 5150 1820 5218 super
1876 5133 1878 5170 l

1045 5254 1093 5296 eos
1115 5247 1204 5298 staret
1226 5236 1364 5309 indebite,
1385 5249 1550 5317 propterea,
1571 5241 1650 5318 quod
1673 5241 1767 5321 ipsum
1785 5238 1820 5296 ia·

1047 5355 1143 5397 cerem
1165 5337 1324 5416 cappellam
1345 5335 1439 5410 exire}
1462 5340 1539 5416 quod
1563 5350 1675 5403 tautum
1702 5342 1818 5403 ttttcirun
1876 5327 1878 5378 l
