3780 6030
192 265 231 326 ta
675 259 957 324 rodrtrtcsws
979 255 1201 322 trinoctium
1222 257 1374 322 ocinvt

184 403 279 463 anima
315 401 475 484 requiescat
507 402 536 461 in
563 395 704 482 paceii).
733 398 786 461 ilie
814 398 905 479 igimr
933 409 982 460 se·

185 500 286 580 quenti
307 498 443 564 inmane
478 500 516 564 ad
548 499 714 562 mandatum
743 499 780 559 lt.
812 498 848 559 D.
875 496 981 560 Cardi-

187 602 261 662 nalis
279 599 459 684 Neapolitani
480 600 613 664 ordinavi
649 620 706 680 pro
740 600 843 663 iuuere
880 617 981 661 necea·

185 719 271 763 sarra.
478 759 482 765 ,
935 746 937 751 .

224 801 310 863 Faria
338 803 475 875 secunda,
486 818 546 864 ιιιι.
562 802 666 865 mensis
682 801 848 865 novembris
867 800 980 861 habitae

183 913 251 965 sunt
272 903 414 982 exequiae
435 902 581 982 quondum
603 902 712 965 Urbani
735 902 771 962 de
790 902 888 964 Piisco
914 901 978 979 epi·

182 1005 264 1085 scopi
283 1002 491 1077 Forulirienis,
512 1004 540 1062 in
561 1003 681 1066 ecclesia
701 1003 808 1064 Bautae
821 1002 930 1064 blarine
945 1001 980 1062 de

182 1103 308 1184 Populo,
329 1103 534 1165 cardinalibus
557 1103 763 1183 praesentibus.

222 1205 309 1266 Faria
331 1202 576 1283 quintadecima
598 1204 700 1264 mensis
714 1202 881 1265 novembris
902 1202 980 1263 venit

178 1303 216 1364 ad
236 1302 346 1365 Urbem
368 1322 421 1382 per
439 1314 555 1382 portam
576 1303 701 1367 Sanctae
723 1303 836 1369 Mariae
860 1302 896 1364 de
917 1303 978 1365 Po·

177 1405 248 1484 pulo
268 1403 308 1463 bl.
331 1403 367 1462 D.
389 1402 536 1464 Rubenius
557 1404 593 1464 de
614 1403 724 1466 Sancto
745 1404 905 1475 Severius,
927 1403 979 1464 lu·

178 1513 265 1564 turus
282 1501 503 1565 confalonerius
531 1502 679 1566 Romanae
695 1503 844 1567 Ecclesiae
861 1506 910 1565 cui
922 1504 978 1564 ob·

179 1604 257 1665 riam
281 1615 421 1666 venerunt
443 1602 568 1664 iamiliac
590 1603 623 1664 S.
646 1605 682 1663 D.
704 1605 796 1666 nostri
820 1616 849 1666 et
870 1602 977 1676 Cardi-

178 1705 302 1777 nalium,
313 1721 348 1766 ac
360 1703 530 1782 Principum
542 1701 683 1766 Oratores
701 1705 730 1765 in
745 1705 876 1770 Romana
887 1703 976 1765 Curia

179 1804 337 1866 existentes.
366 1804 402 1865 D.
425 1803 622 1882 blarquardus
640 1803 797 1884 brisaquer
817 1805 977 1885 Imperialis

181 1900 236 1965 Or.
259 1904 373 1984 accepit
399 1921 467 1963 euru
489 1904 566 1964 intra
587 1916 701 1984 portam
723 1904 899 1986 praedictam
920 1924 976 1967 no·

179 2006 256 2067 mine
275 2005 468 2085 Imperatorio
490 2015 639 2083 tamquam
655 2005 802 2068 Romanae
827 2005 976 2067 Ecclesiae

179 2087 337 2166 Adrocalo.
354 2104 461 2166 Deinde
474 2104 645 2168 Dionnum
662 2105 696 2167 de
709 2105 837 2186 Epasch,
850 2117 878 2168 et
890 2105 975 2167 Prior

180 2201 297 2267 Ordinis
310 2201 707 2278 Praedicatorum,0ratores
718 2205 898 2268 serenissimi
911 2207 977 2267 lla·

180 2304 314 2366 duliiani
325 2305 526 2367 Romanorum
537 2306 635 2387 Regis3
649 2306 750 2377 deiude
760 2307 869 2367 lumilia
881 2307 976 2387 Papae

181 2420 256 2485 qnae
279 2405 393 2467 tandem
412 2419 530 2468 venerat
552 2409 626 2469 inter
647 2407 777 2470 eamdem
804 2418 920 2486 portam
948 2419 976 2468 et

186 2550 194 2565 .
219 2550 226 2564 .
251 2550 258 2564 .
279 2551 286 2566 .
309 2493 449 2583 ejusdem,
470 2507 620 2569 curialiter
637 2518 812 2588 receperunt
832 2518 860 2568 et
882 2509 975 2586 ipsum

768 2652 970 2662 —u-a—..n-

225 2737 259 2797 (ι)
274 2735 311 2786 De
329 2741 414 2807 morta
441 2737 519 2788 Curd.
536 2738 570 2790 de
585 2740 717 2803 Aragonie
742 2738 788 2788 dlil
814 2740 973 2791 Perdinaudt

178 2815 257 2879 Regis
272 2814 457 2878 Neapolitani,
479 2818 561 2868 multa
577 2816 647 2868 dicta
666 2822 744 2877 sunt,
760 2819 809 2869 sed
825 2832 869 2870 res
886 2818 974 2869 adbuc

179 2892 206 2943 in
223 2894 354 2958 ambiguo.
375 2915 386 2939 ι
404 2895 450 2946 Die
468 2897 507 2947 19.
525 2897 644 2954 eiusdem
662 2898 762 2948 mensis
786 2902 906 2948 mortuus
923 2897 973 2949 lult

182 2971 214 3022 D.
229 2973 306 3024 card.
323 2975 477 3037 dragouiae,
493 2973 562 3026 llllus
579 2975 655 3040 llegls
671 2976 837 3027 Perdinnudi.
851 2975 883 3026 iit
894 2989 974 3028 causa

185 3051 280 3102 mortis
297 3053 362 3103 baec
379 3056 436 3103 est:
453 3065 514 3103 narn
541 3066 600 3103 cum
628 3053 697 3105 idem
722 3054 868 3105 Cardlualis
885 3067 975 3105 acces·

179 3130 262 3183 sisset
278 3131 311 3180 ad
328 3124 463 3183 civitatem
480 3132 683 3194 Salernitanam‚
698 3134 788 3198 ibique
806 3136 974 3197 essetpetiit

180 3221 197 3260 c
212 3209 361 3261 castellano
378 3211 442 3262 dicti
459 3213 517 3270 loci,
534 3217 568 3271 ut
581 3215 747 3276 permitteret
759 3213 808 3264 sibi
825 3213 915 3264 ridere
926 3225 974 3279 ca·

182 3290 289 3346 atrum,
305 3301 353 3339 seu
374 3279 519 3341 icrtilitiam
543 3292 606 3341 dicti
623 3293 692 3343 loci:
708 3293 757 3343 luit
774 3295 797 3342 el
814 3305 972 3356 responsum

183 3366 254 3428 quod
266 3366 382 3436 ‘baberet
398 3369 528 3420 licentiam
540 3370 628 3432 primo
644 3385 658 3421 a
674 3370 789 3422 domino.
804 3371 835 3422 El
847 3385 906 3422 cum
921 3374 971 3422 boo

183 3442 368 3496 denunciatum
380 3452 452 3498 esset
468 3448 581 3511 Princlpi
594 3451 675 3511 ipsius
688 3451 748 3509 loci,
758 3452 831 3502 acuit
848 3451 881 3501 ad
898 3464 968 3511 eum,

179 3527 207 3573 et
222 3526 284 3573 octo
302 3525 351 3575 riri
367 3526 411 3588 qni
429 3539 489 3577 cum
505 3527 638 3577 cardinali
658 3532 733 3579 eraut
751 3530 778 3579 in
790 3530 860 3580 dicto
871 3533 971 3589 castro,

180 3603 251 3652 inter
273 3603 366 3653 turrim
385 3608 507 3656 continuo
535 3606 616 3655 occisi
637 3605 751 3656 luerunt.
769 3607 868 3663 Deinde
891 3620 972 3670 prae·

182 3682 253 3733 istus
270 3682 395 3745 princeps
421 3684 508 3734 eldam
524 3682 657 3734 Cardinali
682 3687 868 3736 alterninatum
887 3698 971 3736 rene·

180 3773 242 3811 nam
259 3760 471 3823 dedit,dixitque
487 3763 545 3812 als·
558 3764 627 3812 sicut
642 3766 670 3814 et
686 3765 768 3814 ceteri
790 3766 829 3815 tul
846 3766 911 3815 socii
922 3766 973 3817 de·

182 3839 323 3896 lecerunt,
351 3838 389 3888 ila
406 3841 433 3888 et
450 3842 477 3889 ιιι
494 3838 520 3889 iu
547 3852 646 3902 paucos
671 3840 748 3901 diosa
766 3846 792 3892 et
817 3842 867 3892 lsoc
886 3845 967 3907 quin,

181 3911 250 3962 dixit
262 3949 270 3970 ,
284 3911 361 3961 Pater
376 3914 439 3962 tuus
454 3911 636 3963 ferdinandus
652 3915 734 3964 voluit
750 3928 844 3965 omnes
863 3917 972 3966 concul-

180 4003 252 4041 care.
271 4011 282 4034 ι
300 3991 356 4051 Quo
375 3990 464 4041 audito
481 3991 589 4042 llomam
607 3993 699 4052 renlt,
716 3993 807 4057 ibique
824 4008 969 4058 perunum

179 4083 296 4120 mensam
321 4074 422 4120 tantum
449 4069 596 4132 permansit
613 4075 641 4120 et
661 4071 786 4132 decessit,
802 4077 834 4123 ιιι
847 4086 936 4136 supra.
951 4093 969 4119 ι

179 4147 500 4210 carrucandum.
519 4147 567 4199 loc.
582 4150 626 4198 cit.
641 4162 701 4214 pop.
719 4151 789 4202 1956.
805 4178 833 4189 -
850 4152 970 4215 Scripto-

180 4238 233 4284 res,
249 4239 283 4277 ex
294 4228 408 4277 maxima
424 4232 509 4291 parte,
526 4233 705 4288 consentiunt,
722 4243 825 4280 reneuo
837 4231 969 4282 sublatum

181 4305 273 4356 tuisse.
300 4306 393 4357 videas
410 4306 599 4367 craeconrua,
615 4311 788 4368 passarana,
804 4315 971 4369 tusculan,

178 4386 399 4443 Gaarnaaarua,
408 4388 582 4447 Damastion,
597 4391 833 4448 inanescunt,-
842 4393 971 4440 bocctun

178 4463 216 4524 (in
227 4464 282 4512 aito
296 4463 364 4534 sirati
374 4464 412 4515 ll’.
424 4466 442 4523 l,
453 4467 666 4525 conrecoaruaa,
683 4471 874 4519 sanctourm·
890 4468 970 4523 (illst

179 4542 306 4605 Neapoli,
320 4547 459 4594 ernanoaa
469 4548 477 4605 t
488 4545 514 4593 io
530 4544 607 4595 Notit
622 4547 717 4598 Bootes.
735 4546 832 4607 sicat),
848 4551 972 4598 manat·

180 4631 239 4672 ιιι
256 4626 307 4671 etc.
323 4621 360 4671 De
377 4624 435 4681 ejas
452 4634 517 4672 aero
529 4623 624 4674 itinere
636 4626 669 4675 ad
681 4626 816 4676 Salernum
830 4646 840 4669 ·
854 4625 971 4677 secondo

180 4701 240 4751 altri
257 4700 370 4762 migliori
386 4701 477 4751 storiei
504 4701 640 4762 (Ananim.
654 4705 726 4755 Dior.
747 4705 819 4754 dom.
843 4708 904 4756 tom.
930 4705 968 4756 lii.

178 4783 246 4843 port·
262 4784 286 4831 t·
307 4779 584 4843 maturesceret,
601 4794 652 4832 non
668 4782 696 4833 ιιι
712 4785 729 4832 ιι
747 4781 822 4832 card.
834 4782 971 4844 diorannt,

179 4872 221 4909 ms
238 4858 314 4910 benai
332 4861 387 4910 Don
413 4859 539 4923 federico
556 4871 605 4910 auo
622 4861 727 4912 iratallo
743 4862 792 4912 ebe
809 4860 877 4911 audd
893 4874 908 4911 a
923 4862 970 4911 sa·

178 4940 253 4989 lerno
271 4951 286 4989 e
302 4941 328 4988 ri
346 4938 373 4988 lu
390 4949 438 5002 per
455 4938 566 5001 qualclne
583 4943 673 5001 tempo
688 4942 814 4993 ritenuto.
827 4963 838 4985 ·
851 4943 969 4998 Duram,

177 5018 268 5070 Anool.
282 5017 390 5069 ‹l'ltailo
405 5018 440 5068 od
453 5030 515 5068 oasa.
535 5020 602 5069 asts.
619 5016 784 5069 Documenta
800 5020 967 5083 Legattouum

176 5098 376 5149 durantiuarum
388 5109 421 5148 ue
442 5097 554 5147 verbum
573 5096 681 5160 quidem
701 5097 968 5151 iaciuntdeveneno.

221 5178 387 5228 Documenta
403 5176 437 5227 de
452 5175 568 5228 dissidiis
587 5179 656 5226 inter
673 5176 857 5228 inuocantium
872 5179 923 5229 viil
940 5186 967 5232 et

179 5253 456 5319 Domumllragooiae,
465 5256 499 5306 da
510 5254 692 5318 conjuratione
704 5256 842 5315 baronum,
851 5257 884 5308 de
897 5257 965 5309 bello

184 5333 244 5384 tude
256 5336 369 5386 exborto
381 5340 407 5386 et
425 5336 526 5400 reliqua
543 5335 577 5386 da
594 5339 758 5399 argumento,
776 5336 802 5387 in
821 5339 934 5402 append.

1724 259 1838 343 (⁴⁴⁸5)

1051 395 1177 459 medinm
1189 397 1263 461 inter
1275 365 1499 475 gubernatorem
1511 394 1611 468 Urbis,
1625 395 1688 473 qui,
1702 413 1760 456 raon
1772 413 1836 458 eum

1050 497 1157 557 familia
1172 497 1267 577 Papae
1287 497 1335 568 sed
1357 505 1421 575 post
1440 513 1504 556 eam
1527 507 1656 568 venerat,
1680 515 1698 556 ιι
1719 495 1837 569 dextris,

1049 607 1079 657 et
1105 597 1216 657 dictum
1237 595 1450 675 ldarquardum
1472 592 1630 659 Oratorem
1656 594 1836 681 imperialem

1042 697 1231 776 vpraedictum
1259 716 1276 757 a
1303 697 1425 758 sinistris
1450 691 1642 775 equitantem,
1663 699 1728 759 allis
1751 716 1837 778 prae·

1051 797 1116 859 latis
1129 810 1157 860 et
1171 796 1346 863 Oratoribus
1359 815 1412 878 stro
1424 797 1526 859 ordine
1536 799 1737 877 sequentibus,
1749 817 1838 878 usqua

1048 898 1085 961 ad
1107 899 1252 967 Palatium
1273 899 1472 978 Apostolicum
1498 900 1680 964 associarunt·
1692 944 1701 973 ‚
1731 898 1782 960 arbi
1813 901 1838 960 ia

1048 1002 1116 1061 aula
1136 1002 1276 1063 Gamerae
1296 1001 1488 1080 Apostolicae,
1509 1000 1537 1060 in
1560 1001 1666 1078 quibua
1692 999 1839 1081 Principes

1049 1101 1139 1180 recipi
1153 1101 1256 1172 solent,
1271 1099 1431 1183 hospitatus
1441 1111 1498 1160 est:
1515 1110 1609 1162 tamen
1624 1111 1707 1161 extra
1724 1113 1837 1180 portam

1046 1201 1146 1280 palatii
1166 1200 1317 1280 praedicti,
1330 1210 1484 1278 antequam
1498 1199 1570 1261 illud
1584 1199 1789 1279 ingrederetur
1803 1202 1837 1261 ad

1046 1299 1220 1361 associantes
1234 1317 1402 1372 conversus,
1414 1299 1527 1361 detecto
1542 1284 1648 1380 capite,
1662 1318 1758 1373 more,
1768 1320 1838 1380 gra·

1047 1399 1101 1460 stas
1118 1401 1187 1479 egit.
1456 1392 1459 1397 '
1702 1450 1705 1456 .

1088 1499 1173 1560 Faria
1195 1494 1311 1577 quarta,
1325 1516 1406 1561 xxx.
1421 1500 1575 1578 penultima
1590 1500 1695 1561 mensis
1716 1518 1838 1563 norem·

1045 1600 1159 1675 bris,li.
1170 1599 1302 1662 dominus
1312 1599 1473 1662 cardinalis
1481 1599 1644 1664 Parmensis
1653 1601 1728 1678 l'esto
1740 1601 1836 1664 Sancti

1045 1702 1176 1764 Andreae
1197 1703 1326 1782 Apostoli
1355 1701 1513 1763 celebrarit
1540 1702 1656 1763 dlissam
1682 1705 1836 1765 solemnem

1045 1801 1074 1862 in
1091 1800 1196 1881 majori
1214 1801 1300 1862 altari
1323 1802 1458 1866 basilicae
1473 1802 1616 1886 Principis
1632 1804 1836 1884 Apostolorum

1045 1902 1081 1966 de
1094 1903 1190 1977 Urbe,
1202 1903 1280 1984 Papa
1298 1917 1458 1983 praesente,
1473 1923 1559 1983 quem
1574 1904 1672 1966 debuit
1685 1905 1836 1967 associasse

1044 2003 1216 2083 magnificas
1228 2004 1520 2066 DominusRobertus
1531 2005 1567 2066 de
1576 2004 1684 2067 Sancto
1698 2005 1835 2066 Sererino

1044 2105 1074 2164 in
1094 2103 1331 2167 Conlalunerium
1354 2104 1385 2186 S.
1402 2105 1549 2168 Romanae
1568 2104 1716 2168 Ecclesiae
1734 2123 1835 2167 crean-

1044 2204 1109 2279 dus,
1128 2194 1178 2266 sed
1199 2224 1255 2266 non
1276 2206 1355 2278 iecit,
1376 2207 1443 2285 quia
1465 2217 1580 2285 gentem
1599 2204 1728 2267 nondam
1749 2226 1836 2288 para·

1045 2315 1103 2364 tam
1119 2304 1260 2366 babebat:
1282 2286 1324 2366 sic
1346 2304 1455 2386 Pupam
1478 2324 1535 2367 uon
1557 2307 1723 2380 associavit,
1745 2325 1835 2386 neque

1045 2401 1172 2465 dmbrias
1194 2406 1329 2485 pluvialis
1352 2404 1469 2487 Papae,
1490 2419 1524 2468 ut
1545 2426 1599 2487 par
1620 2417 1702 2481 erat,
1725 2408 1833 2470 detulit

1045 2506 1130 2568 Venit
1151 2518 1247 2568 autem
1269 2508 1343 2570 idem
1366 2508 1507 2570 Dominus
1528 2505 1676 2570 Robertus
1696 2509 1778 2570 circa
1802 2507 1835 2568 li·

1044 2623 1118 2666 nem.
1144 2605 1245 2669 ilissae
1277 2607 1314 2667 ad
1343 2607 1492 2669 basilicam
1515 2609 1713 2689 praedictam,
1744 2621 1837 2670 manto

1043 2706 1170 2782 quodam
1199 2718 1369 2786 aperturam
1403 2700 1524 2770 habente
1559 2727 1650 2788 supra
1684 2708 1834 2770 brachium

1043 2823 1129 2867 suum
1142 2807 1304 2880 dexterum,
1318 2809 1405 2888 longo
1421 2811 1561 2888 usquead
1575 2822 1696 2884 terram,
1711 2810 1834 2871 indutus.

1043 2905 1097 2968 Cui
1118 2905 1153 2968 de
1175 2907 1309 2968 mandato
1327 2907 1540 2987 Papaelocunr
1561 2909 1625 2971 dedi
1645 2911 1672 2970 iu
1695 2911 1834 2990 superiori

1042 3007 1138 3085 gradu
1153 3006 1216 3068 sulii
1234 3006 1271 3066 ad
1286 3006 1433 3070 dexteram
1452 3008 1555 3088 Papae.
1574 3009 1726 3071 Dirretum
1739 3022 1770 3074 et
1783 3011 1834 3072 alla

1042 3108 1137 3167 omnia
1160 3106 1283 3168 babebat
1309 3108 1414 3186 quibus
1441 3108 1547 3187 aliquis
1575 3096 1679 3170 eorum
1702 3112 1746 3171 uti
1766 3130 1834 3172 con·

1041 3208 1151 3280 suerit;
1174 3207 1306 3268 ordinari
1336 3207 1484 3271 incensum
1512 3210 1565 3271 sibi
1593 3210 1656 3271 dari
1682 3212 1789 3275 debere
1808 3226 1833 3274 et

1042 3323 1153 3385 pacem,
1174 3306 1198 3366 si
1222 3307 1343 3369 venisset
1364 3311 1392 3368 ln
1418 3320 1558 3390 tmepore,
1583 3324 1648 3392 post
1665 3312 1834 3376 Cardirialea

1042 3419 1108 3468 ante
1117 3409 1265 3487 episcopos
1276 3408 1531 3476 assistentesldem
1544 3413 1685 3475 Dominus
1691 3413 1833 3476 liebertus

1043 3506 1106 3568 beri
1120 3523 1207 3587 super
1224 3507 1278 3569 boc
1296 3528 1348 3588 per
1367 3529 1414 3571 me
1430 3511 1586 3582 adunatus,
1601 3512 1751 3592 deputarit
1766 3515 1834 3574 dnos

1042 3608 1151 3669 nobiles
1166 3610 1342 3691 qui-rerilla,
1359 3612 1447 3690 posita
1464 3626 1551 3692 saper
1567 3613 1673 3685 altare,
1687 3613 1835 3676 Ecclesiae

1042 3719 1071 3769 et
1093 3706 1187 3790 Papae
1208 3709 1261 3770 sibi
1283 3685 1553 3787 danda⁸deierrent3
1568 3714 1645 3774 iacta
1665 3715 1834 3776 comunione

1044 3828 1096 3889 per
1117 3808 1323 3883 celebrantem,
1344 3811 1420 3873 dicta
1442 3811 1635 3885 deserendis,
1655 3814 1751 3894 posita
1771 3815 1834 3877 lue·

1042 3920 1112 3970 runt
1139 3927 1226 3988 super
1252 3910 1344 3971 altare
1371 3913 1399 3971 in
1421 3905 1512 3973 cornu
1534 3911 1699 3994 Evangelii,
1720 3916 1833 3976 duobus

1042 4006 1194 4086 armigeris
1215 4018 1332 4089 stangas
1349 4013 1485 4079 ,interim
1498 4026 1579 4077 retro
1594 4016 1696 4077 'altare
1724 4028 1835 4079 erectas

1042 4107 1307 4171 terrentibussDuta
1326 4110 1520 4175 benedictione
1538 4133 1592 4194 per
1611 4112 1783 4177 Pontidcem
1808 4129 1836 4179 et

1041 4204 1219 4286 indulgentia
1241 4228 1293 4289 per
1313 4200 1506 4274 celebrantem
1522 4214 1681 4292 publicata,
1696 4217 1836 4278 ascende·

1041 4319 1112 4369 runt
1125 4320 1190 4370 ante
1210 4309 1381 4372 Pontilleem
1408 4312 1467 4374 duo
1486 4315 1626 4395 aocblpti,
1648 4314 1708 4376 duo
1731 4318 1832 4378 rexilla

1042 4409 1188 4488 praedicta
1201 4429 1290 4490 super
1309 4410 1430 4472 brachia
1449 4423 1573 4475 tenentes
1583 4415 1713 4493 plicata,
1728 4428 1834 4479 etcum

1040 4509 1081 4569 ais
1108 4508 1195 4569 Prior
1226 4508 1469 4590 Presbyteroruun
1490 4512 1688 4575 Cardinulium
1712 4519 1835 4595 elalius

1040 4611 1191 4690 accolytus
1221 4629 1287 4671 oum
1318 4630 1395 4690 aqua
1422 4613 1568 4676 benedicta
1601 4626 1628 4678 et
1661 4621 1834 4698 aspersorio.

1041 4707 1116 4770 Tum
1140 4709 1280 4783 Pontifex,
1297 4712 1429 4792 deposita
1450 4714 1502 4774 sibi
1527 4716 1632 4789 mitra,
1659 4719 1789 4780 sur-resia
1807 4732 1834 4780 et

1040 4807 1184 4873 benedixit
1214 4809 1289 4872 dicta
1327 4815 1430 4876 vexilla
1472 4816 1593 4878 dicam:
1629 4819 1834 4901 Adiutora‘ataa

1040 4921 1180 4974 nostram
1208 4921 1275 4986 etc,
1296 4925 1324 4976 et
1348 4916 1377 4976 iu
1400 4914 1456 4979 line
1484 4919 1605 4998 aspersit
1635 4937 1711 4998 aqua
1745 4921 1833 4983 bene·

1040 5009 1135 5087 dicta,
1168 5030 1242 5092 quae
1275 5033 1343 5076 tuos
1374 5035 1426 5096 pec
1445 5018 1599 5097 magistros
1632 5021 1741 5100 stangia
1773 5023 1843 5082 suis

1039 5113 1158 5183 iuuant
1177 5116 1320 5196 imposita.
1343 5106 1421 5180 Tum
1446 5121 1573 5183 amendia
1594 5123 1630 5182 ad
1661 5122 1840 5187 Pontideeaa

1038 5218 1185 5298 praelatus
1202 5217 1344 5281 Dominus
1362 5220 1521 5296 dabertus,
1539 5235 1568 5286 et
1586 5243 1689 5286 coram
1716 5245 1751 5288 eo
1779 5246 1844 5306 ge-

1038 5318 1170 5393 nuflexit,
1191 5331 1220 5381 et
1243 5322 1386 5400 praestitit
1409 5322 1552 5386 ddelitatis
1576 5325 1688 5386 debitae
1714 5328 1837 5389 solitum
