3758 6030
60 293 174 378 (issar

62 451 151 513 saper
179 445 288 494 terram
318 432 470 514 appadiata
486 434 551 496 sed
570 438 681 497 elevata
715 450 852 500 tenerent.

63 530 139 592 Rev.
153 533 188 592 D.
205 534 308 595 biantis
318 531 434 614 Regalis
446 536 568 615 primam
580 538 696 598 Missam
711 539 854 613 dicturus,

63 633 144 695 venit
165 634 202 693 ad
227 634 421 697 faldistorium
449 646 514 716 post
540 637 687 718 inceptum
715 652 853 701 octavum

64 735 298 813 responsoriam,
326 737 590 819 accepitrsandalia
621 750 650 799 et
676 741 738 808 alia
764 760 854 820 para·

63 846 159 895 menta
183 847 340 908 consueta,
362 847 391 897 et
423 836 478 899 tiit
504 852 623 918 paratus
653 841 682 901 in
704 852 853 921 tempore3

62 934 160 993 omnia
179 936 235 994 alia
257 955 339 996 more
361 919 498 1001 consueto
519 925 587 1000 s'ant
605 939 768 1001 observata.
791 941 854 1001 En·

62 1051 126 1094 sem
144 1047 209 1098 ante
230 1034 394 1115 Principem
418 1041 507 1099 tenuit
529 1039 702 1120 Magtriilcus
722 1041 758 1102 D.
780 1042 856 1102 Rer-

62 1136 208 1213 lingnrins
228 1136 354 1211 Caralis,
369 1136 450 1200 Miles
465 1138 562 1216 major
580 1142 682 1203 domus
703 1161 782 1215 suae,
796 1144 855 1226 ‚qai

62 1233 153 1295 linitis
175 1238 321 1302 matutinis
343 1252 499 1300 eumante
514 1241 640 1304 Crucem
663 1245 790 1323 portarit
809 1263 854 1304 mc

61 1334 232 1407 ordinante,
264 1357 318 1417 pro
339 1357 374 1400 eo
406 1338 589 1418 quod'iinita
612 1340 738 1419 ntajore,
757 1361 854 1405 ensem

62 1436 158 1516 ipsum
181 1438 297 1516 publice
318 1439 398 1501 dicto
417 1439 546 1521 Principi
568 1441 637 1504 dare
666 1444 776 1504 statuit.
799 1444 854 1503 Di-

60 1537 142 1595 misit
163 1539 249 1600 etiatn
279 1538 354 1599 idam
389 1541 469 1602 miles
490 1542 583 1621 ipsutn
617 1562 712 1607 ensem
733 1545 771 1617 in
802 1561 853 1614 ca·

63 1653 146 1696 utera
170 1635 318 1717 Papagalli
330 1640 358 1697 in
372 1641 504 1702 inanibus
523 1643 557 1702 D.
578 1643 715 1705 lobannis
736 1645 854 1707 lllarra·

62 1734 113 1796 des
134 1720 316 1799 cubicularii
336 1741 449 1802 secreti.

107 1838 255 1903 Associata
273 1837 427 1903 Pontillce
446 1843 484 1902 ad
505 1863 649 1906 cameram
677 1847 853 1927 Papagalli,

62 1946 92 1997 et
125 1939 246 2000 dimissis
278 1942 383 2007 ibidem
414 1947 588 2023 paramentis
605 1949 708 2019 ,Reu
736 1950 853 2011 Domini

61 2038 170 2100 Montis
182 2040 311 2121 Regalis,
330 2058 358 2106 et
374 2047 514 2108 Ascanius
536 2049 705 2110 Cardinales
721 2051 755 2111 de
770 2069 853 2110 man·
878 2108 880 2112 ,

63 2139 134 2199 dato
156 2140 250 2220 Papae
270 2148 454 2208 associarunt
475 2149 537 2210 inde
560 2150 726 2230 Principem
763 2169 854 2229 usqae

60 2241 100 2300 ad
122 2261 252 2304 cameras
275 2262 386 2319 noras,
413 2250 441 2308 iu
464 2249 573 2326 quibus
594 2255 671 2311 etin
694 2252 747 2313 bac
768 2264 853 2314 nocte

62 2342 224 2419 quieverat.
242 2345 337 2406 Finita
350 2348 445 2426 prima
462 2349 560 2421 Missa,
582 2351 637 2411 SS.
658 2351 799 2413 Dominus
819 2352 852 2412 ll.

61 2444 318 2520 processionaliter
332 2451 408 2508 vertit
422 2449 459 2508 ad
478 2450 633 2512 Basilicam
651 2452 751 2514 Sancti
764 2454 852 2526 Petri,
879 2517 881 2524 ,

63 2544 112 2603 abi
134 2543 292 2606 celebravit
307 2548 423 2611 Missam
445 2552 599 2623 solemnem
622 2555 764 2614 consuetis
786 2572 853 2615 cae·

63 2645 223 2720 rimouiis;
260 2647 333 2710 Rev.
373 2650 408 2710 D.
448 2650 608 2714 Cardinalis
650 2654 854 2733 ll'capolitanus

61 2746 176 2818 astitit,
203 2757 232 2808 et
265 2748 338 2810 Rev.
371 2751 407 2811 D.
439 2752 603 2815 cardinalis
633 2753 765 2815 Senensis
786 2754 856 2816 dixit

61 2843 270 2926 Evangeliam,
291 2851 325 2910 D.
341 2852 535 2914 Bernardinus
562 2854 709 2914 Gambara
736 2854 855 2915 subdia·

62 2965 155 3007 conas
175 2950 361 3028 Apostolicus
383 2952 544 3033 Epistulam
567 2957 695 3023 latinam,
718 2956 752 3028 D.
775 2957 854 3017 isna-

63 3050 126 3108 cius
140 3051 338 3130 Argyropilas
358 3052 551 3135 Evangellum
573 3075 724 3135 graecum,
745 3068 773 3118 et
795 3057 854 3118 Dc·
887 3121 891 3141 Ι

63 3152 185 3209 metrias
203 3152 352 3230 epistolum
368 3174 515 3231 graecam.
537 3158 657 3218 interim
677 3159 759 3232 dum,
771 3170 800 3219 et
821 3161 855 3222 iu

63 3258 191 3323 terrun
213 3254 380 3314 cantoribus
402 3257 561 3331 diceretur,
581 3258 612 3318 S.
632 3260 667 3318 D.
688 3259 723 3319 Ν.
745 3261 856 3339 recepit

63 3350 92 3409 in
112 3353 289 3414 assistentem
304 3355 357 3414 sibi
373 3357 446 3419 Rev,
458 3357 504 3423 tt.
525 3359 713 3420 Benedictnm
729 3360 855 3421 Archis-

64 3453 213 3530 piscopum
234 3453 437 3527 Nicostensertt‚
456 3461 502 3518 cui
525 3459 560 3519 de
581 3460 717 3520 mandato
738 3461 856 3522 Sancti·

65 3551 135 3614 tatis.
149 3555 236 3629 Sane,
253 3576 285 3617 en
302 3570 370 3618 tanc
393 3559 466 3619 luter
488 3562 561 3622 alios
581 3563 744 3624 assistentes
758 3563 854 3622 lacurn

64 3654 141 3717 dedi.
154 3658 246 3725 Finita
261 3660 356 3731 illisae,
368 3659 445 3738 Pupn
462 3663 589 3723 ascendit
608 3664 722 3736 solium,
738 3664 786 3724 ubi
803 3665 855 3727 bc·

63 3759 171 3819 nedixit
190 3778 296 3833 ensem,
313 3779 368 3819 non
385 3772 477 3823 tamen
498 3765 706 3842 aspersinnuia
723 3782 778 3824 non
792 3774 855 3825 crat

63 3859 102 3916 ibi
124 3877 201 3936 aqua
223 3860 379 3921 benedicta.
412 3861 488 3922 Tum
514 3862 591 3923 dedit
612 3882 679 3923 eam
706 3864 785 3926 illus.
819 3865 854 3925 D.

62 3961 215 4024 Fridcrico
234 3981 333 4023 coram
355 3983 385 4025 sc
403 3965 629 4043 genuflexo,sab
653 3965 746 4027 serbis
762 3985 855 4027 anno·

64 4061 158 4135 tatis,
191 4072 230 4137 ut·
258 4065 350 4123 solent
383 4062 507 4124 Romani
540 4065 702 4126 Pontifices.
728 4066 855 4145 Expletis
928 4125 938 4133 .

65 4165 165 4226 verbis
177 4165 255 4243 Papa
269 4166 377 4243 recepit
389 4166 481 4244 ipsum
494 4165 656 4245 Principem
669 4167 704 4225 ud
719 4162 854 4235 osculum

64 4266 165 4345 pedis,
179 4285 281 4326 ntuuus
299 4276 328 4328 et
349 4268 429 4327 oris:
448 4286 503 4345 ego
524 4266 594 4327 dett
607 4285 702 4327 ensem
718 4285 771 4327 suo
790 4269 855 4326 bla-

60 4364 212 4443 jordnmn,
233 4369 283 4446 qui
304 4387 372 4429 eam
394 4379 458 4447 post
479 4369 654 4454 immediate,
676 4380 741 4431 antc
761 4371 853 4448 ipsum

64 4468 393 4555 Principemportarit,
428 4470 504 4549 Papa
531 4471 585 4530 sub
611 4471 724 4549 porticu
754 4470 855 4530 Sancti

65 4570 147 4634 Petri
169 4571 247 4631 dedit
268 4571 412 4631 licentiam
434 4571 567 4632 omnibus
586 4570 806 4637 Car-dinatum,
827 4583 855 4631 et

64 4673 160 4737 tolait
182 4672 263 4750 quod·
281 4690 379 4733 omnes
402 4673 457 4750 ipsi
479 4672 646 4732 tlardinales
666 4671 854 4750 collegialiter

64 4790 158 4851 usqae
190 4774 226 4833 nd
260 4773 404 4834 Palatium
438 4775 641 4852 Apostolorum
676 4772 855 4850 habitationis

63 4893 135 4936 suae
141 4876 317 4936 associarent
329 4873 504 4952 Principem,
519 4875 587 4951 qrria
599 4874 639 4933 sic
652 4868 747 4935 iuerat
761 4893 855 4953 nuper

64 4975 100 5036 de
122 4975 254 5055 ipsorum
288 4974 483 5037 Cardinalium
517 4975 637 5034 consilio
670 4974 855 5045 ordinatum,

50 5077 166 5157 vsicque
187 5079 296 5139 lactum
318 5088 369 5138 est.
391 5075 527 5153 Venimus
548 5095 600 5155 per
620 5074 742 5134 Pontem
758 5074 855 5135 Sancti

5 5163 10 5175 ⁵
64 5180 169 5259 angeli
192 5180 237 5239 ria
260 5191 339 5239 recta
361 5179 398 5239 ad
419 5177 561 5257 Campum
583 5177 711 5248 Florae,
737 5175 855 5235 domum

64 5282 100 5345 dc
121 5282 271 5355 blaaimis,
289 5280 451 5342 illinersam
472 5278 508 5337 ad
529 5279 690 5357 Apostolos.
711 5275 856 5336 luteriue·

63 5397 134 5448 runt
153 5401 245 5446 xrrtt.
259 5381 443 5455 cardinales,
458 5382 509 5459 qui
523 5379 581 5441 bini
601 5380 658 5440 bini
681 5377 735 5439 sibi
751 5396 856 5438 succc-

542 292 1082 395 enarraremus-annuarum
1104 292 1228 358 suun.
1421 296 1470 335 a
1647 286 1709 346 aaa

915 436 1021 497 dentes
1043 443 1146 493 mutuo
1160 429 1340 508 equitarunt:
1361 423 1576 488 interRerul).
1598 422 1709 484 Seuera·

922 556 995 609 sem,
1012 547 1041 596 et
1062 530 1264 596 camerarium
1285 529 1313 588 in
1336 529 1439 588 ultimo
1461 529 1526 588 loco
1547 524 1710 604 equitantes

923 637 1062 717 Princeps
1093 633 1225 704 medius,
1257 642 1287 692 et
1319 629 1484 691 immediate
1515 639 1580 688 ante
1616 627 1710 705 ipsum

923 742 1005 802 miles
1026 756 1122 800 ensent
1143 753 1211 796 cum
1232 733 1306 812 pileo
1328 741 1443 811 gestans
1464 747 1547 789 more
1560 728 1655 788 solito.
1671 725 1709 784 lli

921 851 1021 901 autern
1032 838 1199 901 Cardinales
1214 826 1712 908 interfuerant*videlicet,llcapoli·

923 953 1019 1014 tanus,
1031 940 1131 1001 Sancti
1148 937 1226 997 Petri
1238 934 1275 995 ad
1286 934 1408 1001 Vincula
1423 930 1585 1015 (l),Sancti
1598 927 1714 1005 Angeli,

903 1041 1144 1111 ‚Uliabonensis,
1165 1035 1402 1119 Rachanatcnsis,
1423 1033 1520 1094 Sancti
1540 1028 1711 1093 Clementis,

923 1143 1094 1214 Januensis,
1132 1139 1312 1208 Parmensis,
1332 1137 1566 1205 Beneventanus,
1588 1133 1712 1193 Sanctae

923 1242 1208 1314 Anastasiac,blnntis
1215 1239 1342 1318 Regalis,
1355 1236 1453 1298 Sancti
1464 1234 1607 1303 Severini,
1620 1235 1712 1294 Asca·

923 1346 1001 1416 nius,
1018 1345 1154 1415 Ursinus,
1175 1343 1328 1414 Columna,
1350 1339 1496 1410 Sabellus,
1511 1335 1710 1404 Camerarius,

923 1443 1073 1506 Senensis.
1087 1428 1274 1504 Onm'essent
1296 1434 1360 1502 ante
1381 1451 1495 1522 portam
1518 1437 1613 1527 palatii
1629 1439 1711 1514 Apo·

923 1548 1078 1616 stolorum,
1099 1541 1265 1607 cardinales
1286 1542 1388 1605 ordine
1408 1543 1494 1603 solito
1515 1559 1545 1600 sc
1566 1539 1712 1606 locarunt,

923 1647 1029 1724 quibus
1051 1665 1084 1706 cx
1105 1665 1187 1706 mare
1213 1643 1352 1722 Princeps
1373 1642 1436 1721 egit
1458 1641 1591 1720 gratias,
1611 1648 1639 1698 et
1661 1656 1711 1699 re·

922 1758 1068 1808 cesserunt
1091 1764 1210 1819 omues3
1241 1745 1277 1804 ut
1311 1744 1434 1822 primam
1457 1741 1607 1823 lectionem
1631 1738 1711 1802 dedit

921 1851 1026 1926 aquam
1038 1828 1171 1907 Marinus
1191 1844 1307 1906 [aeonas
1335 1840 1446 1904 Orator
1468 1835 1659 1920 venetasiR);
1675 1835 1711 1896 ad

921 1948 1080 2010 secundum
1102 1947 1168 2005 Dux
1185 1946 1331 2007 Gravinae
1353 1941 1465 2005 Orator
1486 1941 1576 2020 Regis
1593 1938 1712 2016 Neapo-

921 2049 1013 2123 litani,
1034 2068 1090 2110 non
1106 2059 1139 2108 ut
1161 2046 1283 2118 Orator,
1305 2045 1354 2108 sed
1376 2056 1409 2105 ut
1428 2045 1516 2125 Dux3
1537 2042 1572 2102 ad
1595 2040 1711 2101 tertiam

921 2148 1093 2229 Magnificus
1128 2143 1164 2208 1).“
1187 2147 1330 2208 Joltannes
1352 2145 1387 2207 de
1420 2147 1446 2204 la
1479 2143 1572 2204 Serra
1600 2138 1711 2202 Orator

921 2250 1010 2330 Regis
1040 2251 1203 2322 Franciae,
1228 2259 1257 2308 et
1284 2248 1376 2306 affinis
1397 2247 1501 2325 Papae.
1536 2246 1562 2303 ls
1591 2242 1712 2303 debebat
1759 2236 1762 2241 ‘

920 2351 1076 2414 secundam
1092 2351 1213 2420 dedisse,
1227 2359 1256 2410 ct
1275 2348 1374 2409 dictus
1389 2347 1456 2406 Dux
1471 2345 1599 2413 tertiam,
1615 2352 1712 2403 tamen

920 2453 961 2513 sic
983 2453 1076 2513 voluit
1096 2450 1240 2523 Pontilcx3
1256 2448 1291 2508 ad
1307 2460 1443 2527 quartam
1463 2447 1544 2506 lllus.
1562 2444 1627 2505 Don
1644 2443 1715 2504 Pri·

920 2555 1046 2615 dericus.

962 2656 1109 2718 Venerunt
1127 2652 1331 2733 superioribus
1353 2651 1467 2722 diebus,
1488 2650 1517 2710 in
1538 2649 1631 2717 x.,vcl
1651 2647 1715 2706 cir·

921 2759 995 2818 citer
1010 2757 1121 2829 diebus,
1132 2776 1166 2818 ex
1182 2755 1297 2815 civitate
1309 2752 1534 2814 barchinonensi
1545 2768 1642 2814 ,norae
1658 2746 1715 2809 Se-

922 2876 983 2918 ren.
1005 2856 1221 2920 Perdinandurn
1242 2856 1449 2935 Hispaniarum
1476 2853 1586 2933 Regem
1605 2870 1641 2912 ex
1661 2865 1716 2928 pa·

922 2959 992 3019 latio
1013 2958 1138 3036 quodam
1160 2977 1211 3037 per
1231 2955 1340 3035 gradus
1360 2951 1643 3024 descendentem,dic
1660 2971 1715 3013 ru.

923 3054 1011 3134 liujus
1032 3060 1170 3118 mensisa
1195 3056 1460 3135 quodamRustico,
1474 3073 1540 3116 ense
1555 3054 1586 3113 in
1606 3053 1714 3114 collam

921 3160 1056 3237 graviter
1078 3177 1247 3238 percussum
1265 3158 1365 3228 inisse,
1385 3159 1424 3216 itu
1441 3156 1519 3234 quod
1534 3174 1584 3215 sex
1599 3155 1715 3233 punctis

923 3262 1028 3322 saluus
1049 3261 1142 3338 ipsam
1163 3270 1262 3319 sutum
1278 3258 1382 3329 inerit,
1402 3275 1436 3317 ac
1461 3256 1617 3317 Rusticum
1636 3255 1715 3316 deli·

921 3357 1085 3442 ctorem(3)
1096 3359 1209 3420 dnobus
1221 3358 1390 3418 uulneribus
1401 3356 1614 3419 aserritoribas
1625 3355 1714 3435 Regis

922 3479 1103 3540 percussum,
1133 3468 1252 3539 captum
1275 3478 1346 3521 esse.
1374 3458 1416 3519 bc
1434 3458 1539 3535 ‚deinde
1561 3460 1589 3517 in
1612 3459 1712 3536 paucis

920 3565 983 3623 aliis
1004 3562 1260 3655 diebasrenitnlia
1282 3580 1369 3632 nava,
1384 3561 1493 3640 Regem
1513 3561 1607 3640 ipsam
1629 3570 1710 3620 extra

921 3664 1084 3742 pericnlum
1100 3682 1171 3734 esse,
1186 3681 1221 3723 ac
1237 3661 1392 3724 Rusticum
1406 3661 1586 3743 praedictum
1602 3660 1711 3720 risione

922 3764 1033 3825 Diaboli
1053 3762 1115 3845 (qui
1131 3773 1197 3824 ante
1218 3780 1274 3826 xx.
1291 3781 1389 3825 annos
1399 3763 1454 3823 sub
1467 3761 1560 3840 specie
1572 3760 1671 3837 iugali
1686 3758 1713 3821 ai

920 3866 1066 3943 apparuit,
1086 3873 1116 3926 et
1137 3865 1252 3926 nomina
1272 3864 1473 3944 omnipotentis
1494 3861 1546 3923 Dei
1560 3860 1613 3920 sibi
1628 3878 1713 3921 com·
1776 3876 1782 3884 ·

921 3961 1000 4024 misit
1021 3966 1131 4044 Regem
1147 3964 1251 4026 debere
1272 3963 1558 4042 occidere,qnouiam
1576 3963 1635 4041 ipse
1649 3960 1711 4022 Rex

963 4199 1000 4258 (1)
1013 4199 1089 4258 Quod
1105 4210 1164 4261 pag.
1180 4199 1227 4249 216
1243 4196 1292 4246 col.
1310 4200 1326 4245 2
1350 4196 1449 4245 dictura
1467 4199 1518 4257 cst,
1540 4194 1649 4245 videtur
1666 4207 1713 4257 pa·

921 4291 1000 4338 gnara
1016 4290 1076 4326 cum
1100 4290 1132 4327 co
1148 4277 1220 4339 qaod
1237 4277 1277 4329 bic
1302 4279 1393 4326 narrat
1408 4280 1518 4333 auctor,
1535 4274 1563 4324 id
1587 4277 1629 4324 est
1652 4287 1712 4325 cam

922 4356 1066 4406 Cardinatis
1088 4356 1112 4405 S·
1130 4356 1199 4406 Petri
1227 4355 1261 4405 ad
1278 4355 1386 4405 Vincula
1412 4356 1437 4404 ia
1454 4353 1523 4403 Orbe
1548 4354 1711 4416 praesentia.

921 4437 972 4486 scu
988 4448 1054 4494 nos,
1080 4437 1128 4484 etsi
1152 4436 1308 4497 auctoritate
1327 4434 1425 4484 codicis
1443 4434 1573 4493 Parisini,
1593 4435 1618 4483 in
1637 4437 1713 4483 textu
1759 4420 1762 4441 ¹

923 4520 1012 4565 nostro
1029 4515 1163 4564 intulimus
1179 4527 1209 4563 ca
1227 4527 1294 4577 qnae
1317 4513 1478 4576 praecedunt
1495 4518 1595 4562 textam
1613 4512 1711 4562 codicis

921 4594 1163 4658 Magliabcccltiani,
1174 4597 1262 4645 tamen
1279 4607 1327 4656 pro
1340 4599 1414 4644 certo
1429 4593 1568 4642 babuimus
1581 4606 1613 4641 ex
1626 4594 1713 4641 omni·

922 4674 972 4723 bus
1009 4672 1157 4722 lalcssarac
1184 4672 1324 4723 codicibus
1349 4673 1409 4722 huic
1442 4673 1541 4723 auctori
1567 4685 1618 4721 noa
1647 4673 1714 4722 llar-

922 4753 1021 4803 chardo
1037 4750 1176 4803 tribuenda
1187 4786 1205 4809 „
1221 4755 1248 4800 et
1273 4753 1298 4801 in
1315 4752 1407 4801 codice
1424 4751 1541 4802 Parisino
1566 4750 1712 4800 barchardi

923 4834 1060 4896 abaliquo
1087 4832 1271 4892 exemplatorc
1296 4832 1424 4893 inscripta
1441 4844 1474 4880 ex
1500 4831 1614 4894 quodam
1632 4829 1716 4879 iales·

923 4926 1001 4963 surae
1019 4911 1185 4974 exemplari,
1207 4910 1240 4958 ad
1257 4911 1405 4972 supplenda
1423 4923 1491 4972 qaae
1517 4911 1543 4959 in
1559 4909 1713 4959 burchardo

923 4993 1119 5044 desiderantur.
1135 4991 1175 5040 Sic
1193 4992 1280 5039 omnia
1302 4989 1485 5048 concordant,
1505 4991 1542 5039 sic
1559 4989 1630 5052 qaod
1648 4989 1715 5038 itar-

923 5073 1037 5124 otardus
1055 5072 1183 5130 affirmat,
1200 5067 1338 5134 praecedit
1355 5072 1474 5131 tempore
1492 5069 1562 5133 qaod
1578 5069 1612 5120 ab
1629 5069 1715 5120 inles-

924 5165 985 5202 sara
1003 5157 1138 5202 narratur.

963 5235 998 5293 (bt
1022 5231 1092 5281 Racc
1117 5243 1178 5280 sero
1196 5229 1331 5288 adnotata,
1353 5228 1428 5279 saclle
1451 5242 1484 5279 ex
1506 5227 1642 5280 oblivione
1665 5242 1714 5278 aa·

924 5298 1015 5362 oldris.
1436 5352 1440 5368 ,

964 5392 998 5452 13)
1017 5389 1044 5438 ln
1062 5389 1189 5448 Eccardo,
1206 5387 1395 5448 relinquentem.

1436 5492 1467 5548 2⁹
