3780 6030
176 247 217 309 aa
632 240 837 306 conculta
858 240 960 304 rost·
983 237 1132 303 Sle'Udd
1153 235 1355 309 durarunt.

172 383 371 447 Cardimlium
383 382 511 444 officinm
526 382 646 445 cabcem
660 399 750 464 supra
764 398 891 444 musam
908 379 963 442 de·

171 495 290 563 tegare,
311 494 340 545 et
361 492 469 562 tegare.
490 482 688 560 Temeraria
713 483 873 546 cardinalis
893 481 959 542 ile-

170 582 349 654 diolanensis,
360 597 463 643 eorum
479 581 572 659 prior,
591 579 757 643 infirmitate
767 591 919 661 gravatus,
934 581 963 642 id

140 669 145 678 ’
171 681 266 746 lacem
285 699 342 742 non
357 690 482 760 potarat,
498 681 760 743 vicecancellarius
777 679 841 759 ejus
864 681 892 742 in
908 681 964 743 boc

172 784 250 844 sices
263 782 417 861 supplerit.
430 780 523 841 lirant
539 792 636 842 autem
653 781 809 844 schedulae
827 792 964 844 votorum

172 878 337 959 hujusmodi
357 882 481 954 tanariae
502 883 623 943 scilicet:

213 965 313 1060 «ligo
329 981 389 1043 iul.
402 982 555 1061 episcopus
578 978 728 1053 Ostiensis,
752 979 912 1042 cardinalis
931 978 962 1039 S.

173 1084 252 1146 Petri
263 1084 299 1143 ad
310 1085 442 1157 Vincula,
452 1086 528 1163 eligo
539 1085 568 1143 iu
579 1101 727 1144 summum
740 1081 909 1144 Pontificem
924 1082 962 1141 li.

171 1185 207 1246 D.
228 1204 326 1247 meum
334 1185 370 1245 D.
386 1185 431 1246 lo.
447 1186 490 1245 tit.
506 1169 629 1244 Sanctae
647 1182 793 1244 Caeciliae
812 1181 963 1263 presbyte-

172 1305 240 1349 rum
253 1286 434 1348 cardinalem
450 1283 647 1357 bleldtensem,
661 1295 691 1346 et
709 1283 745 1345 ll.
765 1284 802 1344 D.
813 1300 910 1343 meum
925 1281 961 1342 Ι).

172 1386 347 1467 liaplsaclem
369 1387 411 1447 tit.
438 1385 470 1447 8.
493 1384 612 1465 Georgii
639 1384 676 1444 ad
698 1386 795 1444 veltrrn
816 1399 961 1455 aureum,

171 1486 323 1549 diaconum
345 1486 545 1559 cardinalem,
566 1497 596 1547 ct
617 1485 652 1545 li.
677 1484 712 1544 D.
736 1503 835 1546 meum
857 1484 892 1544 Ι).
916 1483 960 1545 du.

171 1585 327 1666 baptistam
341 1587 452 1647 beatae
465 1584 575 1646 illariae
597 1585 625 1644 in
644 1583 730 1645 Dum.
753 1586 840 1645 etiarn
862 1583 962 1644 diaco·

72 1678 78 1683 “
171 1703 241 1746 num
256 1684 441 1747 cardinalem
461 1683 495 1745 de
515 1684 628 1748 Ursinis
649 1708 678 1745 a.
691 1684 766 1746 Cum
782 1683 818 1774 lt.
834 1682 869 1745 D.
886 1682 962 1744 Car-

171 1784 272 1846 dinalis
284 1784 417 1847 Senensis
430 1785 556 1863 singulas
567 1782 719 1845 schedulas
735 1783 899 1863 hujusmodi
916 1784 961 1844 le·

172 1896 266 1964 geret,
279 1886 385 1964 singuli
399 1883 462 1944 lili.
478 1884 541 1944 DD.
555 1884 728 1946 cardinales
743 1885 773 1945 in
787 1885 874 1957 loliis,
888 1901 961 1962 quaa

170 1997 236 2048 ante
252 2005 284 2047 se
301 1985 456 2060 habebant,
474 1988 648 2049 annotabont
673 1985 872 2049 continuando.
892 1985 961 2045 Post

51 2083 53 2087 ’
170 2085 207 2145 li.
219 2086 255 2167 D.
267 2085 448 2148 cardinalem
460 2086 765 2169 idaldtenseru,notant
776 2086 959 2148 cardinalem

171 2183 341 2248 Ostiensem.
360 2186 439 2248 idem
454 2187 596 2249 iaciebant
618 2190 647 2248 in
669 2188 782 2249 nomine
800 2185 960 2248 Cardinalis

172 2286 204 2347 S.
227 2285 358 2365 Georgii,
379 2298 408 2348 et
425 2285 460 2348 de
482 2288 605 2360 Ursinis,
621 2298 649 2348 ct
666 2290 708 2349 sic
728 2286 763 2350 de
781 2288 845 2347 aliis
867 2287 962 2360 lectis,

171 2396 205 2445 ut
231 2403 330 2466 supra.
357 2386 548 2465 Singulorum
570 2390 663 2460 votis,
684 2399 868 2467 compertum
895 2397 959 2460 cst,

172 2486 287 2545 nullum
306 2504 342 2546 ex
360 2485 563 2546 cardinalibus
584 2489 664 2548 ultra
689 2487 788 2549 decem
816 2498 883 2548 vota
905 2487 962 2546 ba·

173 2583 259 2658 berc3
275 2585 334 2645 imo
348 2586 427 2645 sotus
441 2584 601 2647 Cardinalis
619 2587 652 2648 8.
669 2587 762 2648 blarci
778 2587 876 2648 decem
893 2599 959 2647 rota

171 2682 281 2742 habuit.
294 2682 369 2743 curn
382 2695 480 2746 autem
495 2688 652 2748 necessaria
664 2700 756 2750 ment
767 2686 869 2748 iuturo
879 2686 960 2748 Pon·

171 2780 240 2843 tilioi
266 2794 333 2844 vota
354 2800 439 2856 xvir,
462 2785 570 2847 scilicet
596 2785 667 2846 duas
688 2799 786 2867 partes
809 2786 960 2848 extribus

170 2881 368 2944 Gardioalium
398 2887 609 2963 praesentium,
631 2905 687 2949 non
709 2887 766 2948 luit
792 2889 848 2948 boc
877 2903 961 2947 moue

170 2986 354 3058 cauciacum,
373 2985 422 3046 sed
441 2987 519 3048 votis
541 2989 621 3048 lectis
646 2999 837 3050 surrexerunt
860 3005 959 3049 omncs

170 3082 344 3146 Cardiualea.
361 3084 618 3157 Quidamiverunt
633 3087 670 3147 ad
690 3107 819 3152 carneres
837 3106 905 3148 suas
921 3088 960 3147 ad

152 3256 154 3259 ¹
170 3185 342 3262 prandium,
356 3187 408 3246 alii
424 3186 461 3245 od
478 3188 708 3266 practicandum.

210 3285 282 3346 llari
307 3283 468 3347 cardinalis
495 3287 711 3350 mediolanensis
737 3286 884 3365 inllrmus,
908 3286 958 3364 qui

172 3396 231 3447 tres
249 3387 407 3447 servitores
428 3384 550 3447 babebat
571 3388 600 3447 in
624 3387 768 3460 conclavi,
789 3386 859 3447 mibi
890 3385 960 3446 dixit

170 3485 329 3548 iohannem
347 3487 382 3548 de
400 3486 531 3559 cvrnlbis,
550 3505 641 3548 uuum
659 3488 765 3549 exiliis
783 3487 887 3560 tribus,
905 3485 958 3546 sibl

170 3585 264 3647 minus
288 3598 430 3666 oportune
457 3588 578 3649 servire.
606 3587 764 3666 Propterea
800 3587 893 3666 ipsum
922 3606 957 3648 ex

173 3686 304 3746 conclavi
325 3688 507 3760 emitterem,
533 3697 563 3748 ct
587 3685 649 3764 ejus
677 3687 741 3747 ioco
762 3685 957 3747 lastinianum

170 3786 341 3847 Amerinum
356 3786 586 3868 intromitterem.
602 3785 758 3867 Respondi,
774 3786 801 3848 id
815 3787 887 3847 mibi
901 3805 958 3848 nou

170 3885 256 3948 licere
276 3887 335 3948 sinc
360 3885 481 3966 Cullogii
506 3887 597 3959 scitu,
617 3899 645 3949 et
667 3886 810 3948 mandato.
835 3886 958 3949 curavit

168 3986 260 4065 igitur
283 3987 362 4065 quud
386 3986 422 4046 li.
447 3987 483 4046 Ι).
509 3986 768 4050 vicecancellarius
796 4004 864 4048 cum
889 3988 960 4065 qui·-¹

170 4086 292 4149 busdam
303 4087 365 4148 aliis
375 4086 577 4150 cardinalibus
589 4087 701 4149 nomino
711 4086 832 4165 collegii
845 4085 873 4145 id
887 4084 958 4146 milri

171 4189 374 4261 committeret,
387 4187 423 4246 ad
441 4186 526 4266 cujus
544 4188 709 4249 mandatum
731 4189 893 4268 praelatum
910 4187 957 4248 do.

169 4286 204 4348 de
226 4263 508 4358 Gualbis⁸emisi,'ct
526 4286 592 4365 ejus
614 4290 678 4352 loco
696 4289 876 4368 praedictum
900 4288 957 4349 iu·

168 4387 322 4447 stirviunum
343 4387 494 4448 intromisi.

209 4487 279 4547 Fuit
297 4486 341 4547 his
361 4485 460 4561 diebus
477 4505 493 4546 a
512 4487 658 4548 nonnullis
677 4487 851 4560 dubitatum,
866 4506 904 4548 an
919 4486 955 4548 lt.

167 4585 203 4646 Ι).
218 4585 379 4648 cardinalis
395 4586 544 4658 Ascanius,
560 4587 610 4663 qui
626 4598 690 4666 post
703 4589 815 4650 obitum
830 4590 878 4652 iel.
896 4608 956 4652 ree.

169 4686 241 4748 stru
254 4686 348 4766 Papae
360 4688 468 4764 quarti,
480 4684 641 4747 cardinalis
652 4686 687 4747 ad
700 4688 809 4751 Urbem
825 4690 913 4763 veuit,
928 4700 957 4753 et

168 4789 216 4850 cui
230 4787 413 4868 posunudum
426 4805 459 4847 os
473 4798 607 4867 opertum
627 4804 684 4848 non
698 4801 773 4864 erat,
788 4789 816 4851 in
834 4790 957 4852 electio·

171 4903 235 4949 nem
256 4887 350 4950 iuterri
367 4883 513 4947 Pontificio
537 4898 638 4948 sotum
660 4885 730 4949 dara
752 4889 956 4962 deberet‚eum

169 5004 226 5049 unu
240 4997 314 5065 esset
333 4986 381 5048 illa
397 4985 559 5048 ceremonia
574 4985 611 5048 dc
626 4986 686 5049 oris
699 4988 867 5068 aperitione,
881 5005 957 5065 quac

172 5085 202 5146 lu
223 5087 305 5147 novis
315 5082 516 5161 cardinalibus
538 5086 724 5161 observatur,
745 5089 774 5148 in
794 5107 829 5150 eo
848 5107 957 5151 cousu-

170 5196 256 5248 mota.
269 5185 398 5248 Tandem
413 5186 468 5247 snit
483 5204 535 5267 per
550 5183 614 5246 llll.
626 5184 690 5247 DD.
704 5187 869 5251 cardinales
883 5207 956 5250 con·

171 5286 297 5360 clusum,
322 5287 399 5364 quud
424 5302 492 5347 cusu
514 5303 571 5347 non
592 5285 628 5348 sit
657 5289 788 5367 praedato
809 5289 958 5353 Cardiuali

1712 230 1820 315 (liat)

1033 376 1154 440 moto
1171 393 1204 436 os
1224 375 1368 447 clausum,
1387 372 1477 452 possit
1495 371 1569 433 liber
1590 369 1722 432 electioni
1743 371 1824 432 iotc·.

1033 497 1120 551 rcsse,
1133 487 1162 538 et
1173 476 1202 536 iu
1217 493 1251 536 aa
1262 485 1363 537 votum
1377 473 1459 547 dare,
1473 482 1503 533 ct
1517 489 1551 533 ea
1566 468 1719 532 observata
1735 468 1822 532 luisse

1033 579 1063 639 in
1084 576 1155 637 aliis.
1170 575 1204 636 st
1217 585 1315 637 autem
1337 573 1467 652 praelato
1478 571 1601 632 assuto
1613 569 1761 631 cardinali
1771 588 1822 649 per

1032 676 1080 738 lel.
1092 675 1274 737 recsirtum
1285 673 1394 752 Papum
1409 683 1547 751 quartum
1559 688 1591 731 os
1601 671 1735 731 clausum
1749 668 1823 729 luis-

1032 789 1085 850 set,
1100 788 1127 838 et
1149 787 1277 855 tempore
1295 775 1448 835 clausurae
1465 782 1621 848 ¹autequam
1635 770 1710 830 idem
1722 766 1823 828 'Sixtm

1034 875 1126 938 eidem
1153 892 1185 937 os
1212 874 1392 954 aperuisset,
1410 874 1468 952 ipse
1493 871 1592 932 §istus
1621 869 1696 931 diem
1726 877 1823 929 estre·

1033 992 1115 1036 mum
1130 976 1288 1046 claruisset,
1309 967 1390 1051 quod
1412 982 1491 1044 tuuc,
1512 980 1632 1050 propter
1650 966 1711 1029 oris
1733 965 1824 1045 baju-

1033 1061 1124 1135 smodi
1153 1074 1331 1144 clausuram,
1354 1070 1560 1151 nonpotuisset
1579 1067 1726 1148 paetum
1747 1064 1823 1127 car·

1031 1173 1134 1234 dinalis
1166 1172 1306 1233 ascanius
1333 1173 1362 1233 in
1383 1172 1521 1234 electione
1547 1167 1697 1249 praedicta
1724 1176 1823 1227 vetum

1030 1274 1110 1335 dare.

1073 1388 1207 1457 Qualiter
1228 1386 1305 1447 enim
1327 1388 1356 1446 in
1377 1385 1623 1446 advninistratione
1646 1382 1822 1443 cibariorum

1029 1503 1058 1553 et
1078 1501 1164 1571 potus
1183 1489 1247 1549 ΙΙΙ),
1263 1487 1326 1548 DD.
1346 1486 1545 1548 cardinalium
1565 1493 1664 1544 actum
1683 1482 1732 1554 cit,
1744 1492 1773 1543 et
1795 1484 1822 1542 in

1031 1592 1094 1652 aliia
1114 1588 1288 1667 quibusdum
1307 1589 1336 1647 in
1357 1587 1495 1648 conclave
1507 1584 1682 1656 observatis,
1694 1580 1823 1642 breviter

1031 1689 1248 1770 subjungemus.
1271 1688 1331 1748 l’ro
1352 1684 1417 1746 llll.
1434 1685 1496 1747 DD.
1516 1682 1727 1754 cardinalibus,
1742 1691 1824 1741 ante·

1033 1809 1122 1871 quarn
1147 1788 1285 1850 conclave
1311 1788 1464 1859 intrarent,
1487 1796 1599 1865 recepta
1627 1782 1769 1853 luerunt,
1796 1796 1824 1845 et

1029 1891 1161 1953 ordinata
1182 1890 1246 1949 loca
1268 1888 1375 1969 palatio
1397 1884 1545 1947 conscionis
1565 1884 1746 1965 propinqua,
1767 1882 1825 1942 sci·

1033 1993 1101 2054 licet
1121 1993 1150 2051 ln
1170 1990 1202 2051 8.
1214 1989 1398 2059 catherinae,
1412 1988 1440 2047 in
1459 1987 1491 2047 8.
1506 1980 1635 2047 Marcelli
1653 1984 1777 2062 palatiis,
1797 1982 1824 2042 iu

1032 2090 1119 2151 domo
1143 2088 1181 2149 tt.
1203 2089 1240 2149 D.
1262 2088 1423 2154 cardinalis
1448 2087 1480 2147 S.
1502 2086 1610 2146 idarlm
1629 2086 1660 2142 ln
1681 2081 1824 2156 Portica,

1028 2189 1056 2248 in
1073 2188 1196 2250 Camere
1216 2185 1457 2260 ’lbesaurarli,in
1471 2184 1615 2262 aliquibus
1635 2181 1759 2243 cameris
1773 2197 1826 2240 ca·

1028 2292 1201 2350 oonteorum
1230 2288 1364 2349 basilicae
1389 2286 1421 2346 8.
1448 2283 1531 2345 Petri
1552 2301 1608 2365 pro
1631 2281 1825 2359 decoquendis

1028 2388 1142 2449 cibariis
1162 2405 1217 2467 pro
1236 2389 1304 2467 ipsis
1323 2384 1389 2446 llll.
1411 2385 1474 2446 DD:
1496 2384 1706 2446 Cardinallbus.
1724 2383 1758 2441 ln
1777 2383 1824 2443 lo·

1028 2487 1068 2547 cis
1089 2487 1253 2566 hujusmodi
1271 2499 1357 2548 erant
1378 2486 1510 2565 magistri
1531 2488 1678 2557 aularum,
1692 2494 1722 2545 et
1735 2484 1823 2561 coqui

1028 2589 1156 2667 maurum
1166 2586 1376 2656 cardinalium,
1386 2585 1500 2664 singula
1515 2593 1726 2664 praeparantes.
1735 2582 1822 2643 circa

1028 2700 1125 2749 autern
1141 2687 1229 2748 boras
1250 2685 1412 2767 praodilct
1433 2701 1540 2745 coenae
1560 2683 1756 2746 veniebantex
1768 2683 1823 2742 do-

1027 2788 1121 2849 mibus
1146 2786 1343 2849 cardinalium
1359 2786 1398 2846 ad
1419 2787 1482 2847 luca
1511 2785 1657 2865 praedicta
1690 2781 1823 2862 magistri

1027 2888 1181 2948 domorum
1194 2888 1340 2948 canevarii
1356 2904 1424 2948 curn
1441 2887 1525 2957 uinis,
1543 2897 1572 2946 et
1591 2885 1680 2963 aliqui
1701 2903 1735 2945 er
1750 2900 1825 2963 oap-

1028 2988 1159 3067 pellinis,
1171 2999 1199 3048 et
1218 2987 1361 3048 scutiferis
1377 2988 1450 3060 aliis,
1470 2987 1573 3067 palatia
1597 2986 1726 3064 ipsorum
1745 2983 1824 3045 car·

1028 3088 1166 3147 dinallum
1178 3086 1410 3148 ctmudiantibus.
1429 3087 1509 3147 llora
1523 3085 1624 3147 deinde
1639 3083 1821 3154 adveniente,

1030 3187 1265 3269 praecedentibus
1285 3187 1427 3249 seutlleris
1448 3187 1520 3246 binis
1541 3197 1570 3247 et
1590 3184 1674 3254 binis,
1701 3193 1730 3243 ct
1752 3199 1824 3261 cap·

1028 3287 1144 3368 pellenia
1154 3288 1253 3349 eodem
1266 3287 1366 3348 ordine
1385 3284 1591 3366 sequmrtbm,
1610 3282 1822 3364 parairaenarli

1034 3407 1110 3451 unus
1122 3401 1198 3462 ante,
1207 3391 1281 3450 alter
1301 3398 1393 3461 retro,
1407 3388 1481 3448 iuter
1496 3405 1526 3447 se
1539 3402 1628 3467 super
1639 3383 1762 3464 spatulis
1772 3399 1824 3462 per

1034 3490 1173 3552 baculum
1194 3487 1347 3570 portabant
1368 3499 1516 3560 cornutas,
1536 3488 1564 3547 in
1588 3485 1693 3566 qsrlbus
1714 3483 1825 3543 cibaria

1031 3603 1060 3652 ct
1074 3603 1160 3672 potus
1181 3607 1248 3651 cum
1266 3605 1339 3669 pane
1357 3588 1467 3648 lnclnm
1488 3597 1580 3646 crant.
1593 3584 1668 3646 curo
1689 3593 1782 3644 essem
1796 3581 1824 3640 ln

1031 3703 1116 3772 porta
1127 3690 1269 3753 secundae
1282 3686 1427 3749 emradius
1444 3683 1554 3766 palatii,
1574 3682 1702 3744 scutilerl
1713 3691 1742 3742 et
1754 3695 1825 3760 cap-

1031 3789 1136 3871 pellani
1150 3809 1217 3852 cum
1227 3788 1366 3867 magistro
1384 3786 1488 3846 domus
1501 3783 1606 3844 ibidem
1623 3780 1825 3853 remanebant,

1027 3903 1054 3954 et
1081 3892 1119 3952 lbi
1149 3889 1357 3970 parairaenarii
1385 3903 1453 3948 cum
1479 3896 1601 3946 cornuta
1628 3880 1824 3942 ascendebant

1027 4009 1079 4072 per
1093 3991 1211 4062 scalam,
1227 3988 1263 4047 ad
1275 3986 1399 4049 tertiam·
1411 4002 1504 4064 usquc
1522 3995 1552 4044 et
1569 3989 1824 4061 quarumnam·

1026 4091 1097 4163 dias,
1119 4090 1168 4150 ubi
1188 4099 1270 4150 extra
1287 4088 1394 4148 ostium
1411 4084 1569 4156 conclavis,
1588 4091 1741 4143 cornutam
1764 4076 1822 4138 fla·

1027 4191 1149 4251 mebant.
1179 4190 1308 4251 cornuta
1338 4183 1505 4263 hujusmodi
1534 4200 1622 4243 urtam
1649 4181 1820 4241 clausuram

1026 4309 1094 4353 cum
1111 4289 1222 4351 duabus
1245 4287 1377 4350 claribus
1397 4283 1517 4366 paribus
1537 4282 1671 4353 babebat,
1694 4293 1822 4357 utrarum

1026 4408 1113 4451 unam
1134 4391 1273 4469 magister
1294 4388 1388 4459 aulae,
1406 4386 1529 4445 alteram
1545 4400 1616 4443 vcro
1630 4376 1825 4440 conclusistas

1026 4509 1094 4552 cum
1114 4490 1150 4551 lt.
1170 4490 1206 4550 D.
1224 4488 1379 4552 cardinale
1395 4485 1545 4546 existentes
1563 4480 1726 4543 retinebant
1736 4499 1748 4551 3
1763 4476 1826 4548 ilie,

1027 4608 1094 4650 cum
1116 4590 1225 4651 cibaria
1247 4600 1276 4650 et
1298 4590 1398 4647 vinum
1419 4588 1447 4644 iu
1470 4592 1592 4645 cornuta
1625 4577 1822 4658 imposuisset,

1025 4691 1100 4750 lacta
1111 4690 1193 4769 priua
1210 4688 1245 4750 de
1263 4687 1384 4766 singuiis
1405 4682 1561 4756 credentia,
1573 4688 1727 4742 cornutam
1750 4674 1826 4737 clavi

1026 4791 1169 4863 serrabat,
1181 4800 1220 4863 ct,
1242 4800 1276 4848 ut
1294 4804 1383 4868 supra
1404 4784 1579 4854 dictumest,
1594 4780 1630 4840 ad
1657 4777 1825 4839 conclavem

1027 4889 1179 4962 mittebat,
1199 4895 1395 4950 cornutaruur
1419 4884 1493 4945 duue
1512 4890 1606 4954 erant,
1620 4893 1745 4958 quarum
1769 4891 1827 4933 una

1027 4989 1222 5062 mittebatur,
1241 4999 1273 5050 ut
1293 5005 1405 5069 supra,
1425 4995 1454 5046 et
1480 4979 1708 5063 reportabatur,
1734 4974 1827 5036 altera

1028 5110 1100 5156 vcro
1127 5092 1156 5152 iu
1178 5087 1308 5151 cmclavi
1331 5096 1417 5156 erat,
1440 5084 1470 5142 in
1492 5098 1582 5160 quam
1602 5077 1700 5141 omnia
1720 5075 1826 5141 exilis,

1028 5193 1065 5254 ab
1095 5202 1175 5254 extra
1207 5188 1341 5252 existente
1375 5190 1520 5254 extracta,
1545 5168 1611 5238 data
1633 5178 1661 5237 in
1689 5175 1825 5236 conclave

1030 5314 1082 5374 per
1101 5291 1285 5372 sportellam,
1309 5282 1542 5364 reponebantur3
1572 5286 1600 5336 et
1621 5274 1657 5335 ad
1679 5287 1830 5341 cumeram,
