3758 6030
167 237 230 301 stt
657 229 941 300 ronrtrlctt'us
961 236 1188 303 snuxluntu
1210 234 1336 300 suxrt.

172 389 238 435 meo
252 381 381 450 tempore
397 367 511 429 nullum
534 383 663 445 unquam
679 368 802 431 verbum
822 368 859 430 sit
874 369 960 431 hobi·

167 485 250 544 tum,
268 469 322 530 nisi
339 468 377 529 ab
395 465 541 545 aliquibus
558 467 641 527 annis
659 468 762 548 elapsis
777 469 869 541 citra,
891 487 959 530 cum

168 573 198 632 io
212 570 294 634 Urbe
311 580 386 631 esset
406 567 443 628 O.
464 566 642 630 Wilhelmus
663 567 698 628 dc
718 568 806 630 bibra
827 569 910 631 miles
930 581 959 632 et

168 668 290 734 Orator.
321 667 379 739 Oui
401 664 491 744 hujus
511 669 700 730 contentionis
721 671 805 749 origo
833 670 911 747 luit,
931 681 960 734 et

171 773 318 842 inversor,
334 786 462 830 amouens
476 787 512 829 ex
531 766 679 848 lmperioli
693 768 771 829 bulla
786 787 876 831 aurea
898 771 959 833 Co·

169 871 263 934 rolina
285 868 504 943 coloniensem,
526 866 738 929 Cancellarium
759 889 820 930 esse
840 870 958 950 lmperii

169 991 223 1052 per
244 971 371 1045 ltaliam,
391 982 420 1032 et
440 980 594 1050 propterea
615 969 789 1051 praecedere
801 956 914 1033 debere
930 972 958 1032 in

166 1071 250 1135 ltalia
265 1072 479 1152 Noguutinum,
498 1072 548 1150 qui
566 1071 764 1134 contenarius
782 1081 824 1132 est
845 1071 875 1131 in
897 1071 960 1134 Ge·

170 1173 339 1248 manla3non
350 1173 508 1247 attendens,
520 1171 723 1254 Naguutinum
739 1173 887 1234 Oceanum
898 1192 959 1236 csse

170 1274 300 1333 omnium
312 1273 493 1348 Electorum,
502 1277 668 1355 propterea,
681 1274 729 1335 ubi
745 1275 824 1348 licet,
837 1292 959 1354 praecc-

171 1372 240 1434 dere
258 1372 372 1434 debere.
390 1375 448 1435 Fui
463 1394 551 1455 super
568 1374 772 1437 consuetudine
788 1394 840 1455 per
860 1375 958 1435 ambas

167 1486 264 1552 partes
279 1475 499 1553 interrogatus,
517 1475 622 1554 quibus
639 1474 773 1555 respondi
792 1474 868 1534 banc
885 1493 958 1536 con·

167 1573 324 1635 tentionem
346 1592 452 1635 novam
474 1594 545 1646 csse,
565 1586 594 1635 et
615 1574 797 1653 praedictum
813 1574 957 1653 quondam

165 1672 325 1734 Dominum
356 1674 547 1735 wilhelmum
572 1673 607 1734 de
636 1673 725 1734 Bibrs
760 1675 956 1752 excogitasse3

172 1791 234 1851 quo
267 1773 412 1835 intellecto
444 1773 520 1833 inter
552 1792 583 1833 se
609 1771 847 1847 concordarunt,
879 1773 958 1852 quod

170 1873 246 1933 alter
267 1890 371 1933 eorum
392 1871 541 1933 alternatis
563 1872 675 1933 vicibus
697 1872 834 1947 veniret,
857 1874 958 1952 sicque

167 1970 257 2034 hodic
286 1971 428 2032 Dominus
451 1971 593 2033 Antonius
614 1982 816 2052 permaneret,
835 1985 865 2034 et
883 1975 958 2034 alter

167 2091 224 2152 pro
254 2072 302 2133 die
327 2072 473 2152 praedicta
498 2073 610 2134 reniret
622 2093 632 2146 3
656 2091 714 2151 quo
741 2073 842 2134 ordine
868 2073 957 2146 dato,

166 2170 262 2233 dictus
282 2171 317 2234 O.
343 2171 483 2232 Antonius
504 2171 583 2233 renit
604 2171 690 2232 bodie
715 2172 752 2233 ad
774 2173 958 2252 cappellam,

168 2271 262 2333 altero
282 2282 364 2333 extra
384 2282 524 2332 manente.

209 2372 295 2434 Faria
312 2382 418 2450 quarta
432 2369 635 2433 Hebdomadas
649 2368 785 2447 Sanctae,
798 2389 843 2433 ιιι.
856 2372 957 2433 mensis

169 2472 287 2553 aprilis,
308 2469 569 2533 SanctissimusO.
590 2467 626 2529 N.
646 2469 775 2531 amictus
795 2470 872 2544 alba,
892 2471 959 2531 cin·

172 2573 262 2652 gulo,
275 2573 348 2633 stola
364 2572 512 2645 violacea,
530 2581 560 2632 et
580 2589 671 2651 cappa
693 2570 729 2632 de
749 2573 877 2632 scarlato
896 2571 957 2633 sinc

172 2672 279 2747 mitra,
292 2683 321 2732 et
334 2671 394 2732 sine
415 2687 514 2742 cruce,
536 2672 722 2749 sequentibus
737 2672 833 2751 ipsum
849 2671 958 2732 Cardi-

172 2771 299 2845 nalibus,
316 2782 346 2833 et
358 2771 423 2832 aliis
436 2789 519 2832 more
533 2771 629 2844 solito,
651 2771 729 2832 venit
742 2770 778 2830 ad
798 2773 957 2851 cappellam

171 2869 325 2948 majorem,
336 2872 398 2945 ubi,
408 2872 485 2932 lacta
499 2869 631 2932 oratione
641 2871 670 2931 iu
681 2869 852 2944 faldistorio,
860 2887 957 2931 ascen·

171 2971 214 3034 dit
244 2971 360 3034 solium.
381 2969 543 3032 Cardinalis
564 2969 696 3031 Senensis
719 2980 749 3030 et
769 2969 956 3032 Camerarius

167 3091 202 3135 cx
222 3089 331 3134 senon
352 3080 496 3132 venerum
525 3068 561 3128 ad
592 3068 749 3149 aptandum
779 3070 955 3131 anteriorem

166 3183 279 3254 partem
301 3171 485 3232 fimbriarum
504 3188 612 3250 cappae
629 3170 726 3250 Papae
743 3171 772 3230 in
786 3169 956 3245 faldistorio,

166 3290 263 3352 nsque
282 3291 317 3334 ex
336 3291 366 3332 se
386 3271 497 3350 Papam
510 3269 547 3329 ad
566 3270 673 3331 solium
691 3271 833 3331 associare
852 3271 957 3332 volne-

167 3385 247 3434 rum.
269 3373 303 3432 lu
324 3389 395 3450 quo,
412 3370 478 3432 licet
493 3370 570 3432 lorte
599 3386 655 3431 non
684 3370 865 3443 erraverint,
886 3368 955 3447 quio

170 3484 266 3535 tamen
278 3471 477 3553 superioribus
490 3470 643 3551 temporib.
654 3470 683 3530 id
692 3471 787 3532 lacere
799 3471 956 3532 volucrunt

170 3585 200 3637 et
221 3575 375 3645 lecerunt,
397 3572 432 3634 de
454 3572 509 3632 boc
530 3590 616 3653 alme
639 3571 827 3645 commoniti,
848 3572 955 3633 iterum

169 3674 258 3735 modo
279 3673 309 3733 id
340 3683 472 3752 egerunt.
507 3671 585 3751 Papa
606 3681 714 3733 autem
743 3672 773 3731 in
799 3671 873 3731 solio
892 3671 958 3731 exi·

171 3785 291 3850 stcute,
318 3774 404 3835 etism
430 3782 584 3849 antequam
613 3771 725 3832 sederet
751 3781 955 3844 recesserunt,

167 3887 265 3958 aptata
286 3886 383 3936 tamen
405 3873 487 3955 prius
507 3871 561 3933 sibi
588 3889 605 3930 a
632 3883 715 3932 retro
740 3871 954 3948 aliquantulum

167 3993 267 4057 cappa.
299 3975 378 4055 Papa
409 3985 507 4034 autem
542 3973 571 4033 in
601 3970 658 4033 line
684 3970 866 4051 Antiphonoe
889 3979 956 4050 post

166 4078 359 4141 Benedictus
380 4075 500 4155 repetite
520 4072 557 4133 ad
578 4073 771 4134 faldistorium
792 4083 878 4133 eunte
895 4114 904 4144 ,
925 4080 954 4132 et

168 4177 247 4250 iude,
262 4160 339 4236 dicta
354 4176 495 4247 oratioue,
511 4173 672 4247 recedente,
686 4191 721 4232 ac
739 4173 866 4244 interim,
877 4172 956 4250 quod

168 4276 274 4338 ibidem
289 4273 517 4354 genuflecteret,
536 4284 624 4352 atquc
646 4291 737 4352 usque
759 4272 787 4333 in
809 4290 954 4334 cameram

170 4376 288 4458 Papae,
309 4376 391 4436 nullo
412 4393 516 4436 eorum
536 4375 736 4438 cardinalium
765 4373 954 4435 assistentium

168 4496 199 4540 sc
218 4474 457 4557 approximante,
475 4473 605 4536 fimbrias
623 4493 731 4557 cappae
752 4475 848 4554 Papae
867 4475 955 4535 simul

169 4580 308 4641 collectas
323 4575 453 4657 portarit
466 4574 707 4656 Arcbiepiscopus
717 4574 891 4638 Arelatensis
906 4590 955 4633 as·

170 4681 273 4745 sistens
292 4722 302 4754 ,
328 4685 359 4738 et
379 4688 474 4738 cetera
495 4675 592 4738 omnia
613 4675 766 4736 observata
786 4684 854 4735 sunt
874 4691 956 4734 more

170 4782 262 4845 solito.
289 4777 499 4851 luterluerunt,
520 4775 599 4858 Papa
619 4777 648 4836 in
668 4776 777 4855 capella
799 4785 897 4848 eunte,
916 4773 953 4834 O.

168 4881 344 4944 Laurentius
374 4879 410 4941 ds
438 4879 527 4941 Bibra
555 4888 585 4939 et
602 4875 747 4939 lohannes
764 4917 873 4936 .....
893 4873 955 4935 Λι-

169 4983 342 5065 chlepiscopl
363 4981 558 5054 Coloniensis,
579 4979 686 5041 Petrus
707 4973 819 5047 Oueich
851 4974 954 5037 Comes

169 5082 338 5156 Palatinus,
363 5093 391 5143 et
412 5080 559 5143 liobsrtus
579 5077 749 5140 Naturellus
769 5075 860 5137 Ducis
880 5073 957 5134 Plri-

168 5185 237 5264 lippi
258 5182 437 5245 Sereuissimi
450 5181 651 5243 Romanorum
672 5177 762 5257 Regis
775 5175 826 5236 lilii
842 5173 953 5237 Orato-

169 5303 239 5359 res,
258 5296 287 5347 st
307 5301 376 5345 aum
396 5282 490 5344 dictus
509 5282 596 5343 Oom.
613 5278 760 5343 liebertus
775 5277 804 5338 in
823 5274 951 5355 cappella

1706 222 1815 311 (aros)

1027 373 1155 456 primum
1184 374 1283 434 locum
1316 382 1405 448 supra
1423 361 1565 427 Oratores
1596 359 1814 443 drahieplscopi

1025 472 1199 535 Coloniensis
1220 467 1389 548 recepisset,
1411 466 1478 527 licet
1494 463 1563 525 dicti
1579 460 1726 527 Oratores
1744 462 1815 523 mibi

1026 572 1148 632 nibilum
1170 570 1204 630 dc
1226 569 1282 630 boc
1301 566 1448 648 dicerent,
1466 583 1500 626 ex
1521 582 1570 624 me
1585 563 1678 624 eidem
1697 562 1737 622 l).
1753 561 1816 623 Ro·

1026 672 1109 733 berto
1123 668 1180 752 (l),
1194 669 1257 730 aliis
1278 684 1335 727 uon
1354 663 1579 744 intelligentibus
1601 665 1646 724 vel
1669 661 1815 722 audienti·

1026 773 1091 846 bus,
1101 772 1159 833 dixi
1171 773 1265 852 ipsum
1277 787 1366 849 supra
1377 767 1548 828 Electorum
1561 760 1706 826 Oratores
1717 763 1813 823 locum

1026 892 1185 954 numquam
1198 871 1341 945 babuisse3
1352 879 1381 929 et
1395 887 1440 929 me
1455 867 1527 927 alias
1541 865 1717 926 intellexisse
1729 881 1816 943 prae·

1025 975 1117 1035 lutum
1139 973 1287 1034 lllustriss.
1314 970 1425 1029 Oueem
1453 985 1539 1028 suum
1566 965 1725 1036 statuisse,
1747 982 1813 1025 cum

1026 1072 1210 1134 Electoribus
1236 1086 1418 1149 nequaquam
1441 1060 1611 1128 contendere
1642 1066 1744 1137 velle,
1768 1064 1816 1126 sed

1026 1174 1138 1246 cedere3
1159 1183 1313 1252 propterea
1335 1171 1464 1250 cogitare
1483 1169 1571 1229 vellet
1593 1166 1664 1246 quiid
1691 1177 1815 1245 cgeret3

1026 1275 1089 1354 qui,
1110 1273 1166 1334 hoc
1181 1291 1198 1333 a
1216 1290 1262 1334 me
1281 1271 1435 1343 intellecto,
1453 1260 1586 1330 adstatim
1602 1267 1767 1347 cappellam
1782 1267 1817 1328 dc

1026 1374 1092 1436 loco
1106 1372 1256 1454 proedicto
1271 1372 1369 1432 exivit.
1391 1371 1521 1431 Primam
1536 1370 1691 1431 lectionem
1708 1369 1812 1430 sive...

1026 1473 1159 1535 dixerunt
1175 1483 1313 1552 quatuor,
1330 1469 1465 1531 videlicet
1485 1469 1521 1529 O.
1541 1469 1672 1549 liapltacl
1690 1467 1815 1528 cubicu-

1026 1574 1115 1634 larius
1137 1572 1169 1632 S.
1191 1572 1226 1632 u.
1248 1571 1282 1631 N.
1305 1569 1499 1631 subdiaconus
1520 1569 1666 1648 cappellae
1689 1576 1815 1640 nostroe,

1025 1683 1055 1734 et
1075 1672 1194 1752 quidam
1214 1672 1287 1731 alius
1297 1689 1362 1744 ,ac
1376 1669 1435 1730 duo
1449 1687 1484 1729 ex
1502 1667 1673 1728 cantoribus
1696 1667 1816 1747 cappel-

1026 1774 1071 1834 lae
1090 1783 1206 1833 nostrae
1226 1780 1333 1831 stantes
1358 1772 1388 1829 iu
1421 1767 1601 1848 presbyterio
1624 1765 1652 1826 io
1675 1767 1744 1827 loco
1765 1765 1814 1825 ubi

1025 1872 1171 1934 credentia
1191 1872 1259 1953 poni
1281 1872 1355 1932 solet
1369 1856 1428 1950 ¹pro
1445 1868 1630 1941 celebrante,
1650 1867 1733 1927 libro
1754 1867 1814 1926 sire

1026 1972 1100 2035 loliis
1121 1973 1149 2032 in
1171 1972 1282 2052 pulpito
1307 1970 1411 2031 ibidem
1433 1988 1485 2049 per
1506 1968 1647 2029 clericum
1669 1966 1815 2046 cappellae

1025 2074 1117 2152 posito
1129 2117 1139 2147 ,
1170 2090 1252 2133 more
1279 2072 1425 2152 hispanico
1446 2077 1604 2130 cantantes.
1634 2067 1716 2127 Alias
1746 2075 1811 2127 octo

1025 2173 1159 2234 dixerunt
1177 2185 1308 2235 cantores
1329 2172 1357 2231 in
1380 2173 1444 2232 loco
1465 2188 1568 2232 eorum
1590 2177 1741 2229 consueto.

1066 2275 1151 2336 Neris
1166 2271 1501 2351 tertia,xxttn.aprilis,
1512 2269 1548 2329 R.
1562 2272 1589 2329 in
1599 2268 1720 2332 Christo
1735 2278 1814 2346 poter

1025 2374 1061 2435 O.
1069 2376 1216 2436 blasianus
1229 2375 1378 2454 episcopus
1393 2371 1603 2442 Glandatensis,
1617 2368 1814 2431 Cancellarias

1025 2476 1204 2555 Apostolicae
1222 2474 1358 2553 liegeos,
1379 2473 1491 2535 Rornae
1522 2473 1550 2532 in
1580 2470 1718 2532 domibus
1747 2486 1814 2529 suae

1024 2577 1124 2637 solitae
1155 2575 1350 2649 residentiae,
1383 2573 1460 2635 diem
1492 2571 1596 2633 clausit
1628 2580 1812 2644 extremum,

1025 2672 1108 2754 cujus
1128 2671 1224 2735 anima
1246 2675 1409 2752 requiescet
1431 2675 1459 2734 in
1480 2690 1574 2752 pace,
1597 2669 1686 2748 cujus
1707 2686 1812 2748 corpus

1024 2774 1122 2837 eodem
1151 2774 1195 2836 die
1227 2783 1291 2853 post
1312 2773 1415 2834 boram
1437 2789 1628 2854 vesperorum
1661 2781 1809 2851 portatum

1023 2875 1079 2935 luit
1100 2873 1136 2933 ad
1157 2875 1308 2935 ecclesiam
1339 2873 1444 2936 Beatae
1470 2872 1579 2934 Mariae
1609 2872 1646 2933 de
1676 2872 1810 2952 Populo,

1024 2975 1194 3036 associetum
1222 2992 1240 3033 a
1264 2974 1378 3034 lamiliis
1407 2974 1471 3038 lili.
1493 2974 1557 3034 OO.
1579 2969 1763 3052 Neapolitani
1783 2980 1808 3031 et

1025 3073 1158 3137 Senensis
1167 3072 1525 3153 Cardinaliumddxequiae
1543 3072 1606 3153 ejus
1622 3071 1738 3132 habitae
1750 3080 1811 3129 suut

1025 3176 1053 3236 in
1072 3175 1148 3236 dicta
1168 3175 1289 3236 ecclesia
1310 3174 1355 3237 die
1377 3177 1462 3236 lunae
1480 3191 1575 3236 xxix.
1590 3172 1663 3232 dicti
1686 3170 1809 3243 mensis;

1024 3276 1139 3336 lilissam
1159 3275 1317 3337 celebrarit
1337 3275 1374 3336 li.
1397 3275 1426 3335 in
1446 3275 1564 3337 Christo
1583 3273 1673 3334 Pater
1693 3270 1731 3331 O.
1753 3269 1811 3330 Ga·

1024 3375 1096 3438 brici
1116 3375 1271 3456 episcopus
1291 3374 1465 3438 Adiacensis.

1064 3476 1152 3536 Feria
1174 3477 1284 3555 quinta,
1305 3475 1356 3536 25.
1377 3475 1447 3538 dicti
1476 3473 1579 3535 mensis
1600 3471 1720 3552 aprilis,
1741 3470 1810 3531 festo
1843 3529 1846 3543 ,

1024 3574 1056 3636 S.
1071 3577 1162 3638 ilorci
1176 3575 1388 3655 Evangelistae,
1403 3573 1435 3635 S.
1454 3574 1489 3634 Ι).
1504 3572 1539 3633 Ν.
1553 3583 1675 3653 paratus
1688 3571 1808 3644 amictu,

1023 3678 1110 3751 alba,
1132 3679 1272 3757 cingulo,
1294 3677 1434 3756 capucino
1454 3675 1489 3737 de
1510 3674 1610 3736 veluto
1628 3673 1806 3745 cremosino,

1024 3789 1052 3839 et
1066 3779 1140 3839 stola
1154 3779 1285 3857 preciosa
1307 3794 1396 3837 aureo
1419 3794 1486 3836 cum
1508 3774 1606 3854 perlis,
1631 3761 1807 3853 praeceden-

1024 3879 1102 3939 tibus
1123 3895 1212 3940 cruce
1233 3889 1263 3940 et
1283 3875 1500 3948 cardinalibus,
1531 3872 1675 3953 equitavit
1701 3872 1739 3932 ad
1760 3888 1807 3934 ec·

1025 3980 1140 4040 clesiam
1174 3978 1272 4040 Sancti
1302 3977 1394 4038 ilorci
1423 3996 1476 4057 per
1510 3974 1587 4038 viam
1618 3972 1736 4053 Papae3
1764 3969 1808 4031 ubi

1023 4091 1176 4161 postquam
1191 4078 1337 4141 descendit
1351 4097 1385 4139 ex
1400 4095 1477 4157 equo
1491 4076 1527 4136 ad
1542 4075 1706 4148 ecclesiam,
1724 4090 1810 4135 oscu-

1023 4183 1099 4243 latus
1117 4192 1163 4243 cst
1183 4197 1302 4243 crucem
1324 4197 1378 4259 per
1399 4178 1436 4238 li.
1455 4177 1490 4237 Ι).
1510 4174 1694 4237 cardinalem
1716 4175 1807 4236 uene-

1023 4294 1180 4346 rentanum
1202 4281 1254 4341 sibi
1276 4279 1426 4351 oblatam,
1458 4276 1527 4338 lecit
1556 4275 1721 4336 orationem
1746 4282 1808 4333 ante

1023 4384 1137 4457 altore,
1159 4394 1240 4453 tunc,
1259 4379 1389 4460 deposito
1409 4377 1573 4456 capucino,
1593 4384 1707 4436 retenta
1728 4375 1808 4447 stola,

1023 4485 1135 4565 accepit
1153 4481 1282 4562 pluviale
1303 4480 1426 4540 rubeum
1448 4476 1612 4557 preciosum
1638 4483 1669 4534 et
1691 4474 1808 4533 mitram

1023 4587 1184 4668 preciosam
1198 4627 1208 4657 ,
1228 4591 1257 4644 et
1270 4581 1389 4641 mitram
1405 4577 1586 4658 simplicem,
1606 4573 1763 4654 genuflexit
1780 4574 1808 4632 in

1023 4685 1199 4761 faldistorio,
1221 4692 1251 4743 et
1269 4690 1402 4742 cantores
1421 4677 1555 4740 dixerunt
1584 4675 1720 4736 letaniam
1742 4674 1809 4736 bre·

1025 4804 1110 4848 rem:
1132 4801 1190 4862 qua
1221 4780 1302 4842 fluite
1332 4777 1460 4840 surrexit
1491 4775 1648 4849 Pontiies,
1677 4784 1708 4837 et
1743 4773 1807 4836 lecit

1024 4887 1227 4949 contessionem
1263 4899 1332 4941 cum
1369 4878 1549 4951 celebrante,
1583 4874 1722 4939 videlicet
1743 4891 1808 4936 cum

1022 4989 1059 5048 lt.
1077 4988 1114 5049 Ι).
1128 4984 1283 5049 Cardinale
1304 4981 1409 5044 Montis
1426 4976 1551 5060 Regalis.
1572 4976 1660 5038 ldissa
1673 4975 1751 5037 dicta
1768 4982 1808 5036 est

1067 5208 1103 5269 (1)
1119 5204 1147 5256 ln
1164 5205 1257 5258 codice
1274 5203 1316 5254 bic
1341 5201 1443 5253 Orator
1469 5197 1620 5262 appellatur
1637 5195 1764 5247 cruores
1785 5197 1809 5243 et

1021 5287 1151 5339 bobertus.
