3758 6030
43 209 153 296 (taor)

95 343 210 405 blissale
235 375 275 388 -
294 340 464 404 Pontibeala
484 378 521 394 -
547 343 636 406 [tiber
660 345 838 426 Evangelio·

46 463 117 505 rum
136 478 176 490 -
195 442 283 504 Liber
302 442 502 523 Epistularum
521 478 560 491 -
582 443 694 507 Lancea
714 465 769 525 pro
784 465 838 507 ve·

43 546 115 608 xilla
136 545 211 625 Regi
230 544 324 619 dando
342 576 381 589 -
400 543 488 606 biber
514 546 728 620 laetaniarum,
749 564 836 624 quem

52 648 146 708 tamen
168 655 307 726 poterunt
336 655 469 707 cantores
503 648 580 725 apud
609 667 638 708 se
663 659 788 719 tenere,
808 657 838 707 et

43 763 144 806 secum
177 757 322 826 portare,
352 746 466 823 quando
488 747 583 808 dicent
608 747 774 810 [laetaniam
796 781 837 793 -

43 848 131 908 Ralla
174 847 370 927 lndulgentiaa
393 850 548 927 ¹plenariae
580 850 714 929 alligatur
748 867 836 929 prope

45 949 139 1013 altare
156 992 165 1021 ,
185 960 218 1008 ut
239 948 275 1007 ab
294 951 427 1010 omnibus
460 950 593 1012 videatur
612 987 650 1000 -
676 951 771 1030 Prope
791 952 837 1009 ul·

44 1059 107 1112 tare
140 1061 262 1131 paretur
282 1042 474 1112 faldistorium
501 1070 583 1112 cam*
599 1071 653 1112 auo
674 1053 837 1122 cassiuoet

44 1163 185 1231 cooperta
207 1151 241 1213 de
258 1152 398 1214 braccata
418 1172 509 1216 aureo
528 1154 690 1216 cremesino
705 1173 760 1234 pro
778 1151 838 1214 bc·

43 1261 113 1330 gato
139 1285 174 1296 -
202 1252 416 1314 Ealdistorium
441 1254 533 1315 simile
556 1272 623 1315 cum
649 1274 702 1316 suo
725 1255 838 1316 cumino

43 1362 74 1414 et
89 1364 224 1432 cooperta
237 1353 271 1414 da
282 1353 427 1433 braccata
444 1373 535 1419 aureo
555 1357 621 1417 albo
637 1375 692 1436 pro
708 1356 786 1436 Rege
797 1387 838 1400 -

45 1452 134 1514 atiud
158 1452 351 1514 faldistorium
366 1456 454 1518 altius
484 1474 552 1516 eum
573 1476 627 1518 suo
645 1456 792 1528 scabello,
809 1467 838 1516 et

45 1555 161 1615 duobus
191 1555 325 1630 cussinis,
350 1575 385 1616 ac
415 1566 551 1635 cooperta
571 1559 663 1618 simile
691 1557 756 1618 alba
783 1575 839 1636 pro

45 1655 140 1736 Rege,
152 1673 239 1743 saper
255 1656 344 1735 qaod,
357 1657 427 1717 darm
449 1659 594 1721 consessio
614 1659 642 1718 in
663 1659 748 1720 Missa
764 1659 839 1718 dici-

44 1767 108 1831 tur,
117 1755 288 1835 genuflectet
303 1790 341 1802 -
356 1756 490 1827 Qaaataor
514 1760 563 1819 alii
579 1761 686 1824 cassini
706 1760 838 1824 braccati

44 1854 102 1914 albi
118 1873 174 1933 pro
186 1853 266 1934 Rege
283 1855 397 1933 quando
416 1875 516 1919 coram
527 1856 637 1938 Legata
656 1858 838 1938 genuflectet,

45 1965 75 2016 et
96 1954 150 2014 sub
171 1955 293 2015 laetania
322 1958 554 2036 prosternabitur
569 1992 606 2002 -
629 1959 697 2020 Duo
715 1960 838 2022 scabella

46 2056 152 2116 viridia
179 2075 236 2136 pro
270 2056 381 2117 duobus
414 2061 553 2139 praelatis
582 2060 655 2139 Regi
681 2062 840 2123 assistenti·

45 2157 100 2217 bus
113 2189 152 2202 -
164 2156 250 2217 atiud
270 2156 361 2218 simile
382 2176 438 2238 pro
455 2161 575 2221 laetania
589 2179 676 2240 saper
692 2180 750 2240 qua
768 2181 839 2222 can·

46 2268 123 2318 tores
144 2266 254 2336 portant
272 2257 385 2329 libram
416 2293 456 2308 -
482 2260 608 2321 Seamua
626 2279 680 2342 pro
701 2262 839 2341 praelatis

46 2360 156 2438 paratis
168 2360 220 2438 qui
238 2358 375 2420 sedebunt
386 2359 417 2418 in
431 2362 636 2434 anterioribus,
657 2362 724 2423 hiae
735 2374 764 2423 et
775 2363 840 2422 inda

48 2468 138 2539 caput
154 2467 295 2521 vertentes
315 2478 415 2520 versas
431 2463 529 2525 altare
546 2498 582 2509 -
600 2463 756 2525 Thalamus
771 2485 839 2526 cum

46 2559 114 2620 sade
135 2560 225 2638 regali
246 2571 276 2620 et
296 2562 454 2640 postergali
482 2595 523 2608 -
543 2564 753 2626 Ealdistoriunt
778 2568 840 2629 sire

47 2660 153 2722 sediale
167 2678 235 2721 cam
250 2662 326 2742 palio
341 2662 475 2724 braccati
489 2676 518 2725 et
536 2665 652 2729 duobus
677 2670 784 2729 casinis
804 2671 841 2730 ad

49 2758 299 2839 genuflectendum
313 2782 367 2842 pro
379 2763 458 2844 Rege
471 2797 510 2814 -ε
523 2767 635 2830 lllissale
659 2788 715 2850 pro
730 2769 841 2849 hagero

50 2893 90 2905 -
109 2862 223 2923 lllissale
244 2883 299 2944 pro
320 2866 400 2945 Rege
424 2899 459 2913 ·-
483 2867 613 2931 Scamna
637 2874 697 2931 siva
718 2873 840 2941 scabella

50 2980 106 3040 pro
128 2964 274 3043 regalibus
296 2998 335 3011 ·-
356 2968 575 3053 baldachinum
597 2991 651 3050 pro
674 2972 764 3052 Rege,
786 2975 842 3034 sub

49 3081 121 3141 quo,
143 3078 309 3148 coronatas,
326 3066 407 3128 linita
430 3071 527 3143 Missa,
542 3072 681 3149 equitabit
700 3094 750 3153 per
767 3077 843 3135 ciri·

49 3175 138 3226 tatem
157 3209 166 3238 ‚
188 3168 265 3246 quod
287 3179 421 3248 paratum
444 3172 584 3234 habeatur
611 3193 700 3255 prope
728 3188 841 3255 portam

52 3265 238 3347 principalem
266 3271 420 3345 ccclesiae,
442 3292 493 3353 per
509 3292 596 3351 quam
612 3275 674 3336 ller
692 3289 760 3337 tunc
779 3280 842 3340 exi·

50 3366 152 3426 bit-
178 3367 274 3430 Locus
301 3391 356 3451 pro
387 3375 556 3435 cantoribus
577 3408 614 3419 -
638 3376 762 3438 scamna
788 3399 843 3458 pro

49 3467 212 3531 baronibus
223 3472 474 3535 ete-Sacrana
484 3476 841 3558 adaestiendamltegem.

13 3644 15 3653 ‚
92 3570 220 3639 Praelati
252 3584 393 3652 parentur
424 3593 512 3656 saper
552 3577 695 3652 rocheto,
715 3580 842 3654 amictu,

52 3674 267 3754 superpellicio,
288 3676 374 3750 stola,
400 3678 530 3757 pluviali,
553 3691 581 3740 et
603 3681 688 3740 mitra
709 3682 844 3762 simplici,

52 3775 110 3849 ael,
133 3775 198 3836 loeo
223 3777 436 3856 superpellicii‚
450 3789 586 3858 poterant
604 3800 706 3862 capere
726 3784 843 3858 albam,

50 3887 80 3937 et
102 3877 267 3956 cingulum
286 3879 359 3937 stola
374 3890 402 3938 et
418 3881 544 3958 pluviale
559 3887 697 3962 poterunt
710 3903 771 3946 esse
785 3885 843 3945 albi

56 3979 103 4039 ael
137 3979 221 4041 rubei
252 3979 375 4055 coloris,
408 3983 479 4059 quia
499 3982 585 4044 albus
606 3987 687 4048 color
710 3990 843 4048 convenit

53 4082 249 4155 coronationi,
272 4093 300 4142 et
319 4083 427 4145 rubeas
442 4083 566 4157 hlissae,
588 4085 711 4163 quaeda
731 4086 844 4167 Spiritu

54 4182 162 4244 Sancto
176 4184 300 4263 dicmur,
314 4195 342 4245 et
358 4185 480 4263 quilibet
497 4186 601 4248 habeat
614 4187 794 4262 Pontificale,
815 4200 845 4249 ct

54 4302 144 4344 uuam
164 4284 373 4366 Cappellanum
393 4289 597 4367 superpellicia
620 4289 753 4351 indutum
776 4309 844 4351 cum

53 4387 191 4465 mappula
214 4387 290 4455 eollo
308 4386 469 4467 pendente,
490 4391 544 4468 qui
562 4390 617 4450 sibi
633 4390 667 4453 de
684 4391 843 4453 Paratibcali

54 4486 164 4548 serviat
184 4500 212 4549 et
233 4488 268 4550 de
284 4489 381 4550 mitra.

100 4588 131 4647 ln
151 4607 217 4650 sero
238 4591 424 4669 praecedente
440 4593 517 4654 diem
531 4594 738 4667 coronationis,
759 4595 845 4655 clau·

57 4688 145 4751 datur
167 4691 286 4752 ccclesia
308 4702 336 4751 et
357 4694 490 4756 custodes
507 4695 696 4757 adhibeantur
711 4695 844 4758 omnibus

58 4793 173 4871 portis,
192 4805 230 4860 et¹
241 4793 307 4853 loco
326 4802 499 4869 cantorum,
518 4810 677 4877 suggesto,
692 4797 843 4878 presbyte-

59 4895 125 4968 rio,
147 4893 297 4968 thalamo,
328 4905 357 4955 et
391 4898 541 4959 sacristiae
574 4917 664 4978 usque
690 4897 728 4958 ad
758 4899 845 4979 Regis

62 4997 226 5058 introitum.
260 4998 494 5062 intromittantur
527 5003 583 5079 qai
611 5001 725 5062 sedeant
757 5018 845 5080 saper

59 5097 200 5174 gradibus
235 5100 265 5160 in
298 5100 442 5181 capitibus
475 5104 609 5182 corporis
642 5103 846 5165 transversalis

60 5199 201 5262 eeclesiae
223 5202 354 5280 paratis,
369 5203 419 5266 ubi
436 5204 492 5266 sint
513 5205 564 5283 qui
586 5189 699 5283 singula
721 5205 784 5265 loca
800 5203 848 5262 di·

61 5304 218 5366 atribuant.

460 194 462 197 ’
528 210 812 287 connumeras
834 211 1057 274 termnum
1080 211 1205 273 saxrr.
1630 208 1694 269 aaa

954 347 1009 408 Dia
1036 356 1144 407 statuto
1157 376 1172 418 ,1
1187 346 1266 408 circa
1286 345 1391 407 horam
1413 361 1476 418 xta,
1508 342 1635 424 legatam
1667 353 1697 405 et

913 449 1034 529 praelati
1056 466 1154 509 omnes
1180 448 1347 527 perveniant
1367 444 1404 506 ad
1432 447 1582 508 ecclesiam
1609 456 1638 505 et
1667 445 1697 504 in

913 551 982 612 locis
1002 549 1061 609 suis
1082 560 1249 628 paramenta
1277 548 1317 608 eis
1343 547 1540 618 oonaenientia
1562 547 1697 625 saperius

912 670 1043 732 expressa
1061 650 1214 728 recipiant.

955 753 1016 815 Rex
1038 750 1148 823 deinde,
1170 751 1322 837 camiseam
1342 748 1448 808 habens
1470 766 1487 806 a
1509 759 1589 808 retro
1609 765 1699 828 aper·

914 865 972 914 tam
995 871 1086 931 usque
1107 851 1144 911 ad
1165 851 1320 929 cingulum
1342 851 1429 911 certis
1454 850 1588 910 cordellis
1614 848 1701 909 colli·

915 965 1023 1034 getam,
1038 964 1068 1014 et
1082 951 1240 1032 diploidam
1249 995 1259 1024 ,
1274 962 1302 1011 et
1318 951 1510 1022 vesdtellum,
1530 960 1559 1011 et
1578 949 1699 1028 desuper

916 1066 1023 1117 vestem
1045 1055 1080 1115 dc
1099 1054 1324 1113 broccato‘aari
1346 1053 1436 1113 riecio
1459 1049 1618 1113 cremosino
1633 1067 1701 1109 am-

914 1157 1002 1235 plam,
1024 1154 1061 1215 ad
1079 1156 1204 1216 sormam
1226 1154 1374 1231 gallicam,
1392 1163 1421 1213 et
1436 1152 1541 1231 caligis
1555 1150 1590 1211 de
1605 1168 1700 1231 panno

914 1263 1058 1338 nigraes
1070 1258 1176 1317 Castro
1192 1252 1392 1315 Noaoaeniat
1407 1253 1443 1312 ad
1459 1254 1609 1314 ecclesiam
1630 1269 1698 1312 cum

913 1363 971 1420 sais
992 1358 1168 1429 curialibus,
1190 1355 1355 1417 Baroaibus
1376 1366 1431 1417 etc.
1454 1372 1542 1433 quem
1558 1364 1622 1433 past
1637 1352 1699 1414 Re-

913 1462 992 1540 gales
1012 1470 1041 1520 ct
1063 1456 1203 1519 Oratores
1224 1468 1250 1517 et
1275 1456 1349 1536 pagii
1370 1468 1398 1517 ct
1426 1455 1542 1515 laaoriti
1569 1472 1697 1532 sequan-

913 1572 975 1633 tur,
990 1559 1150 1639 Episcopus
1171 1555 1336 1636 l'ropiensis
1351 1567 1379 1616 et
1393 1556 1485 1616 irater
1505 1554 1648 1615 lohannes
1663 1554 1697 1615 de

913 1662 1073 1723 Mediolano
1089 1658 1196 1719 ordinis
1210 1656 1318 1718 hlautis
1332 1651 1441 1716 Oliveti
1459 1655 1617 1735 cappellani
1633 1673 1699 1715 ma·

910 1759 991 1839 jores
1012 1762 1100 1841 Regis
1119 1772 1148 1821 et
1168 1760 1216 1819 alii
1238 1761 1336 1838 togati.

956 1865 1096 1924 Dominus
1112 1861 1256 1921 lohannes
1268 1859 1510 1920 Prothonotarias
1525 1856 1599 1917 della
1611 1855 1699 1935 Saga,

915 1976 944 2025 et
957 1965 1096 2024 Dominus
1107 1961 1252 2022 husones
1265 1957 1511 2033 Prothonotarius
1526 1956 1560 2018 de
1576 1957 1700 2018 Sermo·

915 2077 980 2126 neta
999 2064 1136 2125 sedebunt
1156 2064 1185 2122 in
1207 2079 1309 2122 eoram
1325 2061 1468 2121 mantellis
1483 2061 1511 2118 in
1528 2056 1585 2120 hue
1604 2057 1700 2118 ultimi

915 2169 1023 2227 scamni
1045 2178 1110 2246 post
1130 2165 1202 2224 alios
1224 2164 1367 2242 praelatos
1386 2163 1415 2222 in
1438 2163 1489 2223 illa
1511 2161 1639 2223 sedentes
1665 2159 1701 2218 ad

915 2270 1061 2329 sinistram
1082 2265 1258 2329 ascendentis
1290 2264 1528 2345 presbyterium,
1550 2275 1579 2323 et
1611 2262 1640 2319 ia
1668 2279 1702 2320 eo

916 2388 1033 2432 mantuo
1048 2352 1216 2441 immediate
1237 2380 1302 2427 ante
1329 2386 1379 2428 eos
1405 2366 1483 2428 sedet
1508 2357 1702 2424 l).'dulianas

916 2475 1023 2533 electas
1047 2470 1222 2530 ldaranensis
1240 2469 1328 2530 etiam
1346 2469 1377 2527 in
1394 2486 1447 2528 sao
1466 2465 1613 2538 mantello,
1633 2463 1701 2542 quia

917 2573 1044 2635 nondam
1065 2582 1108 2632 est
1128 2582 1323 2632 consecratus.
1530 2563 1533 2569 ’

958 2673 1099 2734 Dominus
1113 2670 1310 2732 Bernardinus
1332 2669 1478 2730 Gambara
1496 2665 1704 2726 Subdiaconus

918 2774 1102 2855 Apostolicus
1125 2805 1165 2817 -
1187 2772 1329 2831 Dominus
1345 2769 1515 2849 Apollonius
1536 2767 1570 2827 de
1588 2765 1702 2827 Valen-

918 2877 982 2936 tinis
1005 2908 1041 2918 -
1066 2873 1206 2933 Dominus
1231 2870 1366 2931 Nicolaus
1391 2870 1425 2931 de
1453 2868 1640 2930 Consandulis
1662 2899 1701 2921 -.-

917 2977 1058 3036 Dominam
1079 2974 1225 3034 lohannes
1246 2972 1373 3050 Baptista
1397 2970 1432 3030 de
1453 2967 1573 3028 Glande.

960 3077 1093 3156 hccalgti
1112 3073 1279 3154 Apostolici,
1296 3070 1441 3131 rocchetis
1454 3080 1483 3129 et
1500 3069 1620 3146 desuper
1638 3065 1703 3144 pel·

918 3181 992 3240 liciis
1013 3178 1128 3248 induti,
1150 3174 1290 3237 sedebant
1310 3175 1390 3233 circa
1413 3172 1504 3231 altare
1538 3169 1567 3227 in
1599 3166 1704 3227 altimo

920 3279 1036 3358 grada3
1063 3294 1160 3336 orrrnes
1192 3275 1240 3334 alii
1274 3273 1445 3333 cubicularii
1468 3269 1562 3349 Papae
1583 3278 1612 3328 et
1632 3285 1705 3345 eap-

918 3381 1022 3459 pellani
1050 3378 1154 3458 Legati
1187 3393 1244 3435 non
1277 3376 1468 3444 assistentes,
1500 3382 1530 3431 et
1563 3366 1621 3428 sin'e
1654 3384 1708 3425 su-

919 3481 1117 3560 perpelliciis,
1151 3476 1289 3538 sedebunt
1322 3475 1350 3534 in
1382 3486 1463 3533 terra
1486 3489 1542 3532 uon
1564 3473 1648 3546 longe
1669 3467 1706 3526 ab

920 3583 1022 3642 altare.

963 3683 1101 3745 Scatileri
1127 3680 1230 3762 legati
1252 3681 1369 3741 stabunt
1390 3681 1419 3739 in
1441 3697 1534 3740 cornu
1554 3673 1706 3753 Evangelii

920 3798 1001 3850 retro
1028 3788 1141 3859 altare,
1163 3786 1202 3844 ita
1225 3784 1302 3862 quod
1324 3784 1471 3863 praelatos
1492 3779 1597 3839 abillo
1615 3779 1705 3838 latere

920 3890 1047 3950 sedentes
1070 3905 1126 3947 non
1149 3886 1311 3965 impediant.

963 3991 1095 4052 Curiales
1116 3988 1204 4066 Regis
1224 3983 1362 4046 sedebunt
1393 3982 1460 4041 bine
1482 3976 1596 4040 atinde
1617 3992 1708 4054 supra

920 4091 1062 4171 gradibus
1095 4105 1147 4148 xa.
1182 4087 1213 4145 in
1244 4084 1337 4145 choro
1364 4083 1456 4142 dictae
1486 4078 1622 4140 ecelesiae
1653 4094 1709 4137 or·

923 4191 1035 4252 dinatis.

961 4293 1090 4352 barones
1122 4298 1209 4350 erunt
1230 4291 1258 4347 lu
1279 4286 1423 4359 scamnis,
1446 4288 1473 4345 in
1495 4285 1583 4365 plano
1603 4296 1709 4358 magno

922 4395 1053 4473 corporis
1091 4390 1293 4451 transcat-salis
1325 4388 1462 4450 ecclesiae
1491 4388 1575 4467 juxta
1610 4386 1707 4445 locum

922 4504 1076 4555 cantorum
1096 4492 1246 4562 ordinatis,
1269 4488 1411 4551 Oratores
1433 4499 1528 4551 nartem
1547 4490 1576 4547 in
1598 4485 1710 4547 bancho

922 4615 990 4656 cum
1011 4593 1168 4674 postergali
1190 4601 1271 4652 retro
1292 4608 1407 4652 scamna
1440 4610 1494 4672 pro
1522 4588 1708 4672 praelatisin

922 4696 1103 4776 presbyterio
1124 4694 1160 4752 ad
1183 4694 1313 4756 dextram
1335 4694 1513 4755 ascendentia
1535 4693 1628 4773 posito

965 4799 1057 4869 Dum,
1079 4814 1147 4856 caan
1169 4795 1357 4857 serenissima
1373 4795 1452 4874 llegc
1468 4795 1497 4855 in
1513 4793 1641 4853 thalamo
1655 4809 1711 4851 suo

923 4911 1021 4972 erunt,
1043 4899 1137 4979 ipsum
1155 4898 1262 4977 ubique
1282 4896 1483 4970 associabant,
1506 4906 1566 4956 tam
1591 4897 1618 4955 in
1640 4914 1711 4975 pre·

924 5003 1074 5082 sbyterio,
1096 5018 1184 5077 qaam
1206 5000 1272 5059 alibi

965 5105 1028 5164 Dan
1044 5102 1212 5164 Fridericus
1227 5103 1262 5162 de
1281 5101 1428 5180 dragonis
1445 5131 1483 5144 -
1501 5099 1624 5162 Gentilis
1640 5097 1711 5159 Vir·

928 5205 1022 5283 ginias
1040 5203 1165 5264 Ursinus
1181 5234 1220 5246 -
1236 5202 1300 5263 Don
1316 5200 1451 5263 lofredus
1469 5202 1577 5282 Borgia
1593 5235 1632 5247 -
1648 5199 1713 5260 Dan

926 5304 1094 5385 alphonsus
1122 5305 1233 5366 electas
1260 5303 1417 5367 'l'beatinas
1440 5335 1478 5349 -
1500 5303 1566 5367 Dou
1587 5302 1713 5366 Aloisius
