3758 6030
43 303 156 386 (isos)

31 438 69 500 Ν.
88 459 122 500 ac
145 439 218 501 Rev.
239 439 655 503 DominorumCardinalium
677 459 757 502 more
776 459 827 500 so-

31 540 82 604 lito
102 541 225 620 recepti,
243 551 273 602 et
292 559 383 618 risque
403 541 439 600 ad
458 541 575 602 domum
587 541 704 621 hospitii
721 559 826 603 eorum

30 639 249 722 angularem(l)
258 640 390 703 videlicet
398 642 563 722 oppositum
575 640 684 702 Curiae
693 627 827 704 Sabellae

31 743 161 822 regionis
171 741 312 820 Regulus,
322 743 452 802 associati
467 742 594 803 suerunt.
609 743 727 804 Primus
742 743 826 821 equi·

31 845 104 903 terit
127 844 199 902 inter
221 844 294 911 duos
316 845 458 923 praelatos
482 844 585 904 Palatii
607 844 732 918 medius3
759 844 826 924 pari

31 942 120 1003 niodo
160 953 190 1004 rt
225 944 389 1019 secundus3
424 946 526 1004 tertius
559 946 635 1007 inter
663 947 824 1025 praelatum

32 1043 137 1104 Palatii
150 1042 313 1117 a·'dextris,
332 1057 360 1107 et
377 1047 412 1105 D.
432 1048 598 1127 episcopum
618 1049 825 1109 Dertonensem

32 1142 191 1208 Oratorem
212 1146 304 1205 Ducis
320 1146 479 1208 *Mediolani
500 1165 516 1205 a
539 1147 662 1208 sinistris
673 1171 683 1223 3
701 1159 825 1226 quartus

31 1247 168 1307 similiter
197 1248 270 1307 inter
292 1249 455 1327 praelatum
477 1249 581 1308 Palatii
603 1267 619 1307 a
639 1249 768 1322 dextris,
794 1261 824 1311 et

29 1346 181 1407 dominum
204 1346 383 1425 Stephanum
405 1348 538 1408 Taberna
560 1350 647 1409 etiem
664 1346 822 1409 Oratorem

30 1445 161 1524 ejusdem
183 1447 272 1508 Ducis
300 1468 317 1506 a
343 1449 474 1510 sinistris.
496 1450 630 1510 Aliorum
658 1448 823 1510 Oratorum

31 1550 130 1621 pullus
151 1549 178 1609 ci
199 1549 314 1609 obviam
336 1552 421 1610 verrit.
441 1550 613 1612 Habuerunt
633 1554 739 1612 salmas
771 1551 823 1611 ‹le-

31 1667 116 1722 cana,
136 1661 166 1710 et
186 1667 276 1728 equos
299 1671 334 1711 ac
353 1653 447 1712 inuios
474 1653 593 1713 circiter
616 1652 823 1732 quadraginta,

30 1751 155 1828 demptis
190 1753 400 1831 mercatoribus
436 1753 647 1826 rannemirus,
684 1753 734 1831 qui
775 1771 824 1815 eos

31 1851 259 1912 associaserunt.

72 1951 159 2014 Faria
181 1968 296 2032 quarta,
318 1955 417 2032 quinta
439 1955 599 2016 decembris
618 1952 677 2037 (l),
699 1952 755 2014 88.
787 1954 821 2013 D.

32 2052 67 2113 Ν.
89 2065 212 2133 paratus
235 2073 301 2115 eum
322 2056 442 2134 pluviali
462 2056 555 2118 rubeo
578 2075 645 2117 cirin
673 2055 760 2136 perlis
790 2074 824 2118 ac

32 2155 120 2214 mitra
155 2155 292 2240 preciosis
317 2156 394 2217 venit
420 2157 457 2216 ed
478 2157 593 2217 tertiam
621 2158 718 2217 arsiam
753 2177 825 2219 cou-

31 2265 146 2316 suetam
160 2274 216 2335 pro
236 2256 353 2335 publico
368 2258 700 2338 consistorioparatam,
718 2261 747 2318 in
766 2277 825 2337 quo

31 2357 158 2417 illustris
187 2356 309 2417 Hermes
339 2359 431 2419 Maria
463 2358 572 2419 Siortia
603 2379 669 2420 erun
697 2370 825 2438 quatuor

31 2463 96 2523 aliis
112 2459 289 2521 Oratoribus
303 2461 442 2521 lobannis
461 2461 582 2524 Galeatii
601 2463 692 2523 iliacis
713 2461 824 2524 Medio·

36 2564 119 2634 iani,
141 2570 170 2623 et
193 2561 336 2623 Ludosioi
358 2563 446 2624 Ducis
466 2565 557 2635 Darii,
578 2565 770 2644 praesentatis·
791 2583 825 2624 ex

32 2682 116 2725 more
137 2663 247 2723 duabus
265 2663 386 2725 dirersis
405 2666 576 2728 eorumdem
595 2667 712 2727 Ducum
732 2666 825 2727 literis

33 2765 268 2836 credentialibus‚
288 2767 432 2845 praestitit
449 2757 639 2829 *obedentiam
661 2769 776 2828 solitam
797 2779 825 2829 et

35 2861 201 2928 consuetam
229 2865 283 2926 88.
317 2867 353 2926 Ι).
376 2868 409 2928 Ν.
436 2870 576 2930 Associati
606 2869 732 2951 luerunt
757 2869 825 2929 dicti

35 2963 179 3027 Oratores
203 2985 238 3028 ex
266 2984 359 3046 parra
377 2970 509 3048 cappella
537 2988 588 3048 per
617 2989 664 3030 sex
686 2970 824 3030 Dominus

33 3069 220 3143 Assisteiites,
243 3068 376 3130 videlicet
401 3070 660 3151 Arcbiepiscopum
686 3070 825 3133 Cusenti·

34 3188 105 3229 num
126 3180 156 3230 et
176 3168 366 3242 Castreraem
379 3169 604 3244 Tricaviensem,
626 3171 824 3246 Dolenensem‚

34 3270 293 3341 vulterensem,
312 3280 342 3331 et
363 3271 587 3332 Alexandrinum
612 3275 759 3352 episcopos
788 3272 823 3331 ad

33 3373 223 3450 praesentium
243 3369 297 3431 88.
314 3371 349 3430 Ι).
367 3370 475 3431 Nostri.
501 3369 670 3432 Orationem
697 3372 764 3432 iecit
787 3372 824 3433 D.

32 3471 120 3532 lason
144 3470 301 3551 Mainus,
330 3472 448 3549 quintus
495 3470 668 3533 Oratorum.
708 3472 826 3534 intereo

34 3583 117 3634 retro
152 3572 296 3633 bancbum
342 3572 588 3653 Presbyterorum
625 3574 823 3635 cardinalium

35 3683 180 3736 steterunt
201 3672 362 3753 Episcopus
380 3673 566 3734 Dertouensis
591 3684 620 3734 et
634 3674 670 3733 D.
696 3674 824 3754 Stepha-

33 3791 88 3833 nus
111 3773 243 3841 Taberna
262 3775 374 3852 antiqui
390 3771 531 3835 Oratores
552 3768 641 3836 Ducis
662 3775 827 3850 Mediolani,

33 3875 83 3950 qni
110 3884 205 3934 tamen
227 3892 282 3934 non
307 3873 429 3935 suerunt
451 3894 502 3955 per
522 3877 665 3954 praelatos
679 3874 717 3935 ad
737 3894 825 3956 proe-

32 3976 152 4038 sentiam
169 3974 227 4034 88.
239 3975 354 4036 Domini
369 3974 403 4035 Ν.
415 3977 560 4048 associati,
575 3988 628 4036 out
639 3977 680 4035 ad
690 3979 825 4038 osculum

34 4075 164 4154 recepti,
185 4093 279 4153 neque
300 4075 370 4136 iiiuc
402 4088 565 4153 venerunt,
586 4078 633 4139 sed
656 4088 825 4138 manserunt

32 4177 110 4255 apud
132 4175 277 4236 baucbum
295 4175 417 4248 dictum,
428 4177 521 4243 dictos
541 4178 668 4256 quinque
684 4176 825 4240 Oratores

33 4295 123 4339 novos
144 4276 251 4337 ibidem
277 4288 465 4356 expectentes.
495 4279 627 4338 Fuerunt
660 4278 825 4357 propositae

33 4379 108 4438 duae
126 4375 365 4450 commissiones,
386 4396 512 4455 quiscum
536 4381 659 4459 primam
683 4379 824 4440 Dominus

34 4480 179 4540 Fabianus
194 4478 230 4539 de
243 4479 351 4551 Monte,
365 4480 520 4540 secundam
543 4482 577 4541 D.
597 4482 705 4541 Paulus
718 4480 824 4541 Planco

33 4582 167 4641 advocati
179 4564 392 4640 consistoriaies
404 4591 629 4660 proposuerunt.
644 4582 740 4641 Finito
752 4596 825 4641 cou-

34 4682 171 4753 sistorio,
195 4689 225 4740 et
256 4680 448 4749 familiaribus
469 4681 615 4742 dictorum
648 4679 828 4755 Oratorum‚

33 4783 394 4855 numerosissimarum,
414 4784 450 4842 ad
468 4785 605 4843 osculum
625 4784 702 4864 pedis
731 4783 826 4863 Papae

34 4884 172 4962 receptis,
202 4883 278 4962 Papa
305 4902 444 4944 reversus
470 4895 514 4945 est
541 4884 762 4956 ademeram,
790 4886 824 4943 D.

35 4986 174 5048 Mermete
209 4984 305 5064 primo
338 4981 466 5045 Oratore
497 4984 624 5045 fimbrias
651 4985 827 5064 posteriores

33 5087 173 5166 pluvialis
194 5085 286 5164 Papae
305 5084 449 5146 deserente
465 5080 521 5167 (i).

39 5232 148 5244 ..n-...-

66 5323 134 5385 (iiia
147 5320 347 5381 iextqurardi,
358 5321 422 5384 serio
433 5320 525 5383 prosto
537 5315 575 5366 vel
585 5315 673 5377 quinio
682 5313 830 5363 decembris.

66 5407 102 5465 (i)
125 5404 162 5456 Da
180 5402 357 5465 legationibus
377 5401 410 5450 ed
435 5397 613 5447 alexandrum
636 5397 743 5445 Sextum
766 5400 826 5456 post

524 301 811 366 renutrimus
832 303 1057 366 acutianum
1079 304 1203 367 SEX'M.
1621 310 1683 370 Dii

938 440 1024 502 Faria
1046 443 1159 520 quinta,
1179 461 1222 505 vr.
1245 443 1416 517 decembris,
1439 445 1512 506 bora
1532 463 1613 508 xxti.
1634 449 1685 508 vel

896 541 997 612 circa,
1017 559 1069 620 per
1089 551 1202 622 portam
1238 543 1373 604 viridarii
1406 545 1591 606 intraverunt
1620 546 1684 609 Ur·

895 640 961 702 bem
979 652 1109 719 quatuor
1125 643 1192 702 nori
1202 639 1354 716 Oratores,
1369 641 1413 725 (et
1431 662 1499 705 cum
1513 647 1553 706 eis
1565 647 1685 725 quintus

896 743 947 820 qui
968 743 1107 804 continuo
1139 746 1220 823 prius
1245 745 1273 803 in
1297 743 1426 805 Romanu
1448 744 1538 808 Curia
1565 747 1686 829 iuerat),

895 841 1019 903 Dominii
1039 843 1234 918 Venetorum,
1257 844 1388 906 videlicet
1410 845 1529 907 Domini
1553 847 1684 909 Marinus

894 941 1020 1014 Leonas,
1036 942 1265 1023 Christopborus
1280 945 1418 1020 Driodus,
1433 945 1543 1006 Paulus
1556 946 1682 1022 Barbus,

892 1054 921 1105 et
938 1043 1122 1104 Sebastianus
1137 1044 1304 1107 Buduarius
1324 1046 1401 1120 nori,
1416 1056 1446 1108 et
1467 1066 1534 1107 cum
1555 1049 1594 1109 eis
1614 1048 1680 1108 Do·

893 1148 987 1207 minas
1004 1145 1133 1206 Andreas
1154 1145 1291 1226 Cappeiio
1312 1149 1447 1226 antiquus
1459 1145 1581 1221 Orator,
1601 1151 1652 1228 qui
1667 1168 1685 1209 a

892 1246 1008 1307 iomiiiis
1027 1245 1082 1305 88.
1103 1245 1138 1306 D.
1158 1244 1198 1304 Ν.
1219 1245 1338 1325 Papae,
1367 1256 1397 1307 et
1419 1246 1617 1309 Cardinabum
1650 1268 1685 1310 ac

893 1345 1070 1409 Oratoribus
1099 1345 1215 1425 Regum
1246 1357 1275 1407 et
1306 1346 1513 1409 Potoulatuum
1544 1348 1574 1407 in
1604 1347 1685 1411 Urbe

891 1448 1088 1519 existentibus,
1105 1450 1215 1527 recepti
1230 1447 1363 1521 fueram,
1373 1458 1401 1510 et
1413 1467 1505 1526 usque
1517 1447 1553 1509 ad
1567 1447 1684 1509 domum

893 1548 928 1607 D.
945 1547 1025 1608 Petri
1038 1547 1071 1608 de
1085 1546 1177 1607 Roma
1190 1549 1267 1608 eirca
1290 1548 1444 1609 Porearios
1465 1559 1494 1609 et
1511 1549 1684 1620 Minervam,

892 1651 922 1711 in
944 1666 1003 1727 qua
1026 1647 1189 1728 bospitandi
1207 1658 1305 1722 erant,
1328 1667 1410 1709 more
1434 1650 1518 1710 solito
1541 1648 1684 1710 associati.

892 1751 1014 1812 Primus
1032 1730 1088 1809 luit
1109 1750 1184 1810 inter
1210 1748 1416 1828 Rugusinum‚
1441 1761 1469 1810 et
1495 1749 1684 1811 Cusentinum

892 1851 1132 1931 drobiepiseopos
1157 1853 1301 1930 praelatos
1320 1851 1437 1924 Palatii,
1453 1850 1595 1913 secundus
1611 1852 1686 1912 iuter

893 1955 1053 2033 praelatum
1070 1950 1174 2011 Palatii
1191 1971 1208 2011 a
1229 1951 1338 2012 dextris
1359 1963 1388 2013 et
1407 1950 1566 2013 Oratorem
1587 1951 1685 2011 Pran-

893 2054 980 2115 ciaea
992 2052 1126 2123 sinistris,
1140 2052 1228 2137 simili
1248 2051 1333 2112 modo
1346 2050 1506 2133 restitisis)
1519 2064 1642 2131 quartus
1656 2064 1687 2113 et

894 2155 1026 2233 quietius:
1055 2162 1195 2213 verterunt
1214 2171 1283 2212 cum
1300 2153 1447 2232 equitibus
1469 2170 1516 2216 cc.
1540 2154 1586 2213 rei
1605 2153 1685 2214 circa

893 2267 921 2316 et
942 2256 1041 2315 salmis
1063 2253 1115 2316 80.
1136 2273 1204 2315 cum
1228 2254 1337 2333 pluria.
1460 2307 1463 2313 .

935 2357 989 2416 His
1010 2354 1110 2417 diebus
1131 2355 1204 2416 Rev.
1227 2355 1262 2416 D.
1284 2353 1447 2415 Cordinaiis
1474 2352 1681 2433 Neapolitanus

893 2474 1022 2518 asserens
1046 2457 1194 2518 illustrem
1218 2456 1254 2516 D.
1278 2452 1684 2517 FridericumSe1·en.Fer·

893 2556 1010 2617 dinandi
1030 2556 1147 2616 Siciliae
1168 2555 1256 2635 Regis
1281 2555 1538 2636 secundogenitum
1560 2555 1685 2616 Romam

895 2669 1053 2719 venturum
1076 2676 1130 2736 pro
1150 2656 1311 2718 obedientie
1337 2656 1392 2718 88.
1414 2658 1542 2718 Domino
1563 2656 1600 2718 Ν.
1631 2677 1687 2737 pro

893 2758 973 2839 Rege
985 2758 1116 2839 genitore
1134 2777 1188 2818 suo
1207 2759 1389 2837 praestanda,
1410 2760 1564 2838 ipsumque
1575 2758 1689 2820 deside·

895 2878 972 2946 rare,
992 2872 1146 2937 antequam
1166 2858 1202 2918 ad
1221 2859 1343 2920 domum
1357 2877 1427 2920 sune
1442 2859 1598 2921 rnansionis
1616 2879 1688 2938 per·

894 2962 1003 3034 veniat,
1012 2978 1160 3021 summum
1172 2959 1342 3021 Pontidcem
1356 2963 1500 3035 venerari,
1513 2980 1559 3022 me
1571 2962 1689 3041 rogarit

893 3067 916 3124 si
938 3080 1027 3143 super
1048 3062 1105 3123 boo
1126 3060 1258 3123 Pontifex
1279 3079 1325 3123 me
1345 3063 1522 3134 consuleret,
1543 3073 1688 3139 quatenus

893 3168 921 3226 in
936 3165 992 3226 boc
1010 3155 1141 3223 savorem
1156 3161 1197 3221 rei
1211 3162 1298 3221 veiim
1321 3160 1474 3240 impartiri.
1491 3160 1571 3222 Misit
1586 3160 1687 3222 deiude

893 3284 948 3345 pro
970 3282 1018 3324 me
1038 3262 1182 3335 Pontifex,
1202 3272 1231 3323 et
1253 3262 1282 3320 in
1303 3260 1408 3323 Montis
1429 3261 1547 3341 Regalis
1574 3264 1686 3342 nepotis

893 3365 938 3426 sui
950 3383 984 3425 ac
1001 3364 1116 3425 Ascanii
1131 3363 1370 3425 vicecancellarii
1385 3363 1586 3425 cardinalium
1597 3383 1686 3445 prue-

893 3466 983 3528 sentia
998 3484 1045 3526 me
1066 3465 1194 3542 rogarit,
1211 3464 1283 3542 quid
1304 3465 1375 3524 mibi
1392 3464 1552 3539 rideretur,
1570 3474 1643 3543 quot
1657 3472 1687 3524 et

894 3568 929 3628 de
961 3585 1021 3646 quo
1048 3566 1148 3627 ordine
1175 3565 1344 3627 Cardinaies
1364 3578 1457 3628 essent
1477 3566 1513 3625 D.
1533 3564 1687 3627 Friderico

892 3668 1042 3748 praedicto
1061 3665 1176 3728 obviam
1196 3660 1342 3740 mittendi,
1358 3679 1387 3728 et
1401 3686 1438 3728 on
1456 3679 1530 3729 esset
1546 3668 1573 3727 in
1591 3668 1686 3759 primo

894 3770 1018 3829 introitu
1034 3769 1071 3829 ad
1092 3768 1284 3829 Sanctitatem
1300 3769 1392 3855 Suam
1413 3769 1619 3841 admittendus,
1638 3770 1684 3829 vel

893 3889 975 3932 more
996 3872 1081 3932 solito
1103 3871 1131 3931 in
1154 3870 1199 3931 die
1217 3871 1404 3951 praestandae
1422 3868 1605 3931 obedientiae.
1624 3868 1686 3930 Re-

893 3972 994 4051 spondi
1015 3972 1116 4033 Snnct.
1133 3971 1164 4031 S.
1186 3972 1222 4030 ad
1245 3971 1384 4050 primum,
1400 3968 1480 4048 quod
1496 3969 1556 4029 duo
1577 3968 1687 4033 Cardi-v

864 4125 866 4129 ,
894 4073 983 4145 noles,
999 4089 1075 4131 uuus
1092 4070 1127 4132 de
1147 4070 1404 4150 Presbyterorum,
1430 4070 1504 4130 alius
1523 4069 1558 4130 de
1577 4068 1686 4129 Diaco·
1751 4080 1752 4085 ’

893 4191 1000 4234 ιιοι·ιιιιι
1021 4173 1174 4234 ordinibus
1196 4172 1367 4233 riderentur
1389 4171 1534 4243 naittendi,
1555 4189 1683 4249 quorum

894 4294 968 4336 unus
1003 4295 1063 4335 esse
1094 4287 1192 4355 possei-
1221 4274 1328 4335 Montis
1360 4272 1481 4352 Regalis
1514 4272 1686 4352 Presbyter,

893 4391 922 4438 et
941 4378 1094 4438 Sanctitoti
1112 4377 1190 4438 Suae
1212 4377 1353 4456 sanguine
1372 4372 1510 4453 junctus3
1525 4374 1561 4434 ad
1576 4392 1683 4437 secun-

894 4480 986 4553 dum,
1006 4478 1095 4558 estod,
1118 4481 1184 4540 lieet
1207 4497 1309 4540 omnes
1336 4474 1391 4557 pro
1410 4475 1588 4558 praestanda
1612 4477 1686 4538 obe-

893 4581 999 4641 dientia
1018 4582 1106 4654 missi,
1119 4599 1176 4640 tion
1191 4582 1317 4641 solerent
1335 4581 1507 4658 priusquam
1524 4580 1552 4637 in
1567 4576 1685 4656 publico

895 4684 1088 4755 consistorio,
1110 4683 1287 4744 obedientiae
1307 4680 1494 4762 praestandae
1511 4698 1528 4737 a
1547 4675 1686 4738 Pontiflca

895 4787 1006 4866 recipi,
1033 4785 1061 4844 id
1092 4796 1279 4844 tamencum
1309 4783 1363 4842 isto
1391 4781 1475 4859 regio
1507 4778 1568 4839 illio
1601 4796 1685 4858 posse

895 4888 1003 4959 omitti,
1015 4888 1167 4966 ipsumque
1182 4904 1199 4944 a
1215 4885 1260 4945 dic
1276 4885 1321 4943 sui
1340 4883 1477 4943 introitus
1492 4900 1509 4940 a
1525 4879 1685 4940 Sanctitate

896 4987 957 5048 Sua
975 4988 1011 5047 ud
1027 4988 1104 5068 pedis
1114 4988 1248 5047 osculum
1267 4985 1469 5047 convenienter
1484 5002 1565 5062 posse
1583 4979 1686 5060 recipi,

869 5243 870 5246 ’
898 5236 955 5292 ejus
976 5234 1186 5294 assumptionem
1212 5244 1225 5278 a
1250 5227 1413 5289 Principibus
1436 5232 1462 5277 ol
1487 5224 1686 5286 aebuspuniicis

899 5310 988 5361 italiae
1005 5313 1103 5368 missis,
1121 5311 1180 5359 vide
1197 5311 1365 5357 monumenta
1384 5309 1410 5356 in
1428 5305 1584 5369 appendice.

937 5392 1105 5450 (dilatoria
1123 5387 1231 5437 Eeoardi
1253 5409 1262 5428 ·
1282 5387 1360 5434 simili
1377 5388 1451 5436 modo
1469 5389 1506 5437 35.
1525 5386 1562 5434 is.
1578 5387 1597 5432 l!

1409 5493 1438 5537 28
