3780 6030
36 277 151 368 (aar)

36 421 185 494 eularern,
203 419 294 483 alium
314 416 481 499 regularem
496 416 615 481 Ordinis
628 419 660 480 S.
681 420 829 483 Franciaei

35 522 99 600 capi
126 521 208 594 lecit,
223 529 254 580 et
269 536 327 600 pro
347 537 451 580 eorum
475 514 580 582 delicto
602 520 757 600 suspendi,
777 539 829 601 per

34 638 119 680 suam
147 617 316 682 sententiam
341 617 457 680 adhoc
482 619 829 682 condemnasset).

34 718 88 792 Ν.,
109 726 268 799 propterea
294 736 360 780 cum
384 719 419 780 de
444 737 498 780 sno
516 720 589 781 ,loro
611 739 668 781 non
689 721 831 793 luissent,

33 820 130 900 ipsum
152 820 251 881 officio
273 816 441 895 hujusmodi
459 830 489 880 ct
506 822 583 881 omni
609 821 746 900 dignitate
767 822 831 900 pri·

35 922 128 994 rarit,
151 931 182 981 at
200 937 268 980 snos
291 919 431 992 offitiales,
447 937 575 997 quorum
592 932 719 998 quatuor
738 938 831 1000 nupcr

34 1022 238 1100 poeniteutiam
252 1019 289 1078 ‘in
309 1018 386 1079 dicto
417 1019 482 1079 loeo
509 1030 693 1099 receperunt,
712 1029 831 1099 excepto

35 1139 69 1184 eo
90 1120 219 1199 quibos
239 1136 321 1180 mane
346 1136 444 1179 recum
462 1128 538 1190 erat,
557 1118 656 1197 poenis
681 1118 831 1198 condignis

35 1221 135 1302 puniri
166 1218 246 1280 lecit.
268 1213 354 1280 Circa
381 1218 435 1279 bos
455 1219 528 1278 duos
543 1218 667 1289 stabant,
692 1219 832 1281 sacerdo-

37 1321 149 1381 talibus
170 1318 347 1401 paramentis
368 1318 482 1392 induti,
501 1336 601 1380 omnes
622 1320 832 1399 poenitentiarii

37 1420 177 1482 basilicae
195 1419 371 1500 praedictae,
389 1419 544 1497 uirgulas,
564 1419 626 1480 sire
650 1419 770 1481 baculos
801 1423 831 1482 in

35 1520 169 1582 manibus
186 1531 323 1592 tenentes,
340 1520 404 1580 illos
417 1519 622 1599 percutientes,
636 1531 666 1580 ct
686 1522 832 1600 psalnmm

35 1622 189 1689 iitserere
201 1621 263 1681 mei
280 1623 363 1682 bear
381 1620 535 1680 recitantes
551 1637 643 1698 usque
661 1619 699 1680 ad
719 1619 829 1696 ‹linem3

35 1741 93 1800 quo
103 1724 263 1801 completo,
274 1738 350 1781 unus
359 1737 394 1781 ex
408 1721 475 1800 ipris
484 1719 708 1799 poenitentiariis
719 1739 769 1781 cor
779 1740 832 1800 per

39 1821 128 1883 rerba
141 1820 452 1894 consuetaadmonuit3
470 1830 532 1880 tum
543 1819 598 1882 88.
610 1820 647 1880 ι).
658 1819 693 1879 Ν.
703 1821 833 1899 praelhto

38 1920 195 2000 poenitenti
216 1920 420 1999 poenitentiam
445 1916 579 1999 injunxit,
598 1921 677 1999 quod
697 1921 731 1983 de
752 1922 833 1987 honis

34 2020 93 2081 suis
116 2021 245 2100 propriis
264 2019 387 2082 iundare
405 2019 523 2083 deberet
546 2022 574 2082 in
596 2022 712 2084 ciritate
731 2023 832 2083 Bono·

36 2121 97 2181 aiae
121 2139 209 2181 unam
231 2121 402 2200 cappellam,
417 2119 548 2183 ctillanr
575 2121 604 2181 in
625 2123 716 2183 unum
732 2123 834 2184 -bene-'

38 2218 155 2295 licium,
173 2232 203 2282 et
232 2221 405 2287 sufficienter
429 2239 485 2301 pro
505 2240 563 2284 uno
585 2222 757 2304 presbytero
778 2221 834 2284 tin·

38 2330 127 2393 tare,
156 2322 205 2399 qul
228 2321 348 2399 singuiis
372 2320 471 2382 diebos
496 2321 649 2383 dominicis
671 2333 701 2384 et
725 2320 838 2385 lecticis.

39 2423 68 2481 in
94 2424 155 2501 ipsa
178 2423 309 2500 cappella
324 2420 441 2487 blissam
462 2423 639 2496 celebrarem
655 2441 744 2500 quam
761 2422 834 2483 lits·

38 2540 104 2581 sam
125 2522 219 2581 dietas
240 2521 351 2600 primus
377 2522 448 2582 ciris
471 2541 489 2580 a
513 2521 657 2601 principio,
685 2523 833 2600 usquead

40 2619 132 2682 linem
151 2619 328 2698 genuflexus,
349 2621 497 2682 candelam
518 2622 667 2683 ardentem
689 2624 835 2683 inmani·

41 2719 99 2778 bor
120 2718 255 2793 tenendo,
276 2720 401 2794 audire,
421 2731 451 2782 ct
471 2721 513 2782 illi
535 2724 672 2783 interesse
687 2722 834 2796 deberet,

39 2837 76 2878 ac
98 2819 194 2880 Deum
217 2838 271 2898 pro
298 2819 449 2891 animabus
475 2821 595 2883 illorum
618 2821 745 2892 duorum
763 2841 835 2901 pre·

38 2920 242 3000 sbytcrorum,
268 2938 352 2998 quos,
377 2932 409 2982 ut
433 2922 612 3000 praefertur,
633 2922 765 3002 suspendi
790 2923 835 2984 ie·

38 3030 138 3091 cerat,
172 3037 295 3097 rogare,
321 3031 351 3080 at
376 3037 486 3093 orarc3
513 3038 602 3098 quam
632 3022 834 3100 poenitentiam

44 3119 119 3180 idem
133 3120 308 3198 acceptarit.

82 3219 137 3279 liis
157 3218 258 3282 diebus
277 3221 358 3279 illus.
389 3218 456 3278 Dar
484 3220 680 3284 Pera-ariensis
711 3223 837 3286 visitarit

44 3322 176 3398 singulos
196 3318 260 3377 itit.
278 3318 341 3379 DI).
363 3318 529 3382 Cardinales
548 3322 577 3382 in
599 3322 731 3384 domibus
751 3324 836 3384 hahi-

45 3424 189 3481 tationum
210 3439 352 3493 suarum,
373 3420 472 3484 tleindc
496 3421 561 3482 itit.
585 3424 648 3484 nt).
669 3424 837 3486 Cardinales

46 3522 108 3582 aliis
142 3521 244 3582 diebus
267 3521 419 3582 visitarunt
445 3523 538 3601 ipsum
567 3522 616 3584 b.
633 3522 754 3586 [lucem.
783 3524 836 3586 Die

42 3621 142 3695 loris,
158 3621 208 3682 dl.
221 3633 250 3682 ct
264 3621 366 3689 ultima
381 3623 460 3697 maii,
471 3623 507 3683 D.
516 3624 553 3684 tt.
565 3626 727 3693 cardinalis
744 3627 837 3685 ‚laca-

46 3725 111 3784 nius
131 3725 265 3784 inritavit
286 3722 446 3803 praelatum
464 3726 544 3787 illos.
565 3727 676 3789 Ducem
697 3727 740 3787 ad
753 3728 836 3807 pala·

47 3827 123 3886 dum
138 3824 276 3906 Magliani
291 3824 385 3886 'l'rans
395 3826 523 3887 Tiberim
536 3846 588 3907 per
600 3828 727 3908 quinque
741 3825 837 3888 milia·

42 3927 89 3985 ria
106 3925 145 3984 ab
161 3924 242 3986 Urbe
254 3924 371 3997 tinans,
384 3926 553 3988 ctordioata
572 3928 627 3988 luit
643 3930 754 3989 venatio
769 3946 837 3989 cer·

43 4042 155 4085 rorum
173 4025 203 4083 in
217 4019 326 4104 Campo
341 4025 467 4098 lierulo,
482 4028 837 4090 uhlmarirnamultitudo

43 4126 206 4186 curialium
227 4127 384 4201 eonvenit3
407 4128 605 4190 interfuerunt·
633 4131 718 4191 etiam
740 4130 838 4209 plures

36 4246 76 4287 ex
98 4227 166 4287 ult.
188 4226 251 4286 tlt).
270 4227 482 4304 cardinalibus,
501 4229 633 4292 videlicet
655 4230 837 4304 Parmensis,

41 4328 80 4390 de
103 4328 252 4400 Sabellis,
273 4331 415 4391 Columna
437 4343 466 4392 et
485 4332 623 4392 Ascanius
634 4354 645 4406 ;
664 4332 720 4391 luit
743 4342 838 4392 tumen

44 4432 155 4490 uuicos
167 4471 176 4501 ,
198 4439 228 4489 et
259 4431 339 4490 solus
360 4424 465 4492 cerrus
487 4443 611 4511 captus,
631 4443 756 4493 et‘unus
786 4451 838 4492 ea·

43 4530 174 4610 prinlus.
422 4511 424 4516 .
665 4536 666 4540 ’

85 4631 175 4692 Faria
192 4630 327 4703 secunde,
338 4630 367 4690 ι.
381 4627 468 4708 junii,
478 4643 506 4693 et
516 4633 589 4694 teria
605 4634 701 4707 tertia,
714 4634 743 4694 t.
753 4632 838 4712 junii,

43 4749 103 4791 non
125 4730 182 4790 luit
199 4730 349 4810 cappella,
368 4731 418 4792 sed
442 4731 540 4792 eadem
562 4733 634 4794 teria
659 4733 755 4806 tertia,
775 4744 839 4796 ante

46 4832 136 4905 diem,
164 4830 244 4892 circa
272 4831 377 4919 horem
403 4848 461 4894 rit.
490 4833 635 4911 praetatus
665 4834 744 4894 lllus.
774 4833 839 4894 Dux

46 4932 169 4994 recessit
181 4931 218 4991 ab
235 4931 331 5004 Urbe,
345 4932 514 4993 Ferrariam
529 4935 677 4994 rediturus
690 4953 743 5013 per
757 4934 840 4994 illar-

52 5033 147 5094 chiam
167 5043 204 5094 et·
216 5033 460 5107 Bomandiolam3
481 5035 576 5114 ipsum
591 5036 783 5108 amoemrunt,
804 5034 839 5097 de

54 5133 186 5196 mandato
205 5133 310 5214 Papae,
330 5132 367 5194 it.
381 5134 425 5194 .P.
447 5134 482 5194 ι).
505 5134 678 5197 Laurentius
692 5135 838 5214 arehiepi-

56 5252 157 5315 scopus
177 5235 411 5310 Beneventanus,
425 5248 454 5298 et
474 5233 705 5316 christophorus
724 5237 838 5316 episco-

58 5352 107 5411 pus
129 5337 329 5414 Cortoncnsis,
348 5349 377 5400 et
396 5339 617 5403 bartholomeus
631 5336 838 5417 archipresby·

532 280 814 348 nnnmmctttts
835 279 1058 348 ttinocntt’tti
1079 279 1230 345 onusti.
1641 277 1683 340 et

897 433 942 483 ter
961 422 1098 501 vignolae
1112 417 1313 481 cubicularius
1330 416 1424 496 Papae
1438 414 1474 476 ad
1487 397 1686 496 praeparanda

898 521 1043 601 hospitia,
1065 531 1094 581 et
1117 517 1329 600 providendum
1350 515 1385 577 de
1410 515 1546 595 expensis.
1583 496 1688 574 Nullus

898 619 1059 682 cardinalis
1081 621 1174 700 ipsum
1196 619 1310 679 Ducem
1330 618 1358 678 in
1379 633 1495 680 recessu
1524 632 1577 675 suo
1604 632 1688 675 asso-

899 721 995 782 cievit.

940 821 1026 882 Peria
1046 818 1244 893 secunda,ii.
1262 815 1348 894 junii,
1371 814 1445 876 hora
1466 832 1561 878 xrrrr.
1582 814 1612 875 in
1633 832 1688 894 pa·

899 923 970 982 latio
1002 920 1168 999 Apostolico
1199 917 1277 998 apud
1308 916 1339 977 8.
1362 915 1483 990 Petrum
1516 914 1545 975 in
1572 933 1688 976 camera

899 1023 999 1083 solitae
1026 1018 1196 1082 residentiae
1227 1018 1263 1077 lt.
1297 1016 1331 1077 P.
1352 1016 1389 1076 ii.
1419 1015 1545 1096 episcopi
1571 1013 1688 1075 Torua·

899 1125 990 1184 censis
1009 1118 1138 1198 ejusdem
1160 1117 1258 1198 palatii
1277 1116 1410 1197 blagistri
1444 1110 1689 1186 Dom'us,·coram

900 1224 1010 1293 eodem,
1024 1235 1053 1282 et
1074 1220 1215 1280 aleriensi
1236 1217 1381 1298 episcopo,
1401 1234 1436 1277 ac
1457 1214 1685 1276 Protboootario

900 1324 935 1385 dc
957 1320 1123 1394 Sinibaldis,
1148 1328 1374 1403 comparuerunt
1402 1317 1437 1377 Α.
1460 1315 1495 1377 dc
1518 1314 1632 1378 Urbino
1657 1323 1686 1401 et

901 1423 934 1485 L.
974 1422 1009 1485 de
1047 1422 1156 1482 Sancto
1188 1419 1355 1482 (lemiciano
1391 1415 1614 1479 Abbrer'iatores
1649 1401 1686 1476 de

899 1524 995 1586 Pareo
1016 1521 1130 1600 blajori,
1152 1520 1266 1581 nomine
1287 1505 1531 1580 Abbrcriatorum
1552 1516 1587 1578 dc
1608 1515 1686 1578 dicto

901 1624 1024 1696 Pareo,
1062 1621 1203 1681 Antonius
1238 1618 1388 1692 Auditor,
1424 1618 1458 1679 B.
1495 1616 1547 1676 dcl
1563 1616 1688 1689 Brona,

900 1737 929 1787 ct
964 1724 997 1787 C.
1033 1723 1068 1785 de
1097 1719 1302 1783 Condulmario
1338 1719 1502 1799 Scriptores
1538 1718 1689 1796 poeniteu-

901 1828 1023 1898 tiariae,
1044 1825 1156 1884 nominc
1177 1823 1354 1901 scriptorum
1375 1819 1632 1900 poenitentiariae,
1652 1816 1688 1878 N.

905 1926 1069 1994 Salmerun,
1090 1923 1234 1983 ιοιιιιιιιιι
1257 1921 1398 1994 Marulli,
1419 1932 1449 1983 et
1468 1918 1612 1987 lohannes
1627 1920 1691 1983 Ur·

900 2026 998 2106 mega,
1019 2035 1228 2105 procuratores
1241 2021 1404 2084 audientiae
1431 2021 1690 2095 contradictarum,

903 2126 1017 2187 stomine
1038 2135 1267 2205 procuratorum
1291 2120 1420 2199 ejusdem
1434 2122 1603 2197 audientiae,
1616 2122 1691 2184 Vio-

901 2228 1012 2289 centius
1032 2229 1067 2287 de
1087 2223 1225 2298 Gioebis,
1242 2235 1272 2284 et
1292 2220 1435 2284 lohannes
1456 2224 1594 2293 Ferrera,
1614 2223 1688 2283 soli·

902 2327 1036 2401 citatores
1055 2326 1209 2387 literarum
1227 2322 1468 2403 apostolicarum,
1486 2323 1600 2383 nomine
1620 2323 1692 2384 soli-

902 2430 1058 2489 citatorum
1089 2420 1257 2486 earumdem
1288 2425 1458 2497 literarum,
1479 2423 1623 2484 iohannes
1653 2421 1693 2484 Ν.

902 2529 1052 2609 Pugnolus
1069 2526 1103 2587 de
1124 2524 1299 2597 casdltone,
1328 2535 1357 2586 et
1388 2521 1497 2584 Paulus
1530 2522 1565 2584 tie
1596 2522 1690 2602 lleglo

903 2628 1007 2690 notarii
1028 2626 1258 2699 lictae,nomioe
1281 2622 1370 2685 Offitii
1391 2623 1573 2685 nolanorum
1588 2622 1692 2696 lictae,

902 2743 931 2793 et
957 2727 1304 2790 lohannesGulllelmini
1338 2737 1515 2807 procurator
1541 2726 1693 2805 poeniten·

903 2832 1025 2903 tiarine,
1043 2829 1158 2890 nomine
1179 2827 1275 2889 Officii
1296 2829 1525 2908 procuratorum
1541 2828 1692 2906 poeniten·

904 2933 1023 3005 tiariae;
1045 2950 1100 3010 pro
1122 2929 1235 2990 clericis
1260 2931 1376 3008 registri
1398 2928 1700 3008 strpplicationummt

905 3031 1007 3095 Officio
1021 3034 1210 3094 collectorum
1222 3030 1332 3109 plumbi
1345 3048 1436 3109 nuper
1450 3031 1691 3100 instituto,neruo;

904 3133 1010 3212 qulbus
1022 3134 1065 3193 sic
1077 3129 1443 3210 praesentinus,tter·teosis
1457 3128 1527 3187 dixit
1542 3124 1619 3207 ipsis,
1638 3125 1694 3186 SS.

912 3235 947 3296 D.
968 3232 1003 3293 Ν.
1023 3230 1197 3293 commisisse
1217 3241 1250 3289 ut
1274 3231 1351 3290 dicta
1371 3247 1474 3290 eorum
1494 3227 1645 3300 audirent,
1665 3238 1695 3289 et

904 3337 1046 3398 referrent
1057 3354 1067 3406 ;
1089 3342 1118 3393 et
1138 3343 1207 3391 tnnc
1228 3329 1262 3389 D.
1284 3329 1437 3401 Antonius,
1450 3327 1573 3389 Auditor·
1594 3328 1695 3406 poeui-

905 3436 1053 3498 tentiariae
1072 3433 1153 3492 dixitz
1175 3428 1397 3491 hbbreriatores
1418 3429 1457 3497 de
1478 3429 1573 3488 Pareo
1589 3424 1695 3504 blajori

904 3535 1095 3617 pretendere,
1122 3550 1152 3591 se
1174 3530 1373 3609 Scriptorihus
1403 3530 1637 3610 poenitentiariae
1666 3530 1696 3592 in

906 3636 1083 3719 processione
1109 3631 1251 3711 praeferri
1283 3629 1408 3703 debere,
1432 3630 1510 3709 qnod
1535 3648 1628 3708 neque
1660 3630 1696 3693 de

902 3738 970 3817 jure
983 3752 1097 3807 eornm,
1109 3750 1176 3793 carm
1194 3733 1222 3791 in
1239 3731 1291 3792 illo
1306 3749 1361 3791 oon
1374 3735 1547 3811 reperiatur,
1558 3749 1650 3810 neque
1662 3749 1697 3792 ex

906 3837 1063 3918 privilegio
1083 3850 1152 3893 cum
1169 3832 1211 3892 dc
1233 3833 1283 3892 illo
1305 3849 1362 3891 nou
1383 3841 1539 3904 constaret,
1555 3848 1647 3909 neque
1660 3847 1695 3891 ex

897 3936 1123 4006 consuetudine,
1133 3951 1202 3994 eum
1218 3950 1326 3992 uorum
1338 3942 1410 3992 esset
1420 3932 1558 4002 officium,
1572 3941 1601 3992 et
1615 3931 1696 4010 ipso-

907 4057 975 4099 rum
987 4037 1172 4115 Scriptorum
1183 4029 1421 4110 antiquissimum,
1430 4031 1559 4092 idiaoerc
1572 4042 1694 4110 possent.

907 4139 951 4200 Er
962 4138 1084 4197 adverso
1095 4133 1129 4193 L.
1141 4132 1176 4194 dc
1188 4132 1219 4192 S.
1229 4129 1516 4192 Geminianonomine
1528 4127 1622 4191 Officii
1631 4129 1696 4190 to·
1807 4150 1809 4154 ¹

907 4241 1107 4303 breviaturum
1122 4234 1202 4306 dixit,
1217 4252 1251 4293 ex
1271 4231 1429 4311 privilegio
1451 4230 1624 4311 praecedere
1645 4230 1697 4291 do·

908 4336 988 4406 bere,
1010 4350 1076 4394 euna
1099 4346 1202 4391 corum
1217 4325 1353 4387 Officium
1372 4336 1445 4386 esset
1463 4325 1615 4387 tunduum
1629 4343 1698 4387 cum

908 4435 1039 4498 omuibus
1053 4444 1082 4494 et
1096 4429 1217 4509 singolis
1235 4426 1404 4506 privilegiis,
1418 4426 1646 4487 immunitatibus
1659 4425 1697 4487 ad

795 4575 800 4583 κ
908 4539 998 4597 instar
1027 4533 1121 4595 Officii
1144 4530 1329 4608 Scriptorum
1357 4528 1507 4588 literarum
1523 4526 1697 4605 apostolica·

909 4652 993 4710 rum,
1008 4635 1059 4713 qui
1083 4631 1248 4710 Scriptores
1277 4628 1312 4688 de
1332 4628 1549 4706 poenitentiario
1576 4644 1700 4707 praecc-

909 4739 1023 4807 derent,
1038 4742 1153 4811 ergoet
1170 4732 1234 4810 ipsi.
1249 4729 1320 4790 ltem
1338 4728 1376 4789 Α.
1396 4728 1431 4789 dc
1452 4727 1565 4790 Urblno
1582 4727 1701 4788 Abbre-

910 4836 1059 4899 rintor'de
1078 4835 1173 4893 Pareo
1198 4828 1306 4907 hiajori
1327 4827 1485 4906 subjunxit,
1508 4828 1604 4888 minus
1623 4828 1699 4907 ipsos

910 4936 1080 5020 praecedere
1100 4933 1204 4995 debere
1217 4933 1276 4991 sine
1296 4931 1354 4990 ulla
1371 4930 1498 5001 ratione}
1513 4946 1593 4999 nam,
1606 4928 1631 4987 sl
1646 4944 1698 4987 ra·

909 5041 984 5101 tione
997 5029 1326 5114 antiquitatis,(lfficium
1346 5028 1531 5108 Scriptorum
1546 5040 1610 5089 erat
1621 5026 1698 5088 anti·

909 5140 1079 5218 quissimum
1098 5146 1127 5197 et
1147 5131 1393 5194 llbbreviatorum
1409 5128 1598 5201 madernomr
1610 5128 1634 5188 si
1646 5145 1698 5187 ra-

909 5240 983 5299 tione
994 5235 1152 5317 privilegii,
1163 5235 1268 5304 minus,
1280 5248 1347 5292 curn
1361 5247 1463 5292 eorum
1480 5227 1611 5289 fundatio
1625 5240 1700 5289 esset

907 5339 943 5399 ad
956 5339 1044 5400 instar
1064 5335 1283 5417 privilegiorum
1303 5331 1397 5393 Otileii
1418 5330 1618 5412 Scriptorum,
1630 5339 1660 5389 et
1673 5328 1698 5388 ri
