3758 6030
151 214 214 274 set
628 206 1155 276 rourrrrclrusruuxauutu
1177 205 1304 266 SEXTl.

154 346 188 407 de
217 346 362 427 dragonis
383 346 475 408 irater
496 344 684 406 consobrinus
711 344 797 424 Regis
816 380 852 390 —
875 346 936 409 Don

156 447 278 508 Carolus
304 446 339 507 de
366 446 513 525 dragonis
546 444 677 506 marchio
709 444 871 505 Giraaensis
897 479 937 491 -

155 547 220 615 Dan
247 547 401 608 Martiuius
433 546 467 615 de
490 546 635 623 hragooia
666 562 754 625 nepos
786 546 874 625 Regis
905 564 940 604 ex

157 647 337 708 Perdinando
354 648 447 706 fratre
462 663 514 705 suo
535 645 669 707 bastardo
694 649 722 705 in
744 646 836 707 Castel
858 643 939 705 Nora

158 747 399 821 incarcerato-
433 745 498 804 llon
520 744 652 804 Julianus
680 746 840 826 Episcopus
862 745 940 806 Tro·

159 847 263 924 piensis
284 848 351 924 qui,
371 845 462 924 Rege,
496 845 586 922 regali
607 864 694 926 super
722 850 827 913 talamo
847 863 941 926 geuu-

159 944 308 1018 flectente,
335 964 351 1004 a
373 947 503 1015 sinistris,
515 945 603 1024 Regis
620 948 680 1007 erit
701 948 890 1027 genuflexus,
913 961 942 1008 et

158 1046 263 1106 Frater
285 1045 427 1105 lohannes
443 1046 491 1106 .de
512 1045 672 1108 dlodiolano
700 1046 818 1108 Ordinis
839 1049 942 1108 lilontis

161 1141 268 1204 Oliretl
284 1146 466 1223 cappellanus
482 1143 578 1222 major
591 1146 719 1226 Regis,a
734 1148 840 1208 dextris
855 1147 943 1226 Regis

161 1246 238 1319 erit,
257 1256 290 1304 ut
310 1263 399 1324 supra
418 1247 600 1324 genuflexus,
623 1259 651 1309 ct
674 1249 763 1310 ambo¹
776 1250 810 1308 de
833 1248 943 1308 missale

163 1344 380 1424 Regiserrient
391 1380 429 1410 -,
447 1346 550 1407 Frater
562 1346 704 1408 lohannes
724 1349 896 1409 Franciscus
907 1349 944 1408 de

162 1445 317 1506 Mirabellis
331 1443 460 1523 ejusdem
483 1445 610 1521 Ordinis,
623 1450 766 1509 consessor
781 1449 868 1529 Regis
888 1460 942 1509 etc.

162 1576 201 1588 -
221 1545 324 1606 Frater
346 1546 467 1607 hlichael
490 1547 525 1606 de
546 1548 663 1626 Reapoli
677 1547 793 1608 Ordinis
805 1551 945 1609 Fratrum

161 1642 309 1705 hlinorum
330 1646 364 1708 de
389 1647 573 1707 obseruantia
594 1649 831 1708 eleemosinarius
858 1648 946 1727 Regis

161 1756 224 1825 past
238 1746 348 1826 Regem
371 1761 403 1810 ut
423 1752 512 1828 s'upra
532 1748 742 1829 genuflexum,
761 1760 793 1810 et
812 1754 870 1830 ipsc
891 1770 945 1830 gc·

161 1845 300 1906 nullasus.
837 1863 841 1867 ’
942 1910 944 1915 .

201 1947 377 2009 Adronieute
397 1948 487 2029 Rege,
502 1962 532 2011 et
553 1951 645 2013 choro
664 1953 892 2024 canonicorum,
914 1962 946 2011 ut

160 2064 249 2126 supra
276 2049 452 2123 ordinatur,
485 2038 632 2126 intradte,
665 2066 827 2115 accurrunt
842 2105 843 2111 ,
859 2053 884 2114 ei
913 2073 946 2112 es

162 2148 329 2226 supradicto
348 2150 383 2209 R.
406 2149 439 2226 P.
469 2151 504 2211 Ι).
524 2154 688 2234 .dlesander
706 2155 947 2235 Archiepiscopus

161 2245 387 2327 Neapolitanus,
408 2261 437 2312 et
458 2250 601 2314 lohannes
622 2255 797 2316 Patriarcha
824 2256 947 2315 Arathia-

162 2347 274 2408 chensis
286 2393 296 2422 ,
317 2353 384 2428 qul,
403 2353 498 2412 restiti
524 2355 638 2429 mitris,
665 2368 751 2435 caput
780 2357 948 2435 aliquantu·

162 2451 223 2507 lum
245 2452 424 2527 inclinantes,
446 2455 498 2514 sibi
521 2459 714 2518 reverentiam
732 2459 850 2520 facient.
870 2443 951 2521 ldem¹

162 2551 248 2612 saciet
278 2551 340 2612 Rex
378 2555 467 2633 ipsis,
503 2568 614 2618 retento
646 2561 675 2619 iu
714 2561 808 2639 capita
840 2560 949 2620 birreto

163 2667 215 2711 suo
227 2673 238 2725 3
259 2652 501 2734 Archiepscopus
522 2675 539 2715 a
561 2657 666 2717 destris
689 2669 717 2720 et
736 2659 910 2720 Patriarcha
931 2681 948 2719 a

162 2753 286 2815 sinistris
310 2755 420 2834 Regis,
441 2759 534 2837 ipsum
561 2760 598 2818 ad
620 2759 761 2839 Legatum
784 2761 926 2823 deducant
938 2784 947 2833 ;

164 2872 223 2931 quo
237 2855 405 2930 accedente,
420 2860 542 2937 praelati
558 2878 655 2921 amnes
670 2864 764 2940 parati
783 2873 948 2940 assurgent,

164 2965 193 3015 et
209 2975 277 3016 cum
298 2960 391 3018 mitris
412 2961 508 3039 capita
527 2962 579 3021 sibi
597 2963 812 3040 aliquantulum
828 2964 949 3023 inelina-

165 3057 252 3116 buut:
276 3058 349 3118 idem
366 3068 394 3119 et
415 3059 485 3134 Rex,
501 3061 612 3122 birreto
632 3064 757 3135 detento,
775 3064 841 3143 ipsis
856 3065 948 3124 laciet.

166 3158 309 3230 Perreuto
322 3171 389 3220 aute
405 3158 560 3240 Legatum,
578 3161 639 3224 Rex
660 3163 780 3243 deponit
796 3164 949 3236 birretum,

165 3270 194 3318 et
214 3259 325 3341 Legato
346 3276 432 3341 caput
459 3265 600 3334 inclinat,
630 3276 658 3325 et
679 3263 817 3343 Legatos,
840 3275 949 3325 retenta

167 3363 254 3421 mitra
273 3365 303 3423 in
324 3368 439 3444 capite,
460 3364 513 3424 sibi
535 3366 691 3444 respondit.
715 3365 801 3427 Sedet
829 3366 890 3426 Rex
921 3369 950 3426 in

167 3463 327 3524 faldistorio
349 3468 381 3524 iu,
404 3466 490 3545 plano
512 3477 576 3526 ante
598 3466 733 3526 ultimum
758 3467 883 3546 gradum
904 3469 951 3526 al-

175 3565 246 3624 taris
263 3567 315 3625 sibi
338 3577 449 3645 parato,
466 3567 494 3626 in
511 3579 732 3643 transversum,
753 3570 793 3631 ita
813 3570 890 3648 quod
909 3572 950 3629 si·

174 3664 264 3723 nistra
285 3664 372 3745 Regis
394 3666 431 3726 sit
455 3685 536 3727 rersa
556 3670 641 3728 altari
655 3713 669 3740 ,
690 3681 719 3728 et
739 3670 839 3732 dextra
861 3670 951 3730 choro

170 3768 386 3840 canonicatuum
411 3779 441 3828 et
461 3768 656 3828 faldistorium
678 3766 846 3844 hujusmodi
868 3770 952 3829 stabit

169 3867 205 3925 ad
227 3868 357 3928 dextram
379 3867 505 3948 Legati,
528 3871 577 3948 qui
600 3870 708 3930 sedebit
730 3872 758 3929 in
791 3872 847 3930 alio
868 3869 952 3929 simili

169 3969 327 4031 faldistorio
349 3982 413 4031 ante
433 3972 560 4032 aredium
582 3972 682 4030 altaris
704 3971 732 4030 in
751 3972 837 4031 tertio
858 3970 952 4050 gradu

170 4083 198 4130 et
209 4074 296 4150 plano
307 4073 386 4132 illius
397 4073 448 4132 sibi
464 4052 579 4152 paratd,
590 4074 707 4135 renibus
722 4073 808 4133 altari
819 4073 951 4133 reversis.

173 4171 350 4252 Neapolitani
376 4194 443 4236 rero
477 4177 504 4234 in
526 4178 617 4255 capite
638 4176 748 4255 primae
769 4175 896 4235 baruchae
917 4175 953 4234 ad

171 4275 317 4335 sinistram
331 4275 434 4357 Legati
456 4298 486 4340 sc
502 4278 648 4351 locabant,
667 4292 695 4340 et
713 4280 834 4359 praelati
856 4296 953 4338 omnes

172 4377 202 4439 iu
222 4378 282 4436 suis
304 4378 375 4437 locis
396 4390 490 4440 erunt.

211 4475 353 4545 Omnibus
375 4483 415 4540 sic
436 4480 622 4552 sedentibus,
645 4493 749 4561 surget
768 4481 803 4541 O.
827 4479 955 4559 Stepha-

168 4596 230 4642 uus.
249 4578 283 4638 de
305 4576 410 4638 Narnia
431 4577 568 4640 Notarius
589 4582 728 4643 Gamerae
757 4581 952 4661 Apostolieae,

169 4700 237 4742 cum
256 4680 366 4760 bagata
386 4701 420 4743 ex
443 4681 523 4745 Urbe
545 4684 581 4743 ad
606 4684 683 4748 hunc
714 4683 800 4744 lluem
830 4683 955 4754 missus,

174 4795 203 4844 et
218 4784 314 4844 habita
330 4784 467 4864 aLegato
482 4786 609 4859 licentia,
622 4799 700 4846 stans
715 4791 742 4846 in
757 4784 957 4846 carnallaan·

167 4887 234 4964 gelli
249 4885 284 4944 ud
306 4886 451 4948 sinistram
477 4885 599 4966 Legati,
615 4887 643 4947 in
659 4887 756 4967 primo
773 4887 818 4947 rel
833 4884 957 4946 secundo

171 4986 265 5063 gradu
284 4987 395 5060 altaris,
414 4988 472 5047 alta
498 5007 569 5049 voce
592 4990 661 5068 legit
684 4989 792 5048 bullam
814 4985 958 5047 facultatis

172 5088 368 5151 Cardinalisa
402 5089 543 5169 principio
563 5090 601 5149 ad
622 5090 724 5162 linem,
757 5084 843 5163 cujus
876 5098 958 5146 tenor

171 5195 238 5254 talis
258 5201 322 5253 est:

173 5283 180 5341 ἶ
212 5296 405 5357 «Alexander
423 5293 703 5375 episcopusservus
722 5294 885 5377 Servorum
898 5293 958 5357 uei.

1685 132 1795 283 (ιιιιι)

1015 343 1126 404 Dilecto
1147 337 1207 401 lilio
1238 338 1360 401 Johami
1391 335 1469 397 tituli
1492 333 1614 396 Sanctae
1648 332 1796 396 Susannae

1014 445 1188 525 presbytero
1208 438 1366 521 cardinali,
1381 437 1416 496 ad
1439 454 1561 515 regnum
1582 434 1701 495 Siciliae
1724 434 1796 495 citra

1014 547 1144 607 Pharum
1156 554 1256 604 nostro
1276 553 1302 603 et
1315 539 1582 617 Sedishpostolicae
1594 535 1707 615 Legata
1718 536 1798 596 salu·

991 700 994 707 r
1015 656 1073 708 tem
1094 657 1123 705 et
1144 643 1338 723 Apostolicaau
1361 638 1593 700 benedictionem.
1616 635 1700 695 Licet
1720 647 1799 714 pote·

1015 749 1094 808 statis
1115 741 1263 825 plenitudo
1284 743 1413 820 desuper
1434 739 1514 799 nobis
1533 738 1685 798 commissa
1705 738 1754 809 sit,
1774 746 1800 797 et

1017 847 1145 908 universi
1166 844 1264 924 gregis
1283 842 1425 903 Douninici
1441 853 1510 913 etc,
1523 841 1618 898 diuina
1638 838 1799 917 disponente

1018 947 1166 1009 clementia
1187 963 1290 1004 curam
1314 943 1490 1022 habeamus,
1512 940 1596 1000 finem
1625 951 1722 1001 tamen
1743 939 1799 998 hu·

1019 1067 1117 1110 aronae
1156 1045 1347 1128 possibilitatis
1384 1026 1519 1104 excedere
1556 1062 1612 1103 non
1653 1042 1800 1114 valentes,

1019 1149 1300 1225 considerandoque,
1315 1145 1391 1221 quod
1411 1145 1490 1204 circa
1513 1143 1638 1222 singula,
1659 1162 1713 1221 per
1736 1160 1802 1200 nos·

1021 1253 1165 1330 metipsos,
1186 1249 1364 1328 spostolicae
1393 1245 1474 1306 Sedis
1502 1246 1628 1306 debitum
1655 1243 1802 1305 absolvere

1021 1372 1077 1414 non
1099 1367 1265 1431 possumus,
1287 1365 1490 1424 nonnunquam
1511 1346 1635 1406 Sanctae
1659 1345 1802 1405 Romanae

1021 1451 1167 1528 Ecclesiae,-
1196 1448 1361 1511 Cardinales
1394 1446 1423 1505 io
1457 1457 1569 1525 partem
1606 1444 1803 1505 sollicitudinis

1020 1555 1203 1622 assumimus,
1218 1560 1262 1620 ut,
1281 1551 1347 1629 ipsis
1370 1550 1445 1608 vices
1460 1560 1570 1608 nostras
1588 1544 1801 1626 supplentibus,

1023 1656 1212 1715 nrinisterium
1234 1651 1315 1712 nobis
1334 1651 1533 1721 commissum,
1551 1649 1676 1710 secunda
1703 1649 1801 1727 pietate

1022 1774 1165 1835 superna,
1186 1755 1308 1822 facilius,
1337 1752 1503 1822 efficacius,
1525 1761 1554 1811 et
1572 1751 1720 1810 salubrius
1740 1767 1804 1809 exe·

1023 1874 1157 1936 quamur.
1176 1855 1251 1915 Sane
1268 1864 1420 1933 postquam
1439 1853 1534 1913 clarae
1553 1852 1714 1913 memoriae
1733 1851 1804 1910 Per·

1023 1957 1161 2017 dinaodus
1179 1955 1212 2015 de
1224 1955 1367 2033 Aragonia
1384 1953 1500 2014 Siciliae
1516 1955 1590 2013 eitra
1603 1951 1736 2012 Pharum
1752 1961 1801 2011 etc.

1023 2062 1097 2120 sicut
1108 2055 1367 2136 llomino‘placuit,
1382 2058 1468 2117 rebus
1487 2056 1543 2116 luit
1559 2053 1695 2114 humanis
1709 2071 1800 2114 exero-

1023 2172 1115 2240 ptos,
1137 2158 1195 2220 Nos
1225 2156 1436 2219 considerantes
1469 2156 1547 2235 quod
1581 2156 1749 2216 carissimus
1777 2153 1803 2212 in

1024 2260 1140 2322 Christo
1156 2258 1243 2331 lilius,
1255 2256 1558 2335 videlieethlphonsus
1571 2247 1745 2316 Ferdinandi
1760 2272 1804 2313 re·

1025 2360 1068 2439 gis
1086 2359 1307 2440 primogenitus,
1324 2368 1395 2416 tunc
1411 2356 1560 2418 Calabriae
1575 2356 1656 2428 Dux,
1671 2355 1708 2415 ad
1722 2373 1804 2435 prae·

1025 2484 1087 2524 sens
1103 2452 1137 2522 in'
1150 2463 1227 2522 dicto
1244 2479 1334 2547 regno
1352 2471 1381 2520 et
1395 2471 1453 2520 tota
1469 2468 1561 2532 terra,
1578 2477 1654 2537 quae
1673 2468 1716 2519 est
1732 2457 1803 2517 circa

1026 2564 1172 2635 Pharum,
1197 2578 1270 2638 quae
1290 2560 1324 2620 de
1339 2556 1421 2636 jure·
1434 2572 1463 2620 et
1481 2559 1658 2639 proprietate
1684 2558 1802 2617 Sanctae

1027 2665 1170 2724 Romanae
1184 2646 1330 2722 Ecclesiae
1348 2672 1520 2733 noscuntur,
1532 2679 1624 2738 usque
1636 2661 1672 2719 ad
1689 2657 1803 2720 confinia

1025 2776 1171 2825 terrarum
1190 2761 1278 2842 ipsius
1295 2761 1461 2833 Ecclesiae,
1481 2771 1596 2841 excepta
1619 2761 1737 2821 civitate
1758 2778 1804 2818 no·

1026 2879 1086 2926 stra
1100 2867 1302 2927 Beneventano
1322 2881 1388 2921 cum
1408 2861 1471 2940 ejus
1487 2862 1651 2932 territorio,
1667 2859 1805 2918 districti-

1026 2970 1095 3044 bus,
1117 2978 1146 3028 et
1172 2963 1374 3045 pertinentiis,
1400 2962 1453 3040 ipsi
1471 2960 1653 3021 Perdinando
1672 2959 1746 3038 Regi
1766 2962 1805 3016 ri·

1026 3090 1098 3150 gare
1116 3067 1303 3128 investiturae
1318 3074 1347 3123 et
1366 3062 1556 3122 concessionis
1582 3079 1634 3139 per
1656 3059 1747 3119 lelicis
1763 3078 1806 3118 re·

1028 3167 1203 3231 cordationis
1216 3163 1414 3225 Innocentium
1429 3161 1536 3239 Papam
1557 3157 1705 3219 Octavum
1724 3166 1805 3240 prae·

1029 3273 1204 3332 decessorem
1224 3276 1357 3327 nostrum
1375 3265 1429 3322 sub
1457 3261 1545 3324 certis
1563 3262 1655 3322 modo
1674 3273 1704 3321 et
1722 3263 1807 3321 torma

1028 3373 1173 3432 laetarum
1188 3367 1336 3439 successit,
1352 3363 1488 3442 quodque
1502 3363 1743 3442 praedecessores
1761 3378 1810 3419 no·

1030 3473 1082 3533 stri
1100 3469 1222 3530 Romani
1246 3464 1411 3535 Pontifices,
1427 3463 1500 3523 dicti
1527 3462 1620 3540 Regni
1640 3461 1746 3540 Reges,
1763 3459 1807 3537 qui

1031 3592 1086 3653 pro
1103 3582 1235 3649 ternpore
1254 3570 1387 3638 luerunt,
1403 3566 1501 3643 inungi
1521 3576 1549 3624 ct
1571 3563 1708 3624 coronari
1725 3561 1811 3621 lacere

1031 3681 1259 3742 consueverunt,
1278 3687 1313 3729 ae
1329 3667 1507 3728 intendentes
1524 3677 1556 3727 ut
1572 3665 1669 3725 dictus
1685 3663 1809 3743 Alphon-

1030 3795 1079 3836 sus
1098 3774 1179 3846 Rex,
1206 3771 1273 3832 Scdi
1292 3770 1473 3849 Apostolicae
1493 3767 1719 3837 devotissimus,
1741 3762 1812 3841 juris

1030 3877 1178 3956 Regni,et
1197 3886 1293 3934 terrae
1312 3866 1529 3954 praedictorum
1550 3889 1584 3931 ac
1614 3869 1758 3949 regalium
1772 3868 1814 3926 in·

1031 3980 1155 4057 signium
1176 3975 1351 4056 plenitudine
1367 3975 1509 4053 gratulari
1530 3991 1564 4032 ac
1586 3971 1704 4030 Statum
1734 3986 1812 4028 suum

1034 4078 1146 4147 firmius
1177 4060 1305 4136 stabilire
1340 4075 1451 4145 valeat,
1496 4075 1680 4149 valentesque
1707 4080 1813 4129 tanturn

1032 4198 1153 4251 munus,
1170 4188 1257 4257 prout
1276 4176 1363 4237 etiarn
1390 4174 1538 4254 praelatus
1567 4172 1734 4252 Alphonsus
1758 4170 1815 4231 Rex

1032 4300 1084 4359 per
1111 4298 1178 4339 suos
1198 4278 1333 4356 speciales
1353 4286 1505 4355 propterea
1531 4273 1567 4332 ad
1595 4291 1646 4333 nos
1662 4272 1814 4333 destinatos

1034 4379 1175 4442 Oratores
1191 4397 1258 4438 cum
1275 4378 1409 4437 instantia
1424 4372 1770 4455 postularit,adimplere,
1784 4388 1814 4429 aa

1033 4484 1131 4545 debitis
1144 4479 1370 4541 solemnitatibus
1384 4473 1718 4548 honorare,eorumdem
1730 4492 1816 4552 prae-

1034 4587 1216 4647 decessorum
1246 4581 1371 4658 vestigiis
1404 4577 1581 4656 inherendo,
1600 4589 1628 4636 et
1653 4574 1689 4633 ad
1717 4587 1745 4636 te
1771 4576 1818 4651 qui

1034 4705 1121 4766 opere
1139 4683 1255 4761 quidem
1280 4692 1380 4762 potens
1398 4701 1428 4741 es
1451 4690 1480 4740 et
1500 4697 1654 4746 sermone,
1679 4695 1715 4737 ac
1735 4693 1815 4754 quem

1035 4786 1062 4846 in
1079 4785 1188 4864 magnis
1206 4794 1356 4863 expertum
1373 4792 1401 4842 et
1415 4781 1532 4851 arduis,
1545 4779 1648 4840 eximia
1665 4779 1816 4858 probitate,

1035 4896 1063 4947 et
1079 4884 1231 4955 fidelitate,
1250 4899 1409 4960 rerumque
1422 4880 1616 4960 gerendarum
1636 4879 1819 4959 experientia,

1036 5007 1070 5047 ac
1087 4985 1241 5066 praecipua
1262 4984 1412 5062 prudentia
1426 5027 1434 5056 ‚
1450 5000 1485 5043 ac
1500 4982 1664 5061 integritate
1678 4997 1818 5060 compro-

1038 5089 1137 5150 batum
1172 5085 1325 5157 babemus,
1353 5095 1484 5145 mentem
1517 5095 1645 5143 nostram
1675 5084 1820 5162 potissime

1038 5199 1250 5263 convertentes,
1280 5197 1484 5267 sperantesque
1509 5184 1590 5263 quad
1618 5204 1651 5245 ea
1678 5202 1752 5261 quae
1767 5181 1819 5240 tibi

1037 5294 1204 5356 duxerimus
1229 5289 1454 5362 committenda,
1476 5286 1579 5348 Gratia
1600 5285 1653 5347 tibi
1676 5286 1819 5347 assistente
