3780 6030
182 248 229 310 lit]
416 234 419 239 ’
667 249 955 315 ΡΟΝΤῙῈΚΔΤῦδ
970 249 1194 313 tdrtocEttttt
1210 247 1364 317 OC'l'hl'd.

189 388 231 449 ric
261 387 416 461 ordinata,
436 387 588 449 observari
618 404 676 449 uon
700 397 878 466 potuerunt,
902 405 977 467 quae

188 497 222 548 ιιι
243 488 326 568 prius
345 487 455 550 dietum
475 500 530 562 est,
550 499 616 550 acta
636 498 714 549 sunt.
745 531 751 546 .

226 587 428 649 Rertedictione
447 607 500 669 per
521 588 702 663 Pontificem,
724 599 757 649 ιιι
776 607 879 670 supra,
898 587 976 661 data,

184 686 314 749 arcardit
334 706 388 767 per
408 690 557 750 basilicam
576 690 752 770 praedictam
772 690 810 750 ad
834 689 976 769 palatium

185 785 403 865 lateranense,
433 801 463 853 et
489 810 557 852 cam
584 792 762 871 pervenisset
786 789 975 870 adprimam

187 889 286 948 aulam
301 907 448 968 magnam,
466 909 541 969 quae
558 893 626 952 aula
645 893 760 953 concilii
776 900 977 970 nuncupetur,

186 989 313 1066 positum
332 988 390 1051 fuit
410 990 604 1051 faldistorium
624 1003 692 1052 ante
712 990 824 1070 gradus
850 989 976 1069 lapidis,

182 1107 271 1169 saper
299 1101 426 1167 quatuor
452 1092 603 1151 columnas
634 1092 740 1172 positi,
762 1091 975 1169 quimensura

183 1188 297 1251 Christi
317 1191 481 1270 appellatur
503 1189 549 1271 (l)
571 1191 621 1250 uhi
643 1191 721 1271 Papa
748 1191 837 1264 sedit,
859 1189 976 1251 renibus

184 1289 222 1348 ad
241 1290 353 1350 dictum
376 1292 499 1372 lapidem
522 1290 621 1352 rersis.

225 1390 344 1452 interim
373 1391 410 1452 li.
436 1392 576 1454 Dominus
603 1391 764 1454 cardinalis
783 1386 975 1467 Novariensis,

184 1489 330 1570 Sabprior
344 1488 587 1573 Presbyterorum
600 1492 811 1582 eadmerum,
819 1493 885 1554 loco
898 1490 975 1552 uer·-

183 1589 283 1651 dinalis
304 1590 520 1654 Mediolanensis
533 1593 646 1655 Prioris
659 1592 827 1660 eorumdem
843 1592 976 1672 Presby-

182 1702 315 1755 terorttrn
331 1697 381 1770 qui
399 1691 530 1755 infirmus
544 1706 619 1769 erat,
634 1695 694 1756 sine
715 1695 822 1769 ferula,
833 1693 975 1755 ordinatis

184 1808 285 1853 coram
306 1792 457 1865 Pontificc,
472 1796 500 1853 in
523 1784 601 1856 dieto
618 1795 780 1856 faldistorio
797 1813 864 1855 cum
883 1795 973 1854 mitra

183 1891 309 1965 sedente,
329 1905 358 1954 ct
372 1894 571 1956 cardinalibus
587 1895 654 1955 hine
668 1907 696 1956 et
712 1895 777 1956 inde
793 1896 867 1955 citra
880 1895 973 1974 ipsum

184 2011 252 2053 cum
274 1995 369 2056 mitris
393 1996 544 2069 stantibus,
569 1995 761 2067 subdiaconis,
783 1994 974 2073 auditoribus,

180 2097 346 2157 secretariis
370 2109 399 2158 et
418 2095 566 2157 advocatis
584 2116 619 2158 eo
645 2095 746 2159 ordine
774 2105 862 2175 prout
885 2093 972 2155 Prior

181 2195 379 2257 Diaconorum
408 2197 438 2256 in
470 2195 586 2256 basilica
609 2196 641 2256 S.
670 2196 748 2256 Petri
773 2195 905 2276 fecerat,
933 2193 971 2253 ita

180 2295 259 2374 quod
291 2297 368 2358 inter
398 2293 568 2379 Pontificem
601 2306 629 2356 et
656 2314 705 2356 eos
740 2305 814 2356 esset
848 2295 973 2374 spatium

179 2393 299 2456 circiter
319 2396 410 2456 trium
429 2413 601 2471 eunitarum,
619 2407 696 2457 stans
714 2397 776 2457 sine
791 2397 878 2457 mitra
898 2395 972 2456 inter

179 2494 291 2574 primos
303 2489 512 2568 subdiaconos,
533 2514 601 2557 cum
615 2498 679 2557 aliis
692 2496 859 2577 praedictis,
875 2495 973 2556 disco·

180 2593 268 2671 pertis
289 2595 431 2673 capitibus
445 2595 598 2669 stantibus,
611 2597 647 2656 ad
664 2582 831 2657 Pontificem
847 2615 968 2671 versas,

178 2693 247 2754 fecit
268 2695 384 2756 laudem
407 2696 467 2754 alta
494 2715 564 2758 voce
592 2682 680 2775 quasi
702 2699 823 2779 legendo
853 2692 970 2762 dicensi

180 2792 313 2856 Exaudi
335 2793 461 2857 Christe
483 2830 523 2841 -
547 2798 603 2857 illis
629 2800 881 2880 respondentibus:
903 2801 973 2863 Do·

181 2895 266 2957 mino
287 2905 395 2956 nostro
407 2895 603 2984 'innocentio
620 2910 688 2972 etc,
700 2911 743 2961 tot
764 2900 877 2961 vicibus
894 2886 972 2963 et‘eo

179 2994 292 3067 ordine,
311 3014 346 3055 ac
367 2994 402 3058 de
425 2996 517 3058 verbo
539 2998 576 3058 ad
599 2999 734 3074 verbam,
756 3002 827 3063 rocc'
846 3012 875 3063 et
892 3013 972 3077 tono,

179 3107 269 3176 prout
292 3095 382 3159 Prior.
407 3096 608 3161 Diaconorum
629 3093 821 3183 'supradictus
844 3101 873 3161 in
895 3101 971 3163 dicta

179 3193 296 3256 basilica
315 3195 348 3256 S.
369 3197 451 3259 Petri
473 3199 591 3268 fecerat

221 3292 371 3355 Laudibus
391 3295 490 3371 fluitis,
510 3299 588 3381 Papa
610 3298 715 3364 ductus
736 3313 778 3363 est
799 3302 836 3360 ad
855 3311 971 3383 portam

181 3395 329 3475 cappellae
356 3396 455 3459 Sancti
477 3399 612 3462 deestri
634 3390 717 3480 jactu
744 3418 834 3483 ‘qaam
862 3402 972 3484 positae

180 3504 248 3554 suot
258 3492 333 3556 duae
346 3494 612 3580 sedesporpntreee‘
626 3502 719 3576 nudae
730 3502 787 3587 (P),
797 3503 834 3564 ad
845 3521 972 3583 quarum

180 3593 305 3671 primam
328 3612 346 3654 a
367 3595 475 3658 dextris
496 3611 599 3678 portae
619 3603 757 3681 positam,
775 3604 854 3684 Papa
875 3605 970 3677 sedit,

180 3691 264 3768 quasi
281 3691 394 3772 jaceret
400 3717 412 3769 3
435 3715 494 3774 quo
514 3701 556 3758 sic
577 3699 713 3774 sedente,
735 3702 825 3763 Prior
847 3701 973 3765 Latera·

180 3794 275 3856 nensis
296 3796 462 3877 praedictus
480 3798 557 3860 dedit
574 3798 670 3881 Papae
688 3802 815 3864 ferulam
833 3802 862 3864 in
884 3822 972 3865 manu

181 3893 347 3977 insignum
368 3898 519 3976 regiminis
544 3911 574 3961 et
594 3902 803 3975 correctionis,
823 3913 853 3964 et
874 3903 972 3966 clares

179 3995 269 4076 ipsius
292 3996 433 4060 basilicae
452 4017 488 4060 ac
516 3998 718 4063 bateraneusis
744 4005 854 4083 palatii,
881 4006 909 4064 ln
929 4006 973 4072 si·
998 4047 1000 4055 ι

179 4095 393 4174 suificationem
414 4101 560 4180 potestatis
582 4100 734 4163 claudendi
754 4116 783 4166 ιι
804 4106 972 4186 aperiendi,

53 4215 56 4220 ’
183 4196 291 4276 ligandi
312 4209 342 4260 ct
362 4200 501 4262 solvendi.
618 4214 653 4223 ’“

1725 235 1833 323 (⁴⁴⁸⁴)

1086 386 1226 457 Pontifex,
1246 385 1384 465 receptis,
1404 393 1437 444 at
1457 400 1560 471 supra,
1576 381 1724 471 [erutuet
1740 378 1833 444 clari.

1043 486 1110 560 bus,
1131 487 1260 549 surrexit
1279 485 1315 551 dc
1335 483 1401 552 reda
1421 481 1581 564 praedicta,
1604 491 1634 544 et
1658 482 1780 565 messuit
1799 480 1833 540 ad

1042 589 1131 650 aliam
1156 605 1174 646 a
1192 586 1315 648 sinistris
1336 584 1431 649 dictae
1449 596 1551 665 portae
1572 583 1709 668 positam,
1729 583 1759 642 in
1779 601 1833 661 qua

1044 688 1177 755 similiter
1194 685 1279 757 aedit,
1298 684 1380 763 flami
1395 684 1522 767 jaceret,
1540 683 1641 762 sieque
1659 683 1775 756 cedens,
1792 683 1834 755 fe·

1045 791 1153 858 rufam.
1172 799 1203 850 et
1224 789 1321 851 clares
1341 784 1438 855 Priori
1459 784 1611 863 praedicto
1632 782 1773 857 restituit,
1786 784 1834 861 qai

1044 886 1133 949 Prior
1147 888 1249 950 deinde
1268 885 1415 959 Pontifici,
1433 885 1531 951 adbuc
1552 896 1587 956 ut
1605 884 1776 965 praefertur
1791 902 1835 950 ιι-

1045 989 1133 1063 denti,
1149 1007 1238 1067 supra
1254 990 1397 1068 planetam
1410 986 1498 1054 cinth
1513 983 1561 1066 (3)
1574 1001 1679 1051 eonem
1693 982 1730 1044 de
1744 982 1835 1046 serim

1044 1089 1150 1163 rubeo,
1167 1106 1236 1151 cum
1257 1089 1345 1151 bursa
1360 1098 1510 1169 purpurea
1532 1086 1573 1149 illi
1594 1084 1786 1165 appendente,
1809 1084 1834 1147 in

1044 1209 1103 1270 aaa
1121 1201 1207 1255 erant
1228 1206 1287 1254 ιιι.
1316 1188 1422 1269 lapides
1443 1188 1562 1268 pretiosi
1583 1185 1689 1250 modici
1717 1185 1835 1276 valoris,

1045 1311 1113 1353 cam
1133 1284 1190 1355 xri.
1205 1291 1307 1371 sigillis
1321 1300 1350 1352 et
1368 1307 1470 1350 museo
1484 1285 1540 1369 (l),
1550 1286 1621 1354 licet
1635 1285 1748 1364 antiqui
1770 1284 1834 1346 libri

1044 1404 1152 1473 pmrant
1168 1392 1317 1474 praedicta
1339 1387 1403 1452 beri
1424 1388 1527 1468 debere
1547 1405 1601 1466 per
1621 1384 1759 1447 Priorem
1785 1385 1836 1445 be·

1043 1495 1141 1554 silicae
1161 1492 1194 1553 S.
1217 1490 1387 1562 laurentii,
1417 1507 1491 1567 quae
1520 1488 1629 1549 Sancta
1656 1486 1833 1548 Βιιιιοιιιι

1043 1593 1168 1667 dicitur3
1190 1584 1285 1677 tamen
1306 1594 1375 1671 quia
1402 1591 1453 1650 llis
1474 1589 1560 1651 hodie
1581 1577 1834 1650 et'lsetcranensis.

1043 1680 1182 1767 basilica,
1208 1693 1285 1755 idem
1313 1702 1402 1766 sunt,
1423 1690 1458 1754 vet
1483 1691 1532 1753 illu
1560 1691 1675 1751 nullum
1702 1688 1833 1750 Priorem

1042 1793 1140 1866 babet,
1156 1794 1287 1874 praefata
1301 1791 1376 1871 hunt
1388 1812 1441 1874 per
1456 1793 1591 1855 Priorem
1601 1790 1832 1857 hatereneasem.

1084 1893 1164 1972 Papa
1184 1894 1287 1955 sedens
1305 1894 1418 1955 cinctas
1445 1892 1492 1974 (b)
1517 1905 1551 1976 ut
1570 1893 1759 1974 praefertur,
1782 1910 1833 1953 ac·

1043 1993 1120 2074 cepit
1140 1992 1176 2054 de
1194 1995 1310 2075 gremio
1331 1994 1438 2055 domini
1459 1987 1593 2054 Falconis
1620 1992 1654 2054 de
1680 1989 1834 2052 Sinihaldis

1041 2093 1277 2168 Prothonotatii,
1298 2078 1486 2160 Thesaurarii
1508 2095 1571 2169 sui,
1594 2106 1651 2155 tres
1672 2095 1831 2173 pugillatus

1042 2197 1250 2268 carleaormn,
1277 2206 1308 2257 et
1343 2195 1463 2257 alterius
1493 2202 1624 2259 monetae
1655 2206 1831 2275 argenteae,

1042 2315 1115 2374 qttas
1135 2296 1243 2376 populo
1263 2292 1398 2376 projecit,
1413 2296 1533 2357 dicens:
1553 2297 1728 2377 Disperrit,
1749 2297 1834 2359 dedit

1038 2396 1247 2478 pauperibus,
1262 2399 1397 2481 jrrctitt‘o
1410 2402 1479 2485 eius
1499 2408 1601 2459 mutiet
1622 2398 1656 2457 in
1676 2398 1834 2458 soeculum

1041 2499 1175 2561 soeculi.

1084 2596 1411 2678 SurgensdeiadaPapa
1421 2596 1518 2657 adbuc
1529 2599 1652 2671 etseras,
1666 2603 1774 2663 ductus
1785 2598 1835 2658 fuit

1041 2695 1077 2756 ad
1094 2678 1245 2758 'basilicam
1267 2696 1299 2757 S.
1320 2694 1490 2770 Laurentii,
1517 2697 1623 2758 Sancta
1657 2694 1831 2757 Sanctorum

1041 2798 1226 2877 appellatum,
1245 2797 1273 2856 in
1294 2816 1352 2876 qua
1367 2816 1468 2861 corum
1483 2799 1571 2861 altari
1586 2797 1765 2879 genuflexus,
1776 2798 1832 2860 sine

1041 2899 1143 2971 mitra,
1162 2898 1259 2965 orarit
1277 2898 1307 2959 in
1325 2894 1507 2972 faldistorlor
1527 2899 1607 2960 haita
1625 2901 1758 2962 mationa
1781 2918 1833 2960 ro-

1041 2996 1096 3084 lait
1113 2998 1217 3059 offerre
1238 3000 1459 3077 superabere,
1477 3008 1507 3060 et
1528 3000 1626 3060 nullas
1643 3000 1680 3060 de
1698 3001 1758 3061 suis
1777 3018 1832 3061 ca·

1040 3085 1192 3184 biculariis
1218 3101 1354 3179 pecunias
1381 3114 1481 3168 secum
1510 3098 1681 3161 habentibus
1714 3100 1834 3173 ederat,

938 3244 939 3248 ,
963 3239 966 3250 -
1041 3218 1133 3279 neque
1150 3191 1385 3276 ,Thesaararium
1407 3199 1541 3274 mutuari
1559 3201 1600 3263 sic
1622 3199 1758 3263 Pontifici
1776 3199 1833 3262 do·

1040 3319 1128 3362 renos
1149 3300 1293 3361 Renenses
1314 3300 1398 3375 duos,
1418 3312 1449 3362 et
1469 3319 1560 3362 unam
1581 3303 1724 3363 ducatum
1738 3299 1751 3381 (
1765 3301 1832 3381 pln-

1035 3420 1088 3462 res
1109 3396 1224 3464 mecum
1248 3420 1304 3463 non
1326 3402 1441 3487 habai)
1463 3422 1537 3485 quos
1559 3403 1692 3469 Pontifex
1715 3401 1835 3464 contulit

1040 3519 1128 3581 super
1150 3503 1254 3563 altare.

1082 3600 1178 3662 Rediit
1195 3600 1298 3663 deinde
1321 3601 1453 3664 Pontifex
1477 3604 1514 3664 ad
1534 3605 1697 3684 cappellam
1718 3604 1752 3666 S.
1776 3605 1833 3666 811·

1040 3704 1142 3776 sutri,
1157 3703 1185 3763 in
1207 3721 1280 3781 qua,
1299 3702 1435 3788 depositis
1452 3704 1507 3765 sibi
1520 3704 1622 3777 mitra,
1639 3707 1833 3787 zona,··pallia‚

1040 3803 1166 3882 planeta,
1180 3802 1305 3876 annalis,
1324 3814 1353 3879 et
1369 3803 1557 3878 chirothecis,
1570 3817 1688 3885 recepto
1700 3806 1833 3886 pluviali,

1039 3914 1069 3964 et
1090 3902 1188 3976 mitra,
1210 3894 1245 3963 uc
1267 3898 1601 3990 ennuttssreassumptts',
1625 3907 1700 3970 sedit
1721 3910 1750 3968 in
1771 3907 1832 3970 sede

1039 4005 1186 4078 eminenti,
1201 4003 1305 4066 ibidem
1320 4008 1349 4068 in
1366 4008 1460 4069 medio
1473 4010 1631 4088 cappellae,
1648 4008 1709 4067 sihi
1721 4019 1832 4087 parata,

1041 4115 1144 4164 versus
1165 4105 1202 4165 ad
1224 4106 1331 4166 ostium
1355 4106 1448 4184 illlus3
1479 4127 1538 4186 quo
1563 4088 1606 4168 sic
1627 4107 1760 4182 sedente,
1782 4125 1832 4169 ac·

1040 4217 1188 4265 cesserunt
1206 4206 1311 4287 singuli
1332 4205 1499 4298 cardinales
1524 4211 1642 4288 mitram
1663 4220 1730 4285 apte
1756 4229 1787 4270 se
1807 4210 1831 4271 in

935 4383 964 4392 -
1041 4304 1174 4367 manibus
1194 4319 1365 4387 portantes,
1385 4318 1416 4370 et
1435 4321 1499 4387 post
1520 4329 1584 4383 eos,
1602 4310 1704 4373 eodem
1724 4310 1834 4384 moda,

221 4475 259 4531 (t)
277 4494 287 4517 ·
305 4460 327 4525 ll
343 4489 396 4526 ιιι
411 4479 498 4539 pistre
508 4479 534 4528 dl
547 4482 667 4545 miscillo,
684 4486 761 4549 lunga
777 4487 857 4550 palmi
869 4492 883 4540 l
895 4502 971 4540 meno

179 4552 314 4613 aa'oociu,
324 4564 340 4603 s
351 4554 420 4619 larga
433 4557 511 4619 palmi
527 4561 631 4624 cinque,
648 4565 723 4614 oncis
741 4568 756 4614 l
770 4578 786 4616 a
804 4571 854 4630 ιιι,
865 4570 914 4619 ιιι
926 4581 972 4632 po·

180 4636 237 4682 sata
260 4644 339 4695 sopra
360 4638 467 4696 quattro
491 4632 603 4689 colonae
625 4641 651 4690 di
672 4655 772 4694 mermo
792 4645 905 4704 blanco,
925 4660 972 4697 era

180 4710 311 4760 chismate
326 4723 447 4762 mansuro
458 4712 562 4775 Christi,
577 4731 593 4767 o
610 4721 708 4771 misura
724 4722 751 4772 dt
767 4722 868 4784 cristo,
884 4736 899 4774 e
925 4736 971 4774 aa·

178 4789 228 4842 che
239 4790 336 4841 adesso
347 4791 370 4840 sl
382 4803 513 4844 conseras
524 4797 564 4844 nei
580 4796 698 4849 claustro
708 4799 892 4852 lateranense.
906 4821 918 4846 ·
929 4801 971 4851 Sic

179 4867 341 4920 Palaemone
356 4868 544 4932 causaturum,
560 4885 602 4936 op.
618 4876 661 4926 eit.
675 4889 702 4939 ρ.
718 4881 758 4930 50.

220 4951 259 5004 12)
275 4967 286 4992 ι
304 4946 412 5000 Electus
428 4953 455 5000 in
475 4951 526 5000 illis
549 4952 652 5004 duabus
675 4955 785 5007 sedibus
808 4957 848 5006 sic
874 4955 970 5008 aedera

180 5025 271 5085 dabat,
288 5040 318 5078 ac
343 5030 365 5078 si
388 5029 512 5080 videatur
528 5031 599 5082 inter
615 5033 682 5083 daos
700 5034 926 5097 tectulosvlacera
942 5036 970 5086 id

181 5109 224 5156 cst
239 5111 268 5156 ut
284 5108 423 5158 accumbat
440 5110 509 5160 iuter
524 5109 651 5177 Principis
666 5112 853 5174 Apostolorum
871 5115 970 5177 prima·

181 5185 236 5233 tum
252 5183 331 5243 Patri,
341 5189 368 5235 et
380 5184 451 5236 Pauli
462 5187 580 5239 doctoris
591 5192 706 5252 gentium
719 5190 943 5251 praedicationem
957 5217 967 5240 .

180 5258 248 5311 Ordo
264 5260 402 5323 itomaoar,
423 5267 492 5315 anet.
513 5265 635 5329 caurio,
659 5269 687 5319 in
706 5268 968 5334 contentarer..

117 5360 120 5365 “
181 5350 240 5402 9⁰9·
257 5343 311 5394 212

1040 4423 1139 4467 omnes
1160 4409 1280 4488 praelati
1305 4411 1421 4488 parati3
1442 4410 1549 4488 quibas
1569 4412 1760 4502 singulariter
1782 4429 1835 4473 eo·

1041 4521 1106 4565 ram
1126 4507 1203 4589 Papa
1218 4507 1397 4582 constitutis,
1412 4509 1490 4591 Papa
1512 4511 1589 4573 dedit
1609 4511 1834 4593 presbyterium,
1862 4567 1864 4572 .

1081 4733 1120 4789 (t)
1135 4728 1163 4780 1ι
1179 4728 1337 4780 Canoeltieri
1349 4730 1457 4793 farcit:

1079 4812 1116 4871 (ι)
1140 4808 1199 4858 ιιι
1225 4820 1293 4859 zona
1318 4814 1429 4861 notatur
1453 4814 1619 4864 contraeatis
1638 4816 1794 4880 castratis,
1811 4819 1836 4868 ιι

959 4901 962 4908 ·
1041 4887 1122 4939 bursa
1138 4888 1355 4951 gazophilacium,
1370 4902 1423 4953 quo
1445 4903 1578 4954 pauperes
1599 4892 1699 4945 Christi
1720 4899 1837 4947 nutrian-

1040 4971 1083 5017 tur
1100 4971 1127 5015 et
1142 4966 1245 5017 viduae.
1262 4967 1293 5016 la
1310 4966 1452 5018 duodecim
1462 4969 1582 5033 alphita,
1598 4984 1636 5023 xa
1653 4974 1835 5035 apostolorum

1038 5049 1160 5109 potestas
1177 5045 1463 5110 designatoremuscus
1478 5049 1623 5102 includitur
1631 5051 1667 5102 ed
1678 5053 1833 5116 percipies·

1039 5123 1101 5174 dom
1117 5123 1247 5185 odorem,
1262 5131 1291 5177 at
1319 5129 1355 5178 ait
1379 5131 1540 5191 apostatas:
1557 5129 1652 5183 clarii
1672 5131 1756 5183 ιιιιιιι
1776 5132 1838 5184 oder

1038 5214 1128 5253 mnas
1144 5203 1206 5255 Deo·
1224 5224 1236 5259 ,ι
1253 5204 1322 5257 Ordo
1337 5206 1473 5267 nomam,
1491 5206 1539 5259 loc.
1555 5220 1613 5273 rap.
1629 5212 1674 5263 rr.

1077 5284 1115 5344 (ι)
1131 5284 1159 5334 lu
1174 5283 1283 5336 haihait
1304 5290 1331 5337 et
1347 5286 1502 5343 concalfieri
1519 5289 1628 5352 ιὶιιιιιι,
1643 5294 1744 5342 nostns
1761 5293 1838 5343 codi-

1038 5354 1113 5405 cibus
1129 5356 1245 5407 ontirtar.
1589 5383 1593 5387 ’
