3764 6036
191 255 252 319 tho
663 250 946 316 rohtmlchttls
966 248 1190 323 mdocilrtru
1209 249 1361 315 OCTAVl.

230 398 316 462 Faria
341 396 478 470 secunda,
504 396 553 460 tu.
573 356 709 460 'cambria
722 395 759 457 it.
782 395 818 458 D.
833 394 978 476 Georgius

189 510 258 561 tunc
275 497 352 561 tituli
369 499 492 562 Sanctm
505 498 616 562 itariae
629 499 659 559 in
673 496 892 570 Transtiberim,
908 514 978 577 pre·

193 731 316 789 colores,
331 729 435 779 nonnisi
463 730 562 780 semina
589 731 724 792 spargeret
749 715 907 778 discordiae.
924 726 977 778 llsc

191 813 249 860 arte
266 809 301 859 ad
316 807 504 859 conciliandum
517 806 567 858 sihi
584 807 746 866 Pontificem,
757 806 795 857 uti
808 807 908 867 solitus,
918 818 977 856 cum

191 889 299 952 gravius
326 887 425 951 aliquid
449 887 592 950 petendum
620 888 803 950 excogitaret,
820 890 978 950 provocaret

189 972 263 1032 prius
280 981 328 1030 per
343 966 488 1017 calumnias
509 966 603 1029 liegem
622 967 648 1017 in
664 967 780 1029 Papam,
797 966 884 1029 indeq.
901 965 979 1023 adju·

190 1054 275 1100 torem
306 1060 335 1098 se
360 1047 488 1097 simulans
515 1045 548 1095 ad
575 1045 785 1106 conciliandum,
814 1045 840 1096 in
869 1045 978 1095 tollendi

189 1124 250 1179 mali
267 1127 394 1191 gratiam,
411 1138 466 1176 rem
483 1129 588 1188 peteret
604 1127 769 1193 concupitam
786 1137 834 1189 pro
846 1124 976 1175 mercede:

187 1210 260 1257 tanta
286 1205 418 1268 diligentia
444 1204 563 1254 fraudem
592 1207 749 1267 tegens,nt
766 1205 810 1254 hic
833 1204 905 1255 solus
927 1216 977 1267 pro

187 1284 302 1337 liemana
324 1283 402 1334 Curia
418 1287 491 1334 stare
507 1297 541 1356 ex
558 1284 637 1335 Gallis
661 1284 783 1336 omnibus
812 1285 976 1335 crederetur.

187 1364 215 1414 ln
232 1365 327 1416 tastum
353 1376 433 1428 porro
458 1363 651 1436 intolerandum
668 1377 726 1414 cum
744 1363 870 1427 dignitate
888 1362 977 1413 Cardi-

186 1447 291 1497 nalatus
312 1451 436 1507 evectus,
454 1447 519 1497 adeo
535 1447 621 1498 omnia
639 1444 690 1496 sibi
706 1445 787 1495 llcere
804 1443 924 1506 putavit,
945 1448 973 1493 ut

185 1527 240 1588 iam
258 1540 306 1590 pro
322 1529 390 1591 liege
401 1529 537 1590 imperare
555 1527 703 1585 videretur,
718 1526 887 1588 omniumque
904 1524 931 1574 in
947 1536 976 1574 ae

186 1606 274 1656 odium
299 1607 427 1657 accendit.
451 1608 534 1668 Quem
556 1608 636 1657 etiam
660 1618 719 1656 cum
740 1605 834 1656 bellica
859 1604 978 1655 delecta·

186 1690 267 1745 rent,
294 1698 386 1736 eorum
411 1685 579 1736 nibilominus
604 1685 682 1747 plane
710 1683 847 1747 ignarum,
867 1684 977 1747 contigit

186 1777 255 1814 annu
273 1767 342 1816 tici.
358 1769 387 1817 ut
403 1778 462 1815 cum
480 1765 502 1815 is
518 1765 596 1826 Regin
618 1765 722 1814 nomine
739 1765 828 1827 copias
846 1763 977 1814 l‘arlsien·

186 1845 253 1892 sium
281 1848 395 1892 armatas
417 1847 494 1893 extra
522 1841 616 1893 ilrhem
633 1848 709 1893 veste
726 1843 794 1893 linea
820 1847 928 1893 ornatus
950 1847 976 1894 et

188 1924 258 1972 mula
274 1927 368 1973 vectus
394 1923 591 1982 recensuisset,
606 1934 638 1971 ea
655 1935 684 1972 rs
708 1921 859 1985 indignatus
880 1921 975 1971 comes

186 2000 360 2062 Damnartinl,
377 2014 460 2052 senex
477 2005 503 2052 et
520 2006 647 2073 expertus
669 2002 841 2061 bellator,.ad
858 2012 916 2050 eum
934 2012 977 2050 su·

185 2080 326 2143 gillandum
345 2093 360 2129 a
376 2081 443 2143 liege
460 2081 580 2143 petierit,
598 2084 627 2130 ut
644 2081 693 2131 sibi
710 2080 870 2131 concederet
880 2079 976 2129 Ehrot·

186 2171 241 2221 cas,
253 2161 285 2210 ad
297 2173 408 2211 examen
419 2161 452 2212 de
464 2161 601 2212 sacrandis
619 2161 802 2212 sacerdotibus
820 2158 977 2220 iaciendum,

188 2240 335 2302 proticisci;
355 2240 569 2305 quandoquidem
588 2245 639 2291 tam
656 2242 706 2292 sihi
723 2243 788 2291 haec
805 2253 879 2298 cura,
897 2253 976 2303 quam

188 2321 315 2383 episcopo
339 2321 448 2370 militum
471 2322 614 2384 recognitio
638 2322 802 2371 conveniret.
825 2319 889 2369 Post
912 2318 978 2369 ade·

186 2402 259 2458 ptam
275 2412 419 2462 purpuram
436 2401 534 2450 missus
551 2401 577 2449 in
593 2399 700 2459 Galliam
719 2398 805 2452 tuerat
821 2398 976 2457 Ealues,ut

188 2489 204 2526 a
220 2477 383 2528 Parlamento
400 2477 622 2528 conflrmatioaem
651 2481 824 2542 extorqueret
844 2477 908 2539 regii
927 2474 977 2525 de·

188 2558 272 2617 creti,
288 2557 321 2606 de
337 2556 486 2620 abroganda
502 2558 663 2620 pragmatica
688 2559 839 2615 sanctione,
855 2554 926 2618 quod
943 2554 976 2603 ah

187 2634 261 2685 initio
278 2636 350 2698 regni
368 2637 409 2684 sui
435 2634 582 2685 ludovicus
599 2639 770 2687 concesserat
796 2634 888 2685 loanni
915 2632 977 2683 cnr·

186 2713 269 2764 dinull
287 2714 477 2765 attrebatensi.
489 2714 582 2763 ilerum
598 2727 658 2764 cum
675 2727 727 2764 non
744 2713 882 2764 videretur
897 2713 975 2776 plena

187 2791 342 2855 abrogatis,
358 2793 408 2842 nisi
426 2795 453 2842 et
469 2792 622 2843 carisiensis
638 2793 750 2843 Senatus
770 2805 915 2844 consensus
934 2806 977 2844 ac·

189 2871 315 2931 cederet,
331 2872 424 2922 italues
442 2872 731 2932 occasioneteriarum,
748 2885 838 2923 mense
857 2871 976 2934 octobri,

185 2956 310 3014 acceptas
327 2966 342 3002 a
358 2953 426 3016 ltege
442 2951 622 3016 abrogationis
650 2954 751 3004 litteras
772 2954 859 3017 primo
879 2951 907 3002 ln
927 2950 977 3001 ca·

186 3033 292 3083 stellato
320 3036 330 3090 (
341 3033 415 3082 curia
441 3033 505 3082 haec
521 3032 634 3082 terensis
655 3032 818 3083 Parlamento
839 3031 976 3091 subjecta)

186 3111 288 3176 absque
304 3113 382 3163 ullius
399 3113 591 3163 intercessione
617 3110 769 3174 publicavit.
784 3111 832 3161 llhl
855 3119 922 3162 vero
949 3113 975 3161 in

188 3194 247 3241 aula
270 3191 360 3254 palatii
381 3192 407 3241 id
425 3191 521 3253 exequi
538 3192 637 3250 voluit,
650 3189 776 3242 loannem
794 3205 808 3241 a
825 3191 849 3240 S.
861 3191 976 3242 Romano

188 3273 289 3335 reglum
313 3272 339 3320 in
366 3270 529 3320 Parlamento
555 3276 755 3332 procuratorem
784 3272 903 3333 reperit,
931 3272 976 3333 qui

191 3349 252 3399 torti
279 3350 365 3398 animo
392 3349 562 3408 intercessit,
582 3362 615 3398 ne
640 3349 745 3399 litterae
768 3348 977 3412 publicarentur.

191 3426 344 3491 Propterea,
354 3427 421 3477 irato
431 3426 529 3485 italus,
546 3429 573 3476 et
589 3428 705 3477 muneris
716 3428 910 3491 privationem,
930 3429 977 3491 lte·

190 3507 232 3568 gio
251 3507 355 3557 nomine
378 3506 506 3564 minanti,
523 3506 662 3570 respondit
677 3511 848 3571 procuratum
865 3509 976 3560 liberum

190 3597 252 3636 esse
275 3586 335 3648 llegi
362 3589 485 3649 repetere
501 3584 571 3647 quod
584 3586 639 3648 jum
656 3590 826 3637 concesserat
848 3585 977 3638 otllciums

190 3666 306 3728 quandlu
324 3677 389 3715 vero
400 3664 463 3714 illud
474 3668 623 3723 exerceret,
633 3666 670 3714 nil
681 3678 709 3715 se
719 3665 860 3727 iacturum,
869 3668 939 3730 quod
951 3669 977 3718 in

190 3743 271 3808 iiegnl
288 3743 411 3794 damnum
432 3755 573 3794 versurum
598 3747 688 3793 essets
705 3743 810 3793 italuem
827 3745 914 3806 ipsum
931 3759 978 3808 pu·

188 3822 253 3873 dere
270 3823 369 3873 dehere
386 3821 572 3885 postulationis
583 3821 706 3880 injustae.
717 3822 910 3874 Contumeliose
927 3825 979 3875 ita·

190 3915 242 3966 que
258 3903 373 3965 rejectus
388 3903 482 3953 Balues
500 3901 534 3951 ad
550 3903 641 3964 pejora
658 3905 772 3952 animum
794 3904 924 3962 intendit,
941 3905 979 3954 in·

187 3987 331 4047 gratusque
348 3984 374 4033 ln
390 3983 506 4045 liegem,
521 3980 565 4044 qui
592 3993 652 4032 eum
669 3982 702 4032 de
719 3987 841 4033 stercore
866 3979 979 4033 suscita-

188 4067 284 4121 verat,
299 4061 404 4124 llegiam
421 4060 532 4109 violavit
547 4061 728 4121 Maiestatem,
739 4065 766 4111 et
782 4074 841 4112 cum
853 4063 978 4126 episcopo

188 4144 346 4194 Vlrdunensl
374 4157 434 4194 cum
462 4143 555 4193 carolo
582 4145 745 4207 conspiravit
774 4146 851 4207 Regis
877 4145 979 4207 tratre,

189 4225 256 4286 (qui
274 4223 307 4273 ad
322 4223 489 4287 burgundum
507 4223 680 4295 contugerat)
697 4228 726 4274 ut
741 4226 797 4287 ipss
812 4225 882 4275 inter
899 4226 977 4290 liegia

188 4301 299 4352 dissidia
325 4304 500 4365 praevaleret.
523 4303 595 4353 clam
623 4306 711 4368 itaque
739 4318 836 4355 arcana
858 4307 978 4358 hostibus

187 4383 426 4440 communicando,
448 4396 507 4432 cum
536 4397 625 4434 mense
650 4386 726 4447 aprili
748 4386 774 4434 in
803 4385 977 4448 burgundiam

187 4463 311 4511 nuncium
328 4461 458 4521 misisset,
474 4462 546 4511 venit
562 4464 613 4512 iste
630 4462 738 4524 claiam,
754 4464 840 4514 vicum
858 4466 911 4526 agri
924 4464 978 4515 liu·

189 4541 304 4599 mensls3
321 4540 366 4590 ubi
383 4540 409 4590 in
426 4540 513 4590 medic
539 4541 607 4602 loci,
628 4555 710 4606 equus
724 4546 739 4605 ι
752 4548 819 4595 teste
839 4545 979 4608 Pupiensli

191 4632 363 4684 progressum
382 4618 523 4679 declinavit
535 4621 601 4670 adeo
617 4625 801 4685 pertinaciter,
818 4627 846 4674 ut
857 4637 905 4674 nec
922 4625 977 4674 cal·

189 4702 311 4761 carthus,
339 4711 387 4751 uec
415 4699 545 4760 tualibus,
571 4714 620 4751 nec
647 4704 849 4754 manuductione
876 4706 976 4754 moveri

187 4795 302 4844 unquam
320 4781 450 4840 voluerit,
466 4786 640 4831 concurrente
657 4783 690 4832 ad
707 4785 916 4834 colluctationem
928 4795 976 4844 pc·

188 4863 265 4924 pulo,
281 4863 309 4910 et
324 4860 485 4910 clamoribus
502 4873 636 4911 sessorem
653 4862 790 4913 illudente.
800 4862 881 4913 Erant
896 4863 975 4913 etiam

191 4940 217 4990 in
245 4939 324 4990 turba
350 4940 404 4991 duo
429 4940 499 5003 liegii
529 4940 624 4990 milites
658 4940 829 4993 advertentes
860 4942 975 5005 equitem

190 5021 327 5081 territum,
343 5022 387 5083 qui
404 5033 460 5071 rem
481 5022 508 5071 ln
535 5022 811 5084 religionem'vertere
833 5025 975 5085 caeperat,

190 5098 403 5167 pallentibusque
419 5100 502 5150 oculis
518 5100 591 5151 viam
604 5112 734 5163 quaerere
758 5100 978 5165 effugii,e1cita·

193 5177 281 5227 verint
293 5190 352 5228 eum
363 5179 596 5241 comprehendere,
611 5182 638 5228 et
654 5179 817 5242 interrogare
828 5215 836 5240 ,
847 5179 916 5229 unde
932 5190 977 5230 es·

193 5257 253 5305 set?
268 5268 320 5318 quo
336 5260 485 5321 pergeret't
500 5258 670 5309 advertentes
693 5259 795 5309 litteras
820 5263 924 5322 gestare
950 5263 975 5310 ln

190 5335 282 5387 intime
299 5337 358 5388 sinu
374 5338 436 5390 linet
451 5337 583 5398 thoracis,
594 5338 674 5390 tacite
690 5338 976 5401 perduxeruntadlle·

1720 251 1828 335 (assu

1046 394 1146 475 sbyter
1172 394 1350 467 cardinalia,
1365 392 1605 474 presbyterorum
1633 394 1828 458 Cardinalium

1046 496 1145 576 prior,
1166 495 1328 577 praefectus
1356 505 1399 556 est
1426 493 1572 558 Ecclesiae
1596 496 1754 559 athammi
1780 517 1830 579 per

1045 740 1112 790 gem.
1130 727 1178 788 Qui
1195 725 1395 790 obstupetactus
1411 730 1464 775 tam
1481 726 1583 789 ingrata
1599 740 1689 778 rerum
1709 727 1830 790 imagine,

1045 805 1211 857 cardinalem
1227 809 1255 857 at
1270 804 1426 869 Episcopum
1444 809 1483 861 rel
1494 805 1579 856 adhuc
1594 807 1703 870 ignaros
1720 807 1829 861 accitos.

1047 884 1208 948 exprobrata
1232 882 1354 947 paridis,
1376 888 1446 935 misit
1469 887 1495 936 in
1512 897 1664 945 carcerem,
1684 885 1830 948 quaestioni

1046 965 1168 1028 subiecit.
1191 963 1353 1031 bioriendum
1371 976 1429 1014 cum
1447 964 1496 1015 sibi
1512 968 1618 1016 omnino
1641 969 1789 1028 putarent,
1809 970 1831 1016 et

1046 1057 1108 1094 vera
1125 1043 1300 1104 contaminas,
1315 1043 1362 1094 Dei
1378 1046 1496 1095 invenire
1517 1044 1749 1104 misericordiam,
1774 1057 1832 1107 ape·

1046 1136 1124 1176 ruere
1148 1123 1223 1174 brevi
1247 1123 1341 1174 delicta
1359 1126 1456 1174 omnis.
1480 1123 1624 1175 Cardinalis
1641 1135 1832 1173 causam‘suas

1046 1203 1261 1262 machinationis,
1276 1202 1393 1254 dolorem
1411 1205 1520 1266 protulit
1540 1205 1695 1255 imminutae
1712 1214 1778 1253 suae
1794 1202 1830 1253 dl·

1045 1283 1169 1346 quitatis,
1185 1295 1215 1332 ac
1231 1282 1374 1345 potestatis
1391 1284 1525 1347 appetitae
1546 1282 1682 1342 studium,
1704 1280 1740 1331 ob
1758 1294 1830 1345 quan

1045 1363 1130 1426 regias
1146 1362 1324 1412 dissensiones
1349 1374 1455 1424 semper
1479 1365 1671 1424 procuraverat
1694 1365 1749 1410 tam
1777 1374 1829 1410 cum

1043 1439 1142 1500 tratre,
1158 1454 1236 1504 quam
1254 1454 1314 1491 cum
1330 1442 1445 1492 humano
1461 1440 1582 1491 Pontitice
1603 1444 1632 1490 ut
1648 1443 1708 1505 ipse
1720 1441 1830 1491 omniun

1045 1522 1196 1573 moderator
1223 1521 1307 1572 deret.
1329 1523 1460 1583 itecaptas
1477 1520 1657 1571 contessiones
1675 1521 1750 1570 misit
1766 1520 1829 1569 illico

1044 1603 1098 1653 liex
1120 1603 1147 1653 ιι
1169 1602 1328 1653 Britanniam
1351 1600 1385 1651 ad
1408 1600 1538 1659 tratrem,
1553 1603 1582 1650 ιι
1597 1611 1633 1650 ex
1654 1600 1687 1652 iis
1714 1600 1829 1661 videret,

1045 1681 1141 1746 quibus
1168 1680 1364 1732 consultoribus
1382 1693 1444 1731 usus
1465 1680 1567 1731 luisset.
1581 1681 1696 1732 iiediret
1724 1679 1830 1744 proinde

1045 1759 1182 1824 aliquando
1199 1761 1232 1811 ad
1247 1761 1373 1821 tratrem,
1388 1766 1415 1811 et
1432 1762 1465 1812 ad
1491 1763 1625 1824 seipsum:
1641 1761 1715 1823 quud
1738 1761 1829 1810 tactum

1045 1842 1175 1901 acarolo,
1187 1841 1280 1891 iraude
1296 1840 1407 1905 cognita.
1424 1837 1519 1892 homae
1532 1845 1619 1890 autem
1637 1841 1761 1890 nuntiata
1777 1840 1831 1890 Car·
1873 1836 1874 1840 ’

1044 1920 1141 1972 dinalls
1167 1922 1332 1983 captivitate,
1360 1924 1412 1970 tam
1438 1921 1556 1971 miranda
1579 1921 1639 1970 visa
1664 1924 1728 1981 est,
1756 1933 1827 1983 quan

1045 2001 1149 2050 insolita
1165 2000 1235 2063 apud
1252 2000 1348 2049 Gallos.
1365 2001 1418 2051 liex
1435 2014 1468 2051 ne
1485 2000 1629 2058 iniustitiae
1645 2003 1802 2064 culparetur
1816 2014 1828 2050 a

1044 2080 1110 2131 Sede
1122 2080 1280 2142 Apostolica,
1296 2079 1362 2130 duos
1379 2079 1485 2130 miserat
1501 2078 1523 2130 J.
1543 2079 1703 2138 Cossutius,
1722 2072 1773 2130 non
1789 2093 1830 2130 ex·

1044 2159 1176 2210 cusandae
1202 2159 1363 2221 captivitatis
1392 2171 1484 2220 causa,
1505 2159 1553 2211 sed
1578 2160 1688 2223 petendi
1708 2159 1829 2222 ¹jndices,

1044 2240 1088 2300 qui
1104 2250 1119 2288 e
1136 2238 1247 2301 vestigio
1265 2239 1290 2287 in
1314 2238 1409 2288 Gallias
1436 2237 1648 2298 descenderent,
1678 2239 1829 2301 premittens

1044 2319 1148 2369 interim
1175 2317 1304 2381 supplicio
1332 2317 1473 2368 abstinere.
1499 2317 1594 2368 liabito
1621 2323 1772 2382 propterea
1786 2319 1827 2368 llo

1044 2412 1121 2450 meno
1136 2397 1313 2458 consistorio,
1330 2409 1388 2448 cum
1407 2397 1586 2448 Cardinalium
1612 2397 1658 2448 alli
1677 2399 1775 2450 Romae
1790 2398 1829 2446 ha·

1044 2478 1158 2529 bendum
1185 2478 1285 2528 vellent
1303 2477 1451 2540 judicium,
1478 2489 1528 2527 nec
1550 2475 1689 2528 videretur
1712 2479 1739 2527 ιι
1756 2476 1829 2526 callia

1045 2559 1137 2608 haberi
1154 2568 1234 2620 posse
1251 2564 1343 2620 proter
1363 2557 1483 2606 timorem
1503 2551 1586 2618 magni
1603 2556 1703 2618 Regis,
1722 2555 1767 2605 alii
1782 2567 1828 2604 ma·

1043 2628 1121 2701 gnum
1138 2638 1231 2701 Regem
1249 2649 1298 2699 per
1314 2649 1441 2687 summam
1458 2638 1544 2699 legum
1562 2635 1780 2693 observantiam,
1795 2635 1829 2683 ir·

1044 2716 1118 2765 ritarl
1146 2728 1198 2764 non
1224 2718 1349 2778 oportere
1375 2718 1544 2779 assererent=
1561 2715 1594 2764 de
1610 2713 1747 2765 Cardinali
1768 2712 1831 2776 ludi

1043 2796 1111 2846 cium
1129 2796 1226 2846 homae
1243 2798 1395 2858 suspectum
1412 2795 1547 2853 tutorum,
1564 2796 1589 2844 in
1607 2807 1662 2857 quc
1679 2793 1828 2844 cardinales

1043 2868 1192 2938 dignitatem
1218 2875 1316 2937 magis,
1332 2886 1410 2937 quam
1435 2885 1540 2922 causam
1566 2874 1712 2936 inspecturi
1735 2875 1825 2923 essent.

1042 2953 1256 3003 i’rctestahantur
1274 2969 1288 3004 a
1304 2954 1372 3016 llege
1390 2954 1481 3014 missi,
1498 2953 1690 3017 delegationem
1712 2953 1739 3003 in
1754 2952 1829 3002 callia

1044 3037 1237 3095 necessarlum,
1254 3033 1297 3084 uhi
1314 3040 1341 3084 et
1357 3034 1541 3096 probationum
1569 3037 1654 3097 maior
1673 3035 1717 3085 vis
1744 3036 1825 3092 esset,

1044 3116 1070 3162 et
1082 3115 1180 3164 certior
1195 3114 1255 3178 llegi
1271 3114 1347 3165 tieret
1362 3114 1428 3172 iuris
1445 3114 1549 3165 dicendi
1570 3113 1646 3164 tides.
1667 3112 1708 3166 lie
1726 3113 1826 3163 Romam

1044 3194 1246 3244 traducerentur
1263 3197 1312 3253 rei,
1327 3194 1477 3245 certissima
1493 3193 1600 3245 obstare
1617 3194 1751 3257 pericula,
1761 3191 1828 3255 quod

1044 3274 1080 3321 tta
1107 3271 1257 3321 inflammati
1281 3272 1412 3322 Gallorum
1436 3273 1535 3333 animi,
1560 3272 1632 3322 nulla
1649 3272 1677 3321 vl
1695 3270 1825 3335 prohiberi

1042 3355 1165 3416 possent,
1182 3350 1246 3414 quin
1262 3351 1428 3401 membratim
1444 3357 1577 3402 tantorum
1595 3352 1727 3401 hellurum
1744 3353 1829 3399 aucte·

1043 3444 1089 3481 res
1115 3444 1130 3481 a
1158 3443 1187 3481 se
1215 3430 1344 3480 abeuntes
1370 3430 1562 3494 discerperent.
1593 3431 1715 3480 Penestis
1746 3432 1829 3492 itaque

1044 3510 1175 3568 omnihus,
1191 3510 1342 3560 decretum:
1358 3508 1462 3560 ludices
1488 3509 1647 3573 delegandos
1663 3510 1710 3574 qul
1732 3523 1745 3559 a
1766 3509 1828 3571 lisga

1043 3591 1217 3654 impetrarent
1233 3591 1368 3641 livenione
1384 3591 1565 3654 quaestionem
1582 3590 1688 3650 iustrui3
1700 3590 1727 3640 id
1744 3589 1766 3639 si
1782 3587 1827 3636 mi·

1045 3683 1094 3721 nus
1111 3671 1254 3732 impetrare
1270 3670 1406 3728 valerent,
1422 3675 1478 3721 tres
1494 3669 1576 3721 llrhes
1593 3671 1619 3719 in
1636 3670 1719 3720 Gallia
1736 3681 1828 3733 propo·

1045 3754 1139 3800 nerent
1164 3761 1267 3799 summo
1289 3750 1401 3814 imperto
1428 3749 1549 3814 Episcopi
1571 3748 1707 3809 subditas,
1722 3759 1826 3811 quarum

1044 3842 1097 3880 una
1113 3843 1162 3893 per
1178 3830 1272 3893 liegem
1289 3829 1407 3891 delecta,
1422 3831 1457 3881 ad
1473 3820 1592 3881 eamdem
1607 3829 1754 3892 iudicaturi
1770 3839 1827 3877 con·

1044 3910 1188 3970 cederent,
1203 3910 1249 3960 ubi
1267 3911 1292 3959 in
1309 3908 1418 3960 liberam
1435 3910 1582 3960 custodiam
1599 3910 1742 3972 permissis
1758 3908 1827 3956 Prae·
1851 3914 1852 3921 ¹

1046 3991 1124 4049 latis,
1140 3989 1194 4047 ilde·
1207 3993 1314 4051 recepta
1332 3990 1516 4053 acquiescendi
1531 3989 1620 4039 tuturo
1637 3988 1736 4046 iudicio
1754 3987 1796 4036 vel
1806 3987 1826 4035 ln

1045 4068 1164 4118 teserem
1181 4071 1366 4130 captivorum,
1384 4068 1427 4118 vel
1442 4071 1548 4128 contra,
1564 4067 1598 4118 ad
1615 4080 1728 4119 examen
1745 4079 1828 4131 proce

1045 4147 1148 4197 derant.
1165 4146 1245 4209 cutus
1263 4150 1318 4196 acta
1335 4146 1384 4195 suh
1401 4146 1484 4209 sigillo
1499 4147 1606 4197 Romam
1624 4146 1764 4196 mitterent
1775 4157 1827 4208 ape·

1045 4227 1138 4278 rienda
1155 4229 1181 4277 in
1197 4226 1296 4276 Senatu
1310 4223 1502 4283 cardinalium,
1514 4226 1559 4288 qni
1570 4228 1731 4291 sententiam
1743 4227 1826 4287 postea

1045 4308 1211 4375 remitterent
1227 4307 1253 4355 in
1270 4304 1351 4356 Gallia
1363 4302 1559 4366 publicandam.
1574 4304 1674 4355 Delecti
1686 4305 1720 4354 ad
1733 4308 1826 4355 tantum

1044 4399 1110 4448 opus
1136 4385 1211 4435 tuere
1238 4384 1387 4447 Alphunsus
1404 4383 1544 4435 civitensis
1570 4384 1705 4435 Ecclesiae
1725 4381 1825 4436 Praesnl

1044 4468 1070 4516 ln
1086 4464 1232 4528 liispaula,
1256 4464 1345 4514 multis
1362 4463 1438 4514 annis
1462 4464 1558 4514 homae
1579 4465 1783 4526 patrocinandis
1802 4464 1828 4512 li·

1043 4546 1115 4596 tihns
1133 4547 1265 4595 versatus.
1280 4542 1404 4596 Nicotaus
1421 4542 1536 4594 tibaldus
1553 4544 1635 4594 llotae
1651 4544 1765 4594 lluditor
1785 4543 1827 4592 ltc-

1044 4636 1153 4683 manae;
1168 4622 1262 4672 Patrius
1278 4621 1434 4673 Tuscanella
1450 4620 1603 4672 advocatus
1619 4622 1827 4678 Consistorialis,

1044 4706 1072 4753 et
1086 4702 1233 4752 ludovicus
1243 4699 1441 4751 leminlscensis
1457 4713 1509 4749 una
1525 4713 1584 4750 cum
1602 4699 1707 4751 duobus
1719 4702 1828 4762 scripto·

1043 4783 1133 4842 ribus,
1161 4780 1285 4839 adiuncto
1312 4784 1435 4844 tanquam
1452 4780 1566 4830 omnium
1591 4780 1681 4844 auriga
1706 4774 1827 4830 ddissiuc

1042 4861 1153 4912 Falcone
1169 4859 1285 4910 Romano
1308 4859 1441 4909 Sinihaldo
1457 4858 1559 4909 clerico
1575 4858 1702 4910 camerae
1718 4860 1827 4922 Aposto-

1043 4942 1127 5001 llcae,
1143 4940 1187 5004 qni
1204 4938 1308 4989 duabus
1324 4937 1496 5002 legationibus
1512 4937 1618 4988 iunctus
1635 4930 1706 5000 apud
1720 4938 1827 5000 negem,

1043 5024 1120 5086 elque
1136 5024 1239 5085 gratus,
1256 5017 1383 5081 impetum
1400 5017 1519 5080 eiusdem
1541 5017 1617 5080 liegis
1635 5018 1717 5067 lenire
1734 5020 1828 5081 posset.

1042 5100 1110 5161 Quid
1126 5099 1205 5149 tantis
1227 5101 1314 5148 vetum
1330 5096 1504 5160 praemissis?
1520 5109 1572 5146 non
1594 5096 1698 5161 legitur.
1724 5096 1825 5147 certum

1043 5184 1099 5239 est,
1116 5177 1305 5228 virdunensem
1322 5176 1471 5239 conjectum
1488 5177 1514 5225 in
1530 5175 1663 5226 Ballistam
1681 5189 1770 5228 arcem
1786 5176 1827 5225 l’a·

1043 5257 1199 5315 risiensem;
1216 5259 1243 5305 et
1258 5259 1342 5316 (teste
1358 5255 1489 5314 convinco)
1505 5256 1549 5319 qul
1566 5258 1626 5320 ilegi
1644 5263 1738 5310 auctor
1748 5259 1826 5309 tuerat

1043 5338 1188 5391 ferrearum
1205 5336 1378 5400 quarumdem
1395 5348 1552 5398 cavearum,
1570 5338 1716 5393 altitudinis
1741 5340 1825 5391 burna·
