3780 6030
33 262 152 350 (¹⁴⁸⁴)

504 266 787 334 rourtrretrus
808 243 1031 336 tnuoormrn
1053 275 1204 340 ouruvr.

1651 281 1692 340 :iti

80 400 204 460 interim
223 399 259 461 Ii.
281 401 317 461 I).
339 402 501 465 cardinalis
522 405 665 479 Sumnsic,
690 408 836 486 repositis,
904 428 971 471 vam
997 405 1157 488 cappellam
1178 413 1376 492 praedictam,
1395 424 1424 476 et
1452 414 1551 476 sedens
1572 415 1602 474 iu
1626 415 1694 478 sede

37 500 251 561 exienestrella
266 503 414 564 sacristiae
427 503 837 583 parvacjurttaaltaredictac
901 509 1067 589 supradicta
1092 511 1170 571 circu
1191 530 1340 586 mensam,
1369 513 1408 574 ibi
1433 517 1539 576 iterum
1566 517 1691 595 signavit

39 601 190 680 cappellae
208 601 363 675 existentis,
385 605 511 683 tegulis,
531 609 592 668 sire
613 611 750 669 rnattonis
766 609 837 688 qui·

40 701 103 788 hus
126 700 263 762 obturata
293 715 356 764 erat
377 707 518 780 remotis,
539 710 669 788 exposuit
692 728 744 788 per
771 729 836 772 eum

40 818 179 883 crrrcemj
193 803 302 880 populo
332 803 437 866 ibidem
462 808 492 868 iu
518 811 601 869 curia
624 809 732 874 Palatii
762 828 837 870 con·

40 912 176 980 gregato,
197 913 229 962 et
248 920 321 974 voce
341 907 448 983 potenti
470 909 645 972 exclamarit
665 909 781 970 dicensi
795 943 836 956 -·

40 1003 209 1071 Amuucio
220 1005 309 1066 uobis
322 1007 472 1088 pendium
485 1027 636 1090 moquum.
646 1009 767 1089 Pupam
777 1012 838 1071 bu·

44 1102 253 1164 temneret).
267 1102 454 1169 Cordinolis
465 1107 648 1187 Mellitenat'o
661 1111 777 1170 electus
790 1122 837 1172 cst

41 1203 80 1262 irc
97 1222 249 1265 awmmuru
267 1203 462 1283 Pontificem,
479 1219 509 1267 el
528 1210 624 1290 eicqit
642 1210 706 1271 aiht'
726 1228 837 1272 nomen

40 1303 259 1389 Innocentium
272 1296 360 1366 VIII.
373 1337 413 1351 -
425 1307 477 1367 llis
488 1307 726 1382 dictisornnibus,
741 1327 836 1390 popu-

41 1405 85 1462 lus
103 1403 295 1478 acclamavit,
307 1423 463 1486 campanae
485 1408 588 1470 Palatii
606 1422 635 1471 et
653 1411 788 1472 basilicae
803 1411 835 1498 S.

40 1500 119 1563 Petri
132 1521 204 1564 cum
216 1522 322 1583 magna
336 1510 464 1584 potentia
474 1511 604 1588 pulsatae
616 1522 733 1584 sunt,et
748 1530 836 1591 scop-

39 1604 155 1682 petterii
193 1605 339 1668 custodiae
368 1607 472 1669 Palatii
496 1601 532 1669 ‘in
562 1611 746 1691 triumphum
776 1614 837 1673 siue

38 1702 253 1766 intermissione
290 1720 455 1788 scoppettos
486 1723 623 1773 oneratos
657 1715 839 1786 emiserunt,

38 1822 196 1883 quousque
216 1807 326 1878 clectus
345 1807 532 1873 Pontiisxex
552 1813 669 1873 basilica
689 1812 836 1893 praedicta

38 1903 74 1962 ad
93 1903 243 1972 Palatium
262 1906 403 1971 rediisset.
469 1947 473 1957 ·

80 2004 263 2085 subscriptis
281 2026 334 2086 per
356 2008 468 2070 dictum
484 2010 666 2085 Porttibcem,
687 2026 837 2094 utsupra,

41 2108 196 2186 capitulis,
226 2110 392 2188 propositae
420 2111 474 2171 sibi
495 2113 621 2174 luerunt·
635 2117 744 2177 multae
764 2135 838 2195 sup·

42 2207 213 2284 plicationas
244 2228 302 2288 -per
337 2209 402 2271 titt.
434 2211 497 2272 DI).
532 2214 723 2289 cardinales,
764 2212 838 2295 quas

40 2325 139 2369 mittes
154 2308 218 2369 Sua
233 2308 378 2372 Sanctitas
393 2311 586 2390 indifferenter
596 2317 705 2394 absque
717 2319 835 2379 illarum

40 2408 215 2487 inspectione
233 2410 369 2489 signavit.
382 2400 458 2472 Tum
473 2414 618 2480 Sanctitas
639 2416 700 2476 Suu
717 2408 837 2480 intrarit

42 2528 164 2590 Wam
184 2509 345 2573 sacristiam
361 2513 554 2592 praedictam,
565 2517 594 2576 iri
609 2534 666 2594 qua
682 2517 838 2579 adiaconis

42 2609 244 2672 Cardinalihus
255 2611 311 2675 tuit
323 2615 457 2675 omnibus
472 2612 533 2675 suis
548 2619 722 2681 vestimentis
733 2632 838 2680 excitus

43 2711 212 2795 moestitias
227 2713 459 2790 praedecessoris
470 2718 514 2776 sui
531 2717 609 2778 stan
624 2719 719 2798 Papae
729 2718 838 2788 Quarti

44 2812 171 2885 indutus,
185 2831 260 2889 quae
273 2812 380 2875 ibidem
395 2815 621 2894 persaeristam
633 2831 733 2897 paratu
745 2832 840 2893 erant,

44 2913 152 2973 scilicet
172 2913 290 2990 murias,
310 2912 434 2992 diploide
453 2935 488 2976 ex
502 2919 732 2992 setonino.„albo,
749 2931 839 3001 veste,

46 3023 71 3071 ct
89 3011 189 3090 sarpta
210 3012 276 3072 atho
298 3011 365 3086 bin,
388 3032 447 3078 uuo
464 3018 528 3095 pari
548 3018 712 3096 caligarum
727 3021 838 3081 rubea-

47 3129 111 3171 rum
135 3112 238 3182 roseti,
260 3115 364 3174 calceis
384 3098 418 3175 eit
439 3133 535 3194 pantio
556 3129 654 3179 rosato
675 3137 743 3180 euru
763 3137 837 3192 cru·

45 3210 124 3270 cibus
146 3209 272 3289 desuper
294 3216 322 3272 in
344 3214 463 3274 modum
489 3216 698 3291 sandaliorum,
719 3221 840 3298 cingulo

44 3316 203 3376 cremesino
225 3331 294 3377 cum
315 3316 495 3377 iornimeutis
520 3335 554 3377 er
577 3336 655 3379 auro
676 3322 837 3392 massionis,

44 3414 190 3487 rochetto,
207 3414 328 3487 amictu,
347 3415 423 3488 alba,
445 3416 581 3493 cingulo,
600 3430 631 3478 et
649 3422 724 3483 stola
744 3420 838 3482 rubea

44 3513 167 3590 pr'etiosa
194 3532 262 3575 curn
282 3516 369 3593 perlis
379 3538 390 3588 ;
407 3515 448 3577 sic
465 3526 583 3595 paratus
604 3508 743 3579 rediitad
765 3539 837 3599 par·

45 3779 230 3827 authoritatem
255 3784 393 3840 praestare
417 3781 494 3851 alicui
523 3784 599 3833 alteri
624 3798 775 3846 personae,
807 3793 835 3838 ut

45 3856 177 3917 promissa
204 3855 287 3905 officia
311 3871 358 3907 sen
377 3858 503 3909 beneficia
525 3863 601 3912 alteri
618 3865 833 3927 contribuantur‚

47 3937 95 3985 nisi
110 3937 201 3986 sotum
220 3940 246 3984 et
262 3936 402 3988 dumtaxat
419 3941 483 3998 ipsis
502 3940 566 3990 solis
587 3941 692 3992 civibus
712 3944 835 3996 ltomauis

49 4014 183 4064 idoneis.»
200 4040 229 4052 ·-
240 4013 333 4076 Papam
346 4017 455 4078 insuper
469 4018 624 4083 promisisse
641 4033 721 4083 super
738 4024 787 4073 hac
804 4036 833 4074 re

48 4089 142 4141 buttem
156 4093 317 4157 emissurum
328 4078 485 4154 plumbatam
499 4099 526 4144 et
537 4099 754 4159 consistorialem,
765 4085 833 4150 idem

47 4166 178 4221 luiessnra
195 4174 284 4219 certos
302 4184 349 4220 nos
366 4173 464 4222 reddit.
481 4195 490 4216 ·
509 4173 574 4224 Dum
588 4164 683 4238 tamea,
701 4179 835 4243 subiungit

47 4255 146 4308 auctor,
159 4252 215 4298 ista
228 4249 310 4309 huila,
326 4255 354 4300 nt
371 4255 559 4315 praemittitur,
570 4254 654 4314 tieret,
670 4267 834 4312 vacaverunt

46 4327 92 4379 (lto
108 4329 286 4386 canonicatus
301 4328 580 4393 holocaustomatum
595 4348 644 4397 per
661 4328 783 4404 mortam,
799 4342 837 4390 al·

48 4410 82 4457 ter
99 4421 149 4470 per
168 4409 382 4479 resignationem,
393 4424 460 4474 quos
478 4414 592 4474 ipsemet
608 4416 752 4466 contribuit
768 4418 835 4468 duo·

49 4485 94 4537 hus
108 4488 273 4546 forensibus,
284 4489 317 4538 de
329 4486 450 4540 districtu
465 4497 551 4541 tamen
570 4491 655 4548 Urbis.
667 4495 764 4559 quihus
776 4511 834 4547 cum

47 4558 256 4617 conservatores
274 4571 305 4625 etx
323 4566 449 4619 officiales
474 4564 670 4635 repugnarent,
688 4558 777 4625 voluit
790 4580 836 4628 eos

48 4648 128 4709 recipi
145 4652 282 4708 tamquam
291 4648 368 4697 circs
379 4652 405 4698 et
423 4651 459 4699 ita
471 4652 607 4702 mandavit
620 4674 641 4701 ι.
652 4640 837 4719 l’ostaaaddit,

48 4723 142 4781 bullam
156 4727 319 4787 hisincisam
337 4739 401 4777 vers
418 4729 557 4790 cedidisse,
566 4734 613 4783 sed
629 4745 687 4784 cum
701 4736 748 4785 hac
759 4737 838 4786 dimi·

48 4810 173 4866 cutione,
190 4805 314 4855 videlicet
337 4806 406 4870 quod
428 4809 584 4859 reservabat
606 4813 655 4861 sihi
679 4819 836 4876 potestaten

48 4872 209 4936 concedendi
223 4884 343 4933 abbatias
360 4883 435 4934 Urbis
453 4887 486 4935 ad
504 4880 578 4937 suum
603 4892 744 4951 placitum
760 4898 786 4942 et
804 4908 836 4943 ex

50 4962 115 5015 hotta
139 4964 261 5027 originali
286 4959 417 5026 primissa
433 4964 594 5027 deleri'lecit
611 4969 693 5019 verbe
717 4971 776 5034 fillis
793 4972 839 5023 Ito·

49 5056 202 5102 menni.
218 5057 278 5094 cum
303 5057 355 5107 quo
378 5045 558 5106 intelligebat*
569 5050 691 5100 conterre
713 5051 839 5106 bacchata

50 5128 122 5183 aliam
142 5138 196 5175 uon
213 5126 328 5183 civibus,
339 5124 482 5174 dummodo
494 5131 698 5187 acceptareutur
709 5142 758 5191 pru
774 5132 839 5185 ciri·

50 5202 102 5254 hus.
123 5203 259 5266 Quidquid
278 5203 312 5252 de
330 5204 444 5263 becalt,
468 5204 583 5254 dubitari
606 5219 658 5256 non
674 5213 762 5269 potest
778 5211 839 5272 quin

51 5280 196 5346 huiusmodi
214 5283 344 5332 heneilcia
371 5294 498 5333 concessa
516 5284 616 5334 revera
628 5300 680 5336 nou
696 5288 794 5338 tuerint
806 5289 838 5339 ad

51 5361 175 5415 iontiticts
192 5363 407 5426 beneplacitum,
420 5352 500 5412 ¹etiam
518 5364 622 5415 cirthns
640 5379 691 5418 non
708 5370 839 5427 itomanim

902 609 1123 692 supplicationes
1142 630 1194 691 per
1209 611 1377 677 cardinales
1393 627 1421 676 et
1434 617 1623 678 conclavista's
1637 619 1690 678 sibi

901 720 1065 786 porrectas,
1081 728 1117 770 ac
1138 712 1270 776 rotulum
1291 715 1535 789 conclavistarum
1565 736 1617 795 per
1644 735 1690 778 me

902 805 941 867 ibi
959 809 1157 887 propositum3
1173 812 1256 873 cuius
1272 823 1355 875 tenor
1373 816 1438 875 talis
1455 827 1537 878 mat:

944 908 1088 971 wbiotu
1115 911 1246 990 proprio.
1274 911 1393 973 Dilectis
1421 911 1487 974 filiis
1510 915 1692 975 conclavistis

902 999 1109 1082 infrascriptis,
1138 1007 1188 1081 qui
1210 1005 1237 1063 ln
1259 1007 1392 1068 conclavi
1413 1009 1614 1088 amirmptiouis
1634 1025 1690 1070 no·

902 1112 979 1163 strae
1003 1101 1040 1161 ad
1064 1103 1175 1182 apicem
1190 1108 1301 1191 „summi
1322 1106 1517 1186 pontificatus,
1544 1127 1595 1169 scu
1617 1128 1691 1188 apo·

901 1203 1023 1263 stolatus
1044 1204 1261 1279 iuterfuerunt,
1278 1206 1429 1286 specialem
1450 1211 1574 1288 gratiam
1595 1210 1692 1270 iacere

903 1304 1042 1376 volentes,
1056 1305 1121 1384 ipsis
1137 1324 1252 1366 omnem
1268 1308 1471 1386 supellectilem
1489 1328 1621 1382 cameras
1636 1326 1691 1370 no·

902 1413 979 1466 strae
994 1405 1149 1479 conclavis,
1161 1424 1278 1480 aurum,
1289 1420 1454 1486 argentum,
1468 1409 1569 1491 libros,
1587 1420 1692 1481 vestes,

903 1517 931 1565 at
952 1524 1153 1584 quascumque
1168 1527 1218 1568 res
1233 1510 1358 1582 alienet
1377 1509 1451 1571 hona
1469 1522 1578 1582 nostra,
1599 1508 1690 1568 nihilo

902 1603 1036 1685 dempto,
1066 1624 1141 1683 quae
1161 1606 1198 1668 ad
1219 1607 1329 1670 dictum
1351 1612 1512 1671 conclavim
1538 1621 1689 1690 apportata

903 1704 1031 1779 luerunt,
1045 1707 1196 1779 donamus,
1210 1718 1239 1768 et
1253 1720 1352 1788 sponte
1362 1711 1533 1788 elargimur.
1550 1709 1689 1773 Similiter
1725 1783 1728 1793 Ι

901 1817 930 1868 ct
941 1811 1038 1889 omnia
1053 1809 1209 1886 lignamina
1224 1810 1378 1870 conclavis.
1395 1811 1477 1884 Item,
1492 1810 1621 1870 similiter
1633 1809 1690 1871 do-

902 1927 1004 1970 namus
1027 1909 1145 1971 cuilibet
1155 1928 1194 1970 ert
1201 1910 1280 1989 ipsis,
1295 1921 1324 1971 et
1339 1907 1403 1970 dari
1417 1912 1551 1972 volumus
1563 1911 1691 1988 quiaque

902 2029 1007 2083 cannas
1025 2011 1110 2090 pauni
1129 2007 1204 2071 rosei
1225 2008 1286 2083 bui,
1304 2009 1408 2088 quibus
1422 2030 1452 2071 se
1466 2014 1594 2072 vestiant.
1606 2011 1691 2083 itam,

902 2109 1083 2182 ululaborum
1096 2126 1218 2177 suorum
1230 2111 1392 2188 praemium
1405 2112 1541 2189 aliquale,
1557 2123 1586 2172 st
1599 2112 1691 2173 meri·

903 2224 964 2273 tum
976 2222 1203 2289 consequuntur,
1211 2213 1277 2291 ipsis
1285 2213 1316 2275 ln
1327 2230 1480 2281 commune
1494 2223 1606 2291 sponte,
1615 2223 1644 2272 et
1656 2230 1691 2274 cx

902 2325 982 2383 certia
993 2323 1092 2395 nostra
1104 2311 1222 2374 scientia
1234 2324 1461 2384 reservamus,et
1472 2324 1620 2375 rescrmto
1630 2331 1690 2373 esse

903 2414 1053 2483 volumus,
1075 2423 1104 2484 et
1124 2412 1307 2477 decernimus
1325 2413 1383 2497 duo
1401 2412 1493 2474 officia
1513 2412 1689 2490 scriptorum

903 2514 1133 2591 apostolicorum
1143 2513 1190 2570 -de
1205 2513 1238 2572 lo
1255 2531 1365 2591 prosto
1381 2522 1556 2591 utrocupata,
1575 2512 1693 2589 siquae

904 2627 1008 2677 uacant
1037 2616 1074 2676 ad
1100 2635 1255 2696 praesens„
1274 2618 1401 2695 alioquin
1419 2618 1514 2697 primo
1540 2619 1691 2686 vacatura,

903 2735 970 2776 cum
981 2717 1115 2777 ornraihns
1125 2727 1154 2778 et
1165 2717 1284 2796 singulis
1299 2718 1356 2785 suis
1369 2717 1527 2779 honoribus
1537 2728 1566 2778 et
1576 2718 1706 2778 emolu·-

903 2817 1006 2887 mentis
1016 2818 1160 2879 consuetis
1174 2817 1317 2891 omnibus,
1326 2818 1363 2877 ad
1378 2803 1546 2883 electitiuem
1560 2821 1690 2898 ipsorum

903 2919 993 2980 libere
1010 2917 1119 2995 absque
1134 2918 1232 2995 aliqua
1246 2905 1399 2987 solatione,
1418 2937 1468 2980 seu
1484 2918 1691 2999 compositione

904 3038 972 3080 cum
999 3019 1121 3078 Datario
1139 3018 1393 3097 supplicationum,
1415 3037 1465 3096 per
1489 3037 1557 3091 nus,
1581 3038 1632 3079 seu
1657 3019 1693 3080 de

905 3118 1184 3189 mandatonustro,
1210 3128 1260 3177 aut
1288 3118 1316 3176 in
1342 3118 1501 3196 praeseutia
1525 3107 1623 3178 nostra
1650 3119 1692 3176 si-

904 3219 1098 3298 gnandas-um,
1120 3228 1172 3278 aut
1192 3235 1377 3295 quocumque
1399 3218 1618 3291 attelanensis,
1639 3237 1692 3296 par

904 3339 956 3381 rios
972 3318 1153 3381 conterenda.
1169 3319 1252 3392 item,
1267 3316 1366 3379 iisdem
1376 3302 1559 3391 omnibus,st
1570 3319 1692 3397 singulis

902 3422 1074 3500 ampliorem
1091 3420 1216 3499 gratiam
1231 3418 1329 3482 tacere
1347 3422 1484 3495 volentes,
1499 3431 1581 3481 motu
1596 3419 1694 3492 simili,

904 3538 1011 3593 unum,
1025 3520 1108 3593 duo,
1131 3522 1175 3582 vel
1199 3523 1254 3582 tria
1275 3519 1463 3594 beneficium,
1484 3540 1535 3582 seu
1556 3515 1692 3582 ceneten

907 3674 933 3680 ο·
938 3677 974 3684 .-
992 3677 998 3682 -
1004 3671 1062 3684 ⁴--.
1073 3666 1530 3687 ..-mm-md..
1534 3678 1686 3685 ›um-„c

903 3782 952 3831 sed
963 3794 994 3831 ne
1006 3782 1046 3831 lex
1061 3780 1196 3831 videretur
1208 3781 1335 3852 neglecta,
1344 3783 1369 3831 in
1381 3781 1440 3830 albo
1453 3779 1549 3830 civium
1565 3781 1694 3829 Romano·

903 3872 960 3908 rum
977 3859 1045 3921 Papa
1062 3859 1183 3908 adnotari
1200 3858 1313 3921 jubebat
1329 3859 1364 3908 ad
1378 3859 1507 3909 beneficia
1523 3858 1695 3920 designamur

903 3943 930 3988 et
942 3939 1052 3990 decreto
1072 3938 1208 3993 constituit
1218 3937 1242 3987 S.
1254 3936 1282 3993 it.
1298 3936 1327 3987 li.
1341 3936 1495 3991 Cardinaics
1508 3948 1610 3995 omnes,
1620 3938 1694 3986 cives

903 4019 1032 4069 humanos
1041 4031 1110 4068 esse.
1125 4010 1209 4080 super
1220 4017 1326 4080 quibus,
1336 4017 1408 4066 circs
1419 4020 1446 4065 et
1462 4016 1607 4076 scriptores
1617 4012 1695 4065 Urbis

903 4100 967 4147 satis
990 4109 1123 4160 superque
1150 4097 1363 4151 conclamarunt,
1380 4092 1497 4141 fraudem
1524 4092 1573 4152 tegi
1598 4090 1694 4140 tactam

901 4175 993 4226 tuisse.
1004 4176 1036 4225 lt
1049 4187 1099 4223 uon
1109 4175 1168 4235 jure
1179 4165 1352 4235 conqueritur
1360 4172 1521 4232 (infessurat,
1531 4170 1620 4220 subdit
1629 4171 1695 4234 Ray·

903 4257 1006 4314 ualdus,
1017 4253 1137 4304 iraudem
1147 4255 1185 4302 'ita
1198 4252 1293 4301 iactam
1304 4252 1338 4299 ab
1349 4250 1501 4302 innocentio
1513 4252 1572 4315 tegi,
1583 4250 1631 4302 ssd
1641 4255 1697 4301 ani·

904 4333 1123 4386 madvertcudum
1140 4344 1197 4381 eam
1214 4344 1266 4380 aon
1285 4331 1367 4394 legem
1384 4331 1477 4391 tuisse,
1491 4332 1540 4382 sed
1555 4333 1696 4392 corrupte·

903 4413 954 4461 inm
974 4412 1107 4462 inductam
1124 4411 1157 4459 ad
1174 4409 1333 4472 pontificiam
1354 4416 1512 4473 potestatem
1532 4412 1695 4483 labetactan-

903 4491 1199 4554 damzquanduquidem.
1211 4503 1258 4542 nec
1271 4492 1381 4552 Regibus
1391 4491 1605 4550 vetCacsaribus,
1614 4492 1694 4540 multo

905 4572 989 4622 miuus
1006 4570 1115 4619 urbanis
1127 4570 1323 4632 magistralibus
1335 4571 1406 4626 iicet,
1416 4568 1549 4619 Ecclesiae
1565 4567 1695 4631 guberna·
1797 4559 1809 4582 ⁹

904 4653 962 4701 outa
979 4653 1121 4711 accepturo
1134 4661 1237 4699 summo
1253 4647 1369 4698 Pontihci
1392 4650 1463 4710 tages
1480 4648 1512 4698 de
1524 4645 1695 4697 conterendis

905 4728 1062 4797 sacerdotiis
1078 4730 1222 4794 imponere.
1234 4727 1378 4777 Sententiis
1395 4726 1511 4779 dirersis
1528 4726 1697 4784 relatis,uni·

904 4812 998 4872 cuique
1011 4809 1147 4869 judicium·
1163 4806 1214 4856 Sed
1230 4812 1303 4857 certe
1316 4806 1471 4866 mirandum,
1482 4804 1644 4864 cardinales,
1656 4805 1696 4855 le·

907 4889 982 4951 gibus
992 4887 1157 4947 adstringere
1168 4885 1281 4934 voluisse
1295 4884 1441 4935 Pontitlcem
1453 4884 1578 4941 laturum,
1589 4895 1649 4932 cnm
1660 4894 1694 4933 ex

907 4968 976 5018 bulla
993 4961 1140 5016 iunocentii
1154 4965 1236 5022 sexti,
1252 4954 1279 5013 ct
1299 4976 1333 5013 ex
1347 4964 1408 5026 jure
1425 4961 1557 5025 pontificio
1574 4964 1695 5018 contrabi

907 5050 1022 5110 nequeat
1035 5043 1163 5094 Pontiticis
1180 5043 1336 5102 authoritas,
1355 5047 1382 5092 et
1398 5042 1562 5102 Gardiuatcs,
1577 5041 1698 5098 Ecclesia

907 5128 1014 5178 viduata
1031 5124 1146 5181 Pastore,
1163 5119 1232 5172 auita
1251 5122 1300 5170 alia
1318 5124 1477 5172 authoritate
1494 5121 1620 5184 polleant,
1639 5122 1694 5172 nisi

908 5206 985 5256 dandi
1003 5217 1100 5255 norum
1117 5202 1179 5253 Orhi
1196 5202 1345 5252 Antistitam
1358 5221 1366 5260 3
1380 5206 1410 5268 ,et
1427 5205 1468 5251 cst
1484 5200 1539 5253 lece
1557 5201 1696 5263 inexplica-

907 5286 970 5345 bile,
987 5284 1128 5347 Cnilegium
1145 5281 1319 5332 cardinalium
1337 5282 1362 5331 in
1380 5281 1465 5332 bullas
1482 5287 1509 5331 et
1529 5281 1694 5332 constitutio·

908 5378 955 5417 nes
971 5364 1123 5414 l’ontitlcum
1139 5364 1315 5424 conspirasse.
