<?xml version="1.0" encoding="UTF-8"?>
<!DOCTYPE html PUBLIC "-//W3C//DTD XHTML 1.0 Transitional//EN"
    "http://www.w3.org/TR/xhtml1/DTD/xhtml1-transitional.dtd">
<html xmlns="http://www.w3.org/1999/xhtml" xml:lang="en" lang="en">
 <head>
  <title>
</title>
<meta http-equiv="Content-Type" content="text/html;charset=utf-8" />
  <meta name='ocr-system' content='tesseract 3.04.00' />
  <meta name='ocr-capabilities' content='ocr_page ocr_carea ocr_par ocr_line ocrx_word'/>
</head>
<body>
  <div class='ocr_page' id='page_1' title='image "./johannisburchar00genngoog/johannisburchar00genngoog_0317.png"; bbox 0 0 3758 6030; ppageno 0'>
   <div class='ocr_carea' id='block_1_1' title="bbox 182 241 1330 312">
    <p class='ocr_par' dir='ltr' id='par_1_1' title="bbox 182 241 1330 312">
     <span class='ocr_line' id='line_1_1' title="bbox 182 241 1330 312; baseline 0.005 -9"><span class='ocrx_word' id='word_1_1' title='bbox 182 241 247 307; x_wconf 82' lang='lat' dir='ltr'>tut</span> <span class='ocrx_word' id='word_1_2' title='bbox 653 241 939 310; x_wconf 68' lang='lat' dir='ltr'>tonsurandus</span> <span class='ocrx_word' id='word_1_3' title='bbox 957 246 1180 311; x_wconf 65' lang='lat' dir='ltr'>numanum</span> <span class='ocrx_word' id='word_1_4' title='bbox 1203 250 1330 312; x_wconf 81' lang='lat' dir='ltr'>SEXTl.</span> 
     </span>
    </p>
   </div>
   <div class='ocr_carea' id='block_1_2' title="bbox 181 378 973 3781">
    <p class='ocr_par' dir='ltr' id='par_1_2' title="bbox 181 378 972 662">
     <span class='ocr_line' id='line_1_2' title="bbox 181 378 972 466; baseline 0.003 -23"><span class='ocrx_word' id='word_1_5' title='bbox 181 383 284 444; x_wconf 84' lang='lat' dir='ltr'>minus</span> <span class='ocrx_word' id='word_1_6' title='bbox 309 381 492 451; x_wconf 79' lang='lat' dir='ltr'>uobiscum,</span> <span class='ocrx_word' id='word_1_7' title='bbox 518 379 652 441; x_wconf 85' lang='lat' dir='ltr'>Initium</span> <span class='ocrx_word' id='word_1_8' title='bbox 680 378 795 441; x_wconf 79' lang='lat' dir='ltr'><strong><em>Sancti</em></strong></span> <span class='ocrx_word' id='word_1_9' title='bbox 820 382 972 466; x_wconf 80' lang='lat' dir='ltr'>annpe·</span> 
     </span>
     <span class='ocr_line' id='line_1_3' title="bbox 183 479 969 563; baseline -0.001 -18"><span class='ocrx_word' id='word_1_10' title='bbox 183 481 225 546; x_wconf 89' lang='lat' dir='ltr'>lii</span> <span class='ocrx_word' id='word_1_11' title='bbox 250 495 304 544; x_wconf 91' lang='lat' dir='ltr'>etc.</span> <span class='ocrx_word' id='word_1_12' title='bbox 327 482 423 562; x_wconf 87' lang='lat' dir='ltr'>signat</span> <span class='ocrx_word' id='word_1_13' title='bbox 438 480 552 553; x_wconf 87' lang='lat' dir='ltr'>altare,</span> <span class='ocrx_word' id='word_1_14' title='bbox 570 489 601 540; x_wconf 88' lang='lat' dir='ltr'>et</span> <span class='ocrx_word' id='word_1_15' title='bbox 615 479 654 540; x_wconf 92' lang='lat' dir='ltr'>ibi</span> <span class='ocrx_word' id='word_1_16' title='bbox 668 479 859 560; x_wconf 83' lang='lat' dir='ltr'>Evangelium</span> <span class='ocrx_word' id='word_1_17' title='bbox 875 484 969 563; x_wconf 91' lang='lat' dir='ltr'>ipsum</span> 
     </span>
     <span class='ocr_line' id='line_1_4' title="bbox 182 580 306 662; baseline -0.016 -18"><span class='ocrx_word' id='word_1_18' title='bbox 182 580 306 662; x_wconf 89' lang='lat' dir='ltr'>perlicit.</span> 
     </span>
    </p>

    <p class='ocr_par' dir='ltr' id='par_1_3' title="bbox 183 681 973 1874">
     <span class='ocr_line' id='line_1_5' title="bbox 225 681 971 763; baseline 0.004 -22"><span class='ocrx_word' id='word_1_19' title='bbox 225 681 286 742; x_wconf 80' lang='lat' dir='ltr'>Rex</span> <span class='ocrx_word' id='word_1_20' title='bbox 312 683 428 743; x_wconf 90' lang='lat' dir='ltr'>interim</span> <span class='ocrx_word' id='word_1_21' title='bbox 449 682 558 761; x_wconf 89' lang='lat' dir='ltr'>accipit</span> <span class='ocrx_word' id='word_1_22' title='bbox 579 700 741 756; x_wconf 89' lang='lat' dir='ltr'>coronam,</span> <span class='ocrx_word' id='word_1_23' title='bbox 762 693 921 763; x_wconf 76' lang='lat' dir='ltr'>sceptrum,</span> <span class='ocrx_word' id='word_1_24' title='bbox 942 694 971 746; x_wconf 91' lang='lat' dir='ltr'>et</span> 
     </span>
     <span class='ocr_line' id='line_1_6' title="bbox 183 783 971 863; baseline 0.001 -20"><span class='ocrx_word' id='word_1_25' title='bbox 183 802 313 862; x_wconf 90' lang='lat' dir='ltr'>pomum;</span> <span class='ocrx_word' id='word_1_26' title='bbox 329 783 457 846; x_wconf 89' lang='lat' dir='ltr'>ascendit</span> <span class='ocrx_word' id='word_1_27' title='bbox 473 783 509 842; x_wconf 91' lang='lat' dir='ltr'>ad</span> <span class='ocrx_word' id='word_1_28' title='bbox 530 801 703 863; x_wconf 88' lang='lat' dir='ltr'>supremum</span> <span class='ocrx_word' id='word_1_29' title='bbox 718 785 843 863; x_wconf 84' lang='lat' dir='ltr'>gradum</span> <span class='ocrx_word' id='word_1_30' title='bbox 859 784 971 859; x_wconf 88' lang='lat' dir='ltr'>altaris,</span> 
     </span>
     <span class='ocr_line' id='line_1_7' title="bbox 186 884 971 966; baseline 0 -21"><span class='ocrx_word' id='word_1_31' title='bbox 186 884 361 964; x_wconf 80' lang='lat' dir='ltr'>genuflectit.</span> <span class='ocrx_word' id='word_1_32' title='bbox 385 884 523 963; x_wconf 74' lang='lat' dir='ltr'>legatus,</span> <span class='ocrx_word' id='word_1_33' title='bbox 543 886 668 964; x_wconf 89' lang='lat' dir='ltr'>acceptis</span> <span class='ocrx_word' id='word_1_34' title='bbox 684 885 887 966; x_wconf 78' lang='lat' dir='ltr'><strong>corporalibus</strong></span> <span class='ocrx_word' id='word_1_35' title='bbox 906 904 971 945; x_wconf 91' lang='lat' dir='ltr'>am·</span> 
     </span>
     <span class='ocr_line' id='line_1_8' title="bbox 184 984 971 1058; baseline 0 -13"><span class='ocrx_word' id='word_1_36' title='bbox 184 984 276 1046; x_wconf 81' lang='lat' dir='ltr'>bubus</span> <span class='ocrx_word' id='word_1_37' title='bbox 291 986 435 1046; x_wconf 89' lang='lat' dir='ltr'>manibus.</span> <span class='ocrx_word' id='word_1_38' title='bbox 447 998 475 1046; x_wconf 89' lang='lat' dir='ltr'>et</span> <span class='ocrx_word' id='word_1_39' title='bbox 492 986 549 1046; x_wconf 88' lang='lat' dir='ltr'>illis</span> <span class='ocrx_word' id='word_1_40' title='bbox 566 986 709 1046; x_wconf 89' lang='lat' dir='ltr'>indicibus</span> <span class='ocrx_word' id='word_1_41' title='bbox 728 986 823 1046; x_wconf 90' lang='lat' dir='ltr'>medio</span> <span class='ocrx_word' id='word_1_42' title='bbox 840 987 971 1058; x_wconf 78' lang='lat' dir='ltr'>estensis,</span> 
     </span>
     <span class='ocr_line' id='line_1_9' title="bbox 183 1087 972 1167; baseline 0.004 -22"><span class='ocrx_word' id='word_1_43' title='bbox 183 1087 212 1146; x_wconf 93' lang='lat' dir='ltr'>iu</span> <span class='ocrx_word' id='word_1_44' title='bbox 228 1087 345 1146; x_wconf 89' lang='lat' dir='ltr'>modum</span> <span class='ocrx_word' id='word_1_45' title='bbox 361 1087 590 1147; x_wconf 87' lang='lat' dir='ltr'>semirotuudum</span> <span class='ocrx_word' id='word_1_46' title='bbox 607 1087 736 1166; x_wconf 75' lang='lat' dir='ltr'><strong>plicatis,</strong></span> <span class='ocrx_word' id='word_1_47' title='bbox 751 1090 799 1149; x_wconf 93' lang='lat' dir='ltr'>illa</span> <span class='ocrx_word' id='word_1_48' title='bbox 816 1089 878 1167; x_wconf 89' lang='lat' dir='ltr'>regi</span> <span class='ocrx_word' id='word_1_49' title='bbox 900 1107 972 1167; x_wconf 89' lang='lat' dir='ltr'>por·</span> 
     </span>
     <span class='ocr_line' id='line_1_10' title="bbox 184 1187 972 1265; baseline 0.001 -20"><span class='ocrx_word' id='word_1_50' title='bbox 184 1187 256 1265; x_wconf 86' lang='lat' dir='ltr'>rigit</span> <span class='ocrx_word' id='word_1_51' title='bbox 286 1187 463 1260; x_wconf 77' lang='lat' dir='ltr'>osculanda3</span> <span class='ocrx_word' id='word_1_52' title='bbox 489 1199 551 1246; x_wconf 92' lang='lat' dir='ltr'>tum</span> <span class='ocrx_word' id='word_1_53' title='bbox 587 1187 743 1261; x_wconf 87' lang='lat' dir='ltr'>dextrum,</span> <span class='ocrx_word' id='word_1_54' title='bbox 777 1188 875 1249; x_wconf 87' lang='lat' dir='ltr'>deinde</span> <span class='ocrx_word' id='word_1_55' title='bbox 899 1188 972 1246; x_wconf 90' lang='lat' dir='ltr'>sini-</span> 
     </span>
     <span class='ocr_line' id='line_1_11' title="bbox 184 1288 972 1370; baseline 0.004 -23"><span class='ocrx_word' id='word_1_56' title='bbox 184 1300 278 1348; x_wconf 87' lang='lat' dir='ltr'>strum</span> <span class='ocrx_word' id='word_1_57' title='bbox 311 1291 411 1348; x_wconf 86' lang='lat' dir='ltr'>oculos</span> <span class='ocrx_word' id='word_1_58' title='bbox 445 1288 534 1367; x_wconf 84' lang='lat' dir='ltr'>Regis</span> <span class='ocrx_word' id='word_1_59' title='bbox 564 1289 676 1367; x_wconf 88' lang='lat' dir='ltr'>tangit,</span> <span class='ocrx_word' id='word_1_60' title='bbox 711 1302 739 1350; x_wconf 87' lang='lat' dir='ltr'>et</span> <span class='ocrx_word' id='word_1_61' title='bbox 771 1289 844 1370; x_wconf 87' lang='lat' dir='ltr'>Regi</span> <span class='ocrx_word' id='word_1_62' title='bbox 867 1293 972 1352; x_wconf 90' lang='lat' dir='ltr'>iterum</span> 
     </span>
     <span class='ocr_line' id='line_1_12' title="bbox 184 1392 971 1472; baseline -0.003 -20"><span class='ocrx_word' id='word_1_63' title='bbox 184 1392 312 1472; x_wconf 86' lang='lat' dir='ltr'>porrigit</span> <span class='ocrx_word' id='word_1_64' title='bbox 332 1392 510 1453; x_wconf 90' lang='lat' dir='ltr'>osculanda:</span> <span class='ocrx_word' id='word_1_65' title='bbox 540 1393 656 1452; x_wconf 78' lang='lat' dir='ltr'>densum</span> <span class='ocrx_word' id='word_1_66' title='bbox 679 1411 747 1453; x_wconf 93' lang='lat' dir='ltr'>cum</span> <span class='ocrx_word' id='word_1_67' title='bbox 759 1393 837 1472; x_wconf 80' lang='lat' dir='ltr'>’ipsis</span> <span class='ocrx_word' id='word_1_68' title='bbox 857 1394 971 1471; x_wconf 88' lang='lat' dir='ltr'>signum</span> 
     </span>
     <span class='ocr_line' id='line_1_13' title="bbox 184 1493 973 1574; baseline -0.004 -20"><span class='ocrx_word' id='word_1_69' title='bbox 184 1493 289 1554; x_wconf 87' lang='lat' dir='ltr'>Crucis</span> <span class='ocrx_word' id='word_1_70' title='bbox 310 1513 397 1573; x_wconf 89' lang='lat' dir='ltr'>super</span> <span class='ocrx_word' id='word_1_71' title='bbox 420 1493 529 1572; x_wconf 89' lang='lat' dir='ltr'>Regem</span> <span class='ocrx_word' id='word_1_72' title='bbox 547 1494 698 1574; x_wconf 79' lang='lat' dir='ltr'>producit,</span> <span class='ocrx_word' id='word_1_73' title='bbox 720 1496 891 1573; x_wconf 83' lang='lat' dir='ltr'>quisurgit:</span> <span class='ocrx_word' id='word_1_74' title='bbox 914 1494 973 1552; x_wconf 90' lang='lat' dir='ltr'>im-</span> 
     </span>
     <span class='ocr_line' id='line_1_14' title="bbox 184 1594 973 1674; baseline -0.001 -20"><span class='ocrx_word' id='word_1_75' title='bbox 184 1594 300 1672; x_wconf 92' lang='lat' dir='ltr'>ponitur</span> <span class='ocrx_word' id='word_1_76' title='bbox 321 1594 373 1652; x_wconf 92' lang='lat' dir='ltr'>sibi</span> <span class='ocrx_word' id='word_1_77' title='bbox 396 1613 528 1654; x_wconf 88' lang='lat' dir='ltr'>corona:</span> <span class='ocrx_word' id='word_1_78' title='bbox 557 1596 659 1674; x_wconf 77' lang='lat' dir='ltr'><strong>recipit</strong></span> <span class='ocrx_word' id='word_1_79' title='bbox 681 1606 850 1674; x_wconf 76' lang='lat' dir='ltr'>sceptrum,</span> <span class='ocrx_word' id='word_1_80' title='bbox 871 1603 900 1653; x_wconf 93' lang='lat' dir='ltr'>et</span> <span class='ocrx_word' id='word_1_81' title='bbox 921 1611 973 1672; x_wconf 91' lang='lat' dir='ltr'>po·</span> 
     </span>
     <span class='ocr_line' id='line_1_15' title="bbox 187 1694 973 1773; baseline 0 -20"><span class='ocrx_word' id='word_1_82' title='bbox 187 1712 279 1765; x_wconf 90' lang='lat' dir='ltr'>mum,</span> <span class='ocrx_word' id='word_1_83' title='bbox 299 1706 328 1755; x_wconf 90' lang='lat' dir='ltr'>et.</span> <span class='ocrx_word' id='word_1_84' title='bbox 346 1696 374 1754; x_wconf 89' lang='lat' dir='ltr'>in</span> <span class='ocrx_word' id='word_1_85' title='bbox 395 1695 568 1767; x_wconf 90' lang='lat' dir='ltr'>faldistorio,</span> <span class='ocrx_word' id='word_1_86' title='bbox 592 1694 673 1772; x_wconf 89' lang='lat' dir='ltr'>quod</span> <span class='ocrx_word' id='word_1_87' title='bbox 693 1705 758 1773; x_wconf 91' lang='lat' dir='ltr'>post</span> <span class='ocrx_word' id='word_1_88' title='bbox 780 1694 905 1755; x_wconf 92' lang='lat' dir='ltr'>medium</span> <span class='ocrx_word' id='word_1_89' title='bbox 926 1695 973 1753; x_wconf 91' lang='lat' dir='ltr'>al·</span> 
     </span>
     <span class='ocr_line' id='line_1_16' title="bbox 186 1793 972 1874; baseline 0 -21"><span class='ocrx_word' id='word_1_90' title='bbox 186 1794 260 1853; x_wconf 86' lang='lat' dir='ltr'>turis</span> <span class='ocrx_word' id='word_1_91' title='bbox 283 1813 383 1854; x_wconf 89' lang='lat' dir='ltr'>versus</span> <span class='ocrx_word' id='word_1_92' title='bbox 405 1813 496 1853; x_wconf 94' lang='lat' dir='ltr'>cornu</span> <span class='ocrx_word' id='word_1_93' title='bbox 512 1793 663 1874; x_wconf 89' lang='lat' dir='ltr'>Epistulae</span> <span class='ocrx_word' id='word_1_94' title='bbox 681 1794 735 1854; x_wconf 88' lang='lat' dir='ltr'>sibi</span> <span class='ocrx_word' id='word_1_95' title='bbox 755 1796 883 1873; x_wconf 93' lang='lat' dir='ltr'>ponitur,</span> <span class='ocrx_word' id='word_1_96' title='bbox 893 1794 972 1854; x_wconf 89' lang='lat' dir='ltr'>sedit.</span> 
     </span>
    </p>

    <p class='ocr_par' dir='ltr' id='par_1_4' title="bbox 182 1893 973 2580">
     <span class='ocr_line' id='line_1_17' title="bbox 228 1893 972 1974; baseline -0.003 -19"><span class='ocrx_word' id='word_1_97' title='bbox 228 1894 365 1972; x_wconf 85' lang='lat' dir='ltr'>Legatos,</span> <span class='ocrx_word' id='word_1_98' title='bbox 379 1893 501 1954; x_wconf 79' lang='lat' dir='ltr'>dimissis</span> <span class='ocrx_word' id='word_1_99' title='bbox 524 1897 551 1954; x_wconf 92' lang='lat' dir='ltr'>in</span> <span class='ocrx_word' id='word_1_100' title='bbox 574 1896 660 1955; x_wconf 90' lang='lat' dir='ltr'>altari</span> <span class='ocrx_word' id='word_1_101' title='bbox 682 1894 894 1974; x_wconf 79' lang='lat' dir='ltr'>corporalibus,</span> <span class='ocrx_word' id='word_1_102' title='bbox 918 1914 972 1954; x_wconf 89' lang='lat' dir='ltr'>va·</span> 
     </span>
     <span class='ocr_line' id='line_1_18' title="bbox 186 1995 973 2074; baseline -0.001 -20"><span class='ocrx_word' id='word_1_103' title='bbox 186 1995 229 2055; x_wconf 90' lang='lat' dir='ltr'>dit</span> <span class='ocrx_word' id='word_1_104' title='bbox 249 1996 286 2054; x_wconf 92' lang='lat' dir='ltr'>ad</span> <span class='ocrx_word' id='word_1_105' title='bbox 314 1995 506 2055; x_wconf 79' lang='lat' dir='ltr'>faldistorium</span> <span class='ocrx_word' id='word_1_106' title='bbox 538 2014 625 2054; x_wconf 93' lang='lat' dir='ltr'>suum</span> <span class='ocrx_word' id='word_1_107' title='bbox 651 1997 679 2054; x_wconf 93' lang='lat' dir='ltr'>in</span> <span class='ocrx_word' id='word_1_108' title='bbox 712 1997 798 2074; x_wconf 91' lang='lat' dir='ltr'>plano</span> <span class='ocrx_word' id='word_1_109' title='bbox 818 1997 847 2055; x_wconf 93' lang='lat' dir='ltr'>iu</span> <span class='ocrx_word' id='word_1_110' title='bbox 880 2012 973 2055; x_wconf 91' lang='lat' dir='ltr'>cornu</span> 
     </span>
     <span class='ocr_line' id='line_1_19' title="bbox 186 2093 973 2175; baseline 0.003 -21"><span class='ocrx_word' id='word_1_111' title='bbox 186 2093 332 2175; x_wconf 87' lang='lat' dir='ltr'>Epistulae</span> <span class='ocrx_word' id='word_1_112' title='bbox 353 2095 406 2155; x_wconf 86' lang='lat' dir='ltr'>sibi</span> <span class='ocrx_word' id='word_1_113' title='bbox 422 2096 451 2155; x_wconf 93' lang='lat' dir='ltr'>in</span> <span class='ocrx_word' id='word_1_114' title='bbox 469 2096 533 2156; x_wconf 92' lang='lat' dir='ltr'>loco</span> <span class='ocrx_word' id='word_1_115' title='bbox 548 2108 686 2157; x_wconf 88' lang='lat' dir='ltr'>consueto</span> <span class='ocrx_word' id='word_1_116' title='bbox 700 2108 846 2175; x_wconf 88' lang='lat' dir='ltr'>paratum,</span> <span class='ocrx_word' id='word_1_117' title='bbox 859 2095 973 2175; x_wconf 81' lang='lat' dir='ltr'>deponit</span> 
     </span>
     <span class='ocr_line' id='line_1_20' title="bbox 186 2197 972 2276; baseline -0.003 -20"><span class='ocrx_word' id='word_1_118' title='bbox 186 2208 352 2276; x_wconf 88' lang='lat' dir='ltr'>paramenta</span> <span class='ocrx_word' id='word_1_119' title='bbox 369 2197 464 2256; x_wconf 90' lang='lat' dir='ltr'>omnia</span> <span class='ocrx_word' id='word_1_120' title='bbox 485 2208 514 2258; x_wconf 88' lang='lat' dir='ltr'>et</span> <span class='ocrx_word' id='word_1_121' title='bbox 535 2197 689 2268; x_wconf 84' lang='lat' dir='ltr'>candulla,</span> <span class='ocrx_word' id='word_1_122' title='bbox 718 2206 746 2256; x_wconf 91' lang='lat' dir='ltr'>et</span> <span class='ocrx_word' id='word_1_123' title='bbox 766 2198 871 2276; x_wconf 91' lang='lat' dir='ltr'>accipit</span> <span class='ocrx_word' id='word_1_124' title='bbox 901 2215 972 2275; x_wconf 89' lang='lat' dir='ltr'>cap·</span> 
     </span>
     <span class='ocr_line' id='line_1_21' title="bbox 185 2297 970 2377; baseline 0 -20"><span class='ocrx_word' id='word_1_125' title='bbox 185 2317 262 2377; x_wconf 90' lang='lat' dir='ltr'>pem.</span> <span class='ocrx_word' id='word_1_126' title='bbox 293 2297 371 2359; x_wconf 87' lang='lat' dir='ltr'>Tum</span> <span class='ocrx_word' id='word_1_127' title='bbox 403 2297 597 2358; x_wconf 77' lang='lat' dir='ltr'>faldistorium</span> <span class='ocrx_word' id='word_1_128' title='bbox 631 2298 726 2377; x_wconf 89' lang='lat' dir='ltr'>ipsum</span> <span class='ocrx_word' id='word_1_129' title='bbox 748 2309 811 2377; x_wconf 88' lang='lat' dir='ltr'>post</span> <span class='ocrx_word' id='word_1_130' title='bbox 842 2297 970 2359; x_wconf 87' lang='lat' dir='ltr'>medium</span> 
     </span>
     <span class='ocr_line' id='line_1_22' title="bbox 184 2398 971 2478; baseline -0.001 -20"><span class='ocrx_word' id='word_1_131' title='bbox 184 2400 286 2461; x_wconf 87' lang='lat' dir='ltr'>altaris</span> <span class='ocrx_word' id='word_1_132' title='bbox 308 2402 336 2459; x_wconf 94' lang='lat' dir='ltr'>in</span> <span class='ocrx_word' id='word_1_133' title='bbox 366 2418 460 2460; x_wconf 92' lang='lat' dir='ltr'>cornu</span> <span class='ocrx_word' id='word_1_134' title='bbox 482 2398 635 2478; x_wconf 80' lang='lat' dir='ltr'>Evangelii</span> <span class='ocrx_word' id='word_1_135' title='bbox 664 2398 718 2458; x_wconf 86' lang='lat' dir='ltr'>sibi</span> <span class='ocrx_word' id='word_1_136' title='bbox 751 2398 889 2477; x_wconf 90' lang='lat' dir='ltr'>ponitur,</span> <span class='ocrx_word' id='word_1_137' title='bbox 923 2398 971 2458; x_wconf 92' lang='lat' dir='ltr'>ubi</span> 
     </span>
     <span class='ocr_line' id='line_1_23' title="bbox 182 2499 582 2580; baseline -0.005 -19"><span class='ocrx_word' id='word_1_138' title='bbox 182 2499 255 2561; x_wconf 85' lang='lat' dir='ltr'>sedit</span> <span class='ocrx_word' id='word_1_139' title='bbox 276 2500 313 2560; x_wconf 92' lang='lat' dir='ltr'>ad</span> <span class='ocrx_word' id='word_1_140' title='bbox 334 2500 464 2561; x_wconf 83' lang='lat' dir='ltr'>dextram</span> <span class='ocrx_word' id='word_1_141' title='bbox 486 2500 582 2580; x_wconf 89' lang='lat' dir='ltr'>Regis.</span> 
     </span>
    </p>

    <p class='ocr_par' dir='ltr' id='par_1_5' title="bbox 185 2601 971 2881">
     <span class='ocr_line' id='line_1_24' title="bbox 226 2601 971 2677; baseline -0.001 -16"><span class='ocrx_word' id='word_1_142' title='bbox 226 2601 287 2663; x_wconf 78' lang='lat' dir='ltr'>Rex</span> <span class='ocrx_word' id='word_1_143' title='bbox 308 2613 388 2662; x_wconf 85' lang='lat' dir='ltr'>creat</span> <span class='ocrx_word' id='word_1_144' title='bbox 409 2601 533 2675; x_wconf 86' lang='lat' dir='ltr'>milites;</span> <span class='ocrx_word' id='word_1_145' title='bbox 555 2612 583 2662; x_wconf 92' lang='lat' dir='ltr'>et</span> <span class='ocrx_word' id='word_1_146' title='bbox 603 2601 674 2672; x_wconf 89' lang='lat' dir='ltr'>alin,</span> <span class='ocrx_word' id='word_1_147' title='bbox 696 2618 769 2677; x_wconf 87' lang='lat' dir='ltr'>quae</span> <span class='ocrx_word' id='word_1_148' title='bbox 790 2619 825 2660; x_wconf 81' lang='lat' dir='ltr'>cx</span> <span class='ocrx_word' id='word_1_149' title='bbox 846 2617 971 2660; x_wconf 89' lang='lat' dir='ltr'>consue-</span> 
     </span>
     <span class='ocr_line' id='line_1_25' title="bbox 185 2699 971 2763; baseline -0.003 -1"><span class='ocrx_word' id='word_1_150' title='bbox 185 2702 282 2763; x_wconf 92' lang='lat' dir='ltr'>tudine</span> <span class='ocrx_word' id='word_1_151' title='bbox 304 2704 350 2762; x_wconf 84' lang='lat' dir='ltr'>vel</span> <span class='ocrx_word' id='word_1_152' title='bbox 383 2703 453 2762; x_wconf 91' lang='lat' dir='ltr'>alias</span> <span class='ocrx_word' id='word_1_153' title='bbox 480 2704 576 2761; x_wconf 85' lang='lat' dir='ltr'>facere</span> <span class='ocrx_word' id='word_1_154' title='bbox 610 2711 824 2761; x_wconf 83' lang='lat' dir='ltr'>consueverunt</span> <span class='ocrx_word' id='word_1_155' title='bbox 857 2699 971 2760; x_wconf 80' lang='lat' dir='ltr'>Siciliae</span> 
     </span>
     <span class='ocr_line' id='line_1_26' title="bbox 186 2800 970 2881; baseline -0.003 -20"><span class='ocrx_word' id='word_1_156' title='bbox 186 2801 279 2881; x_wconf 88' lang='lat' dir='ltr'>Reges</span> <span class='ocrx_word' id='word_1_157' title='bbox 294 2803 322 2862; x_wconf 91' lang='lat' dir='ltr'>in</span> <span class='ocrx_word' id='word_1_158' title='bbox 337 2821 439 2863; x_wconf 88' lang='lat' dir='ltr'>eorum</span> <span class='ocrx_word' id='word_1_159' title='bbox 464 2802 655 2862; x_wconf 84' lang='lat' dir='ltr'>coronationis</span> <span class='ocrx_word' id='word_1_160' title='bbox 675 2800 862 2871; x_wconf 87' lang='lat' dir='ltr'>solemnitate,</span> <span class='ocrx_word' id='word_1_161' title='bbox 877 2800 970 2860; x_wconf 88' lang='lat' dir='ltr'>faciet.</span> 
     </span>
    </p>

    <p class='ocr_par' dir='ltr' id='par_1_6' title="bbox 182 2899 972 3781">
     <span class='ocr_line' id='line_1_27' title="bbox 226 2899 971 2980; baseline -0.003 -18"><span class='ocrx_word' id='word_1_162' title='bbox 226 2903 369 2963; x_wconf 85' lang='lat' dir='ltr'>Perfentis</span> <span class='ocrx_word' id='word_1_163' title='bbox 399 2901 545 2972; x_wconf 87' lang='lat' dir='ltr'>omuibus,</span> <span class='ocrx_word' id='word_1_164' title='bbox 566 2899 730 2980; x_wconf 55' lang='lat' dir='ltr'>laegatusa</span> <span class='ocrx_word' id='word_1_165' title='bbox 757 2901 863 2961; x_wconf 80' lang='lat' dir='ltr'>dextris</span> <span class='ocrx_word' id='word_1_166' title='bbox 885 2900 971 2979; x_wconf 85' lang='lat' dir='ltr'>Regis</span> 
     </span>
     <span class='ocr_line' id='line_1_28' title="bbox 183 3001 970 3080; baseline -0.001 -17"><span class='ocrx_word' id='word_1_167' title='bbox 183 3003 337 3063; x_wconf 85' lang='lat' dir='ltr'>associabit</span> <span class='ocrx_word' id='word_1_168' title='bbox 361 3022 450 3073; x_wconf 90' lang='lat' dir='ltr'>eum,</span> <span class='ocrx_word' id='word_1_169' title='bbox 473 3020 565 3080; x_wconf 80' lang='lat' dir='ltr'>usque</span> <span class='ocrx_word' id='word_1_170' title='bbox 597 3002 633 3060; x_wconf 90' lang='lat' dir='ltr'>ad</span> <span class='ocrx_word' id='word_1_171' title='bbox 667 3013 781 3080; x_wconf 91' lang='lat' dir='ltr'>portam</span> <span class='ocrx_word' id='word_1_172' title='bbox 813 3001 970 3074; x_wconf 88' lang='lat' dir='ltr'>ecclesiae,</span> 
     </span>
     <span class='ocr_line' id='line_1_29' title="bbox 182 3101 972 3184; baseline -0.004 -21"><span class='ocrx_word' id='word_1_173' title='bbox 182 3105 318 3184; x_wconf 86' lang='lat' dir='ltr'>praelatis</span> <span class='ocrx_word' id='word_1_174' title='bbox 339 3104 472 3163; x_wconf 85' lang='lat' dir='ltr'>omuibus</span> <span class='ocrx_word' id='word_1_175' title='bbox 494 3104 570 3184; x_wconf 87' lang='lat' dir='ltr'>ipsos</span> <span class='ocrx_word' id='word_1_176' title='bbox 591 3103 787 3182; x_wconf 80' lang='lat' dir='ltr'>sequentihus3</span> <span class='ocrx_word' id='word_1_177' title='bbox 810 3101 859 3161; x_wconf 91' lang='lat' dir='ltr'>uhi</span> <span class='ocrx_word' id='word_1_178' title='bbox 882 3121 972 3181; x_wconf 90' lang='lat' dir='ltr'>pera·</span> 
     </span>
     <span class='ocr_line' id='line_1_30' title="bbox 182 3201 970 3285; baseline -0.005 -21"><span class='ocrx_word' id='word_1_179' title='bbox 182 3207 237 3266; x_wconf 89' lang='lat' dir='ltr'>ctis</span> <span class='ocrx_word' id='word_1_180' title='bbox 259 3224 309 3285; x_wconf 90' lang='lat' dir='ltr'>per</span> <span class='ocrx_word' id='word_1_181' title='bbox 332 3203 442 3282; x_wconf 83' lang='lat' dir='ltr'>Regem</span> <span class='ocrx_word' id='word_1_182' title='bbox 464 3205 533 3283; x_wconf 85' lang='lat' dir='ltr'>ipsis</span> <span class='ocrx_word' id='word_1_183' title='bbox 554 3205 657 3283; x_wconf 87' lang='lat' dir='ltr'>gratiis</span> <span class='ocrx_word' id='word_1_184' title='bbox 677 3215 705 3264; x_wconf 91' lang='lat' dir='ltr'>et</span> <span class='ocrx_word' id='word_1_185' title='bbox 728 3202 888 3274; x_wconf 84' lang='lat' dir='ltr'>licentiatis,</span> <span class='ocrx_word' id='word_1_186' title='bbox 910 3201 970 3261; x_wconf 83' lang='lat' dir='ltr'>Rex</span> 
     </span>
     <span class='ocr_line' id='line_1_31' title="bbox 182 3301 969 3385; baseline -0.006 -20"><span class='ocrx_word' id='word_1_187' title='bbox 182 3317 264 3365; x_wconf 85' lang='lat' dir='ltr'>extra</span> <span class='ocrx_word' id='word_1_188' title='bbox 296 3317 411 3385; x_wconf 87' lang='lat' dir='ltr'>portam</span> <span class='ocrx_word' id='word_1_189' title='bbox 444 3307 582 3367; x_wconf 86' lang='lat' dir='ltr'>ecclesiae</span> <span class='ocrx_word' id='word_1_190' title='bbox 615 3304 741 3365; x_wconf 90' lang='lat' dir='ltr'>ascendit</span> <span class='ocrx_word' id='word_1_191' title='bbox 776 3320 885 3380; x_wconf 89' lang='lat' dir='ltr'>equum</span> <span class='ocrx_word' id='word_1_192' title='bbox 918 3301 969 3362; x_wconf 91' lang='lat' dir='ltr'>sibi</span> 
     </span>
     <span class='ocr_line' id='line_1_32' title="bbox 182 3401 969 3486; baseline -0.006 -21"><span class='ocrx_word' id='word_1_193' title='bbox 182 3417 328 3486; x_wconf 81' lang='lat' dir='ltr'>paratum3</span> <span class='ocrx_word' id='word_1_194' title='bbox 344 3418 373 3467; x_wconf 90' lang='lat' dir='ltr'>et</span> <span class='ocrx_word' id='word_1_195' title='bbox 388 3417 562 3477; x_wconf 89' lang='lat' dir='ltr'>coronatus,</span> <span class='ocrx_word' id='word_1_196' title='bbox 577 3423 645 3464; x_wconf 91' lang='lat' dir='ltr'>cum</span> <span class='ocrx_word' id='word_1_197' title='bbox 667 3415 783 3482; x_wconf 89' lang='lat' dir='ltr'>seeptro</span> <span class='ocrx_word' id='word_1_198' title='bbox 796 3414 826 3463; x_wconf 92' lang='lat' dir='ltr'>et</span> <span class='ocrx_word' id='word_1_199' title='bbox 841 3420 924 3481; x_wconf 91' lang='lat' dir='ltr'>pomo</span> <span class='ocrx_word' id='word_1_200' title='bbox 940 3401 969 3460; x_wconf 91' lang='lat' dir='ltr'>in</span> 
     </span>
     <span class='ocr_line' id='line_1_33' title="bbox 182 3502 969 3585; baseline -0.009 -18"><span class='ocrx_word' id='word_1_201' title='bbox 182 3508 338 3578; x_wconf 90' lang='lat' dir='ltr'>manibus,</span> <span class='ocrx_word' id='word_1_202' title='bbox 359 3506 520 3566; x_wconf 81' lang='lat' dir='ltr'>baronibus</span> <span class='ocrx_word' id='word_1_203' title='bbox 544 3524 632 3585; x_wconf 87' lang='lat' dir='ltr'>super</span> <span class='ocrx_word' id='word_1_204' title='bbox 655 3505 750 3584; x_wconf 91' lang='lat' dir='ltr'>ipsum</span> <span class='ocrx_word' id='word_1_205' title='bbox 766 3502 969 3567; x_wconf 87' lang='lat' dir='ltr'>baldachinum</span> 
     </span>
     <span class='ocr_line' id='line_1_34' title="bbox 183 3601 971 3688; baseline -0.01 -20"><span class='ocrx_word' id='word_1_206' title='bbox 183 3608 362 3688; x_wconf 85' lang='lat' dir='ltr'>portantibus</span> <span class='ocrx_word' id='word_1_207' title='bbox 380 3619 407 3667; x_wconf 90' lang='lat' dir='ltr'>et</span> <span class='ocrx_word' id='word_1_208' title='bbox 422 3607 485 3666; x_wconf 84' lang='lat' dir='ltr'>aliis</span> <span class='ocrx_word' id='word_1_209' title='bbox 502 3606 593 3685; x_wconf 81' lang='lat' dir='ltr'>Regni</span> <span class='ocrx_word' id='word_1_210' title='bbox 609 3601 874 3686; x_wconf 67' lang='lat' dir='ltr'>desirantibusli),</span> <span class='ocrx_word' id='word_1_211' title='bbox 885 3603 971 3680; x_wconf 83' lang='lat' dir='ltr'>equi·</span> 
     </span>
     <span class='ocr_line' id='line_1_35' title="bbox 184 3702 969 3781; baseline -0.005 -14"><span class='ocrx_word' id='word_1_212' title='bbox 184 3709 255 3767; x_wconf 86' lang='lat' dir='ltr'>tabit</span> <span class='ocrx_word' id='word_1_213' title='bbox 272 3708 319 3766; x_wconf 90' lang='lat' dir='ltr'>via</span> <span class='ocrx_word' id='word_1_214' title='bbox 334 3707 465 3767; x_wconf 86' lang='lat' dir='ltr'>ordinatu</span> <span class='ocrx_word' id='word_1_215' title='bbox 486 3706 521 3764; x_wconf 93' lang='lat' dir='ltr'>ad</span> <span class='ocrx_word' id='word_1_216' title='bbox 545 3717 673 3765; x_wconf 84' lang='lat' dir='ltr'>castrum</span> <span class='ocrx_word' id='word_1_217' title='bbox 695 3703 819 3765; x_wconf 84' lang='lat' dir='ltr'>Novum.</span> <span class='ocrx_word' id='word_1_218' title='bbox 842 3702 969 3781; x_wconf 67' lang='lat' dir='ltr'>laegatus</span> 
     </span>
    </p>
   </div>
   <div class='ocr_carea' id='block_1_3' title="bbox 182 3804 1005 3923">
    <p class='ocr_par' dir='ltr' id='par_1_7' title="bbox 182 3804 1005 3923">
     <span class='ocr_line' id='line_1_36' title="bbox 182 3804 1005 3923; baseline -0.006 -56"><span class='ocrx_word' id='word_1_219' title='bbox 182 3809 309 3870; x_wconf 88' lang='lat' dir='ltr'>ascendit</span> <span class='ocrx_word' id='word_1_220' title='bbox 330 3808 468 3888; x_wconf 87' lang='lat' dir='ltr'>palatium</span> <span class='ocrx_word' id='word_1_221' title='bbox 489 3824 598 3880; x_wconf 86' lang='lat' dir='ltr'>suum,</span> <span class='ocrx_word' id='word_1_222' title='bbox 619 3817 648 3866; x_wconf 90' lang='lat' dir='ltr'>et</span> <span class='ocrx_word' id='word_1_223' title='bbox 674 3806 796 3885; x_wconf 86' lang='lat' dir='ltr'>praelati</span> <span class='ocrx_word' id='word_1_224' title='bbox 823 3804 859 3863; x_wconf 92' lang='lat' dir='ltr'>ad</span> <span class='ocrx_word' id='word_1_225' title='bbox 880 3821 970 3883; x_wconf 91' lang='lat' dir='ltr'>prau-</span> <span class='ocrx_word' id='word_1_226' title='bbox 1002 3822 1005 3923; x_wconf 66' lang='lat' dir='ltr'>p</span> 
     </span>
    </p>
   </div>
   <div class='ocr_carea' id='block_1_4' title="bbox 150 3908 970 4986">
    <p class='ocr_par' dir='ltr' id='par_1_8' title="bbox 181 3908 512 3986">
     <span class='ocr_line' id='line_1_37' title="bbox 181 3908 512 3986; baseline -0.003 -18"><span class='ocrx_word' id='word_1_227' title='bbox 181 3909 262 3969; x_wconf 92' lang='lat' dir='ltr'>dium</span> <span class='ocrx_word' id='word_1_228' title='bbox 279 3928 337 3986; x_wconf 87' lang='lat' dir='ltr'>quo</span> <span class='ocrx_word' id='word_1_229' title='bbox 359 3908 512 3968; x_wconf 80' lang='lat' dir='ltr'>soluerint.</span> 
     </span>
    </p>

    <p class='ocr_par' dir='ltr' id='par_1_9' title="bbox 150 4006 970 4790">
     <span class='ocr_line' id='line_1_38' title="bbox 224 4006 970 4088; baseline -0.003 -20"><span class='ocrx_word' id='word_1_230' title='bbox 224 4009 393 4069; x_wconf 83' lang='lat' dir='ltr'>Praemissis</span> <span class='ocrx_word' id='word_1_231' title='bbox 415 4010 514 4087; x_wconf 89' lang='lat' dir='ltr'>itaque</span> <span class='ocrx_word' id='word_1_232' title='bbox 534 4026 586 4088; x_wconf 90' lang='lat' dir='ltr'>per</span> <span class='ocrx_word' id='word_1_233' title='bbox 610 4026 655 4068; x_wconf 90' lang='lat' dir='ltr'>me</span> <span class='ocrx_word' id='word_1_234' title='bbox 674 4006 817 4085; x_wconf 86' lang='lat' dir='ltr'>conceptis</span> <span class='ocrx_word' id='word_1_235' title='bbox 834 4018 864 4069; x_wconf 92' lang='lat' dir='ltr'>et</span> <span class='ocrx_word' id='word_1_236' title='bbox 876 4023 970 4066; x_wconf 92' lang='lat' dir='ltr'>anno·</span> 
     </span>
     <span class='ocr_line' id='line_1_39' title="bbox 180 4107 967 4188; baseline -0.004 -18"><span class='ocrx_word' id='word_1_237' title='bbox 180 4111 269 4184; x_wconf 87' lang='lat' dir='ltr'>tatis,</span> <span class='ocrx_word' id='word_1_238' title='bbox 300 4110 450 4171; x_wconf 84' lang='lat' dir='ltr'>eeclesiam</span> <span class='ocrx_word' id='word_1_239' title='bbox 482 4108 699 4188; x_wconf 84' lang='lat' dir='ltr'>Neapolitanam</span> <span class='ocrx_word' id='word_1_240' title='bbox 727 4109 848 4188; x_wconf 85' lang='lat' dir='ltr'>singulis</span> <span class='ocrx_word' id='word_1_241' title='bbox 868 4107 967 4169; x_wconf 89' lang='lat' dir='ltr'>diebus</span> 
     </span>
     <span class='ocr_line' id='line_1_40' title="bbox 180 4209 968 4290; baseline -0.001 -20"><span class='ocrx_word' id='word_1_242' title='bbox 180 4214 267 4270; x_wconf 87' lang='lat' dir='ltr'>etiam</span> <span class='ocrx_word' id='word_1_243' title='bbox 289 4213 354 4290; x_wconf 88' lang='lat' dir='ltr'>plus</span> <span class='ocrx_word' id='word_1_244' title='bbox 376 4211 465 4272; x_wconf 86' lang='lat' dir='ltr'>semel</span> <span class='ocrx_word' id='word_1_245' title='bbox 488 4211 625 4282; x_wconf 80' lang='lat' dir='ltr'>visitavi,</span> <span class='ocrx_word' id='word_1_246' title='bbox 646 4221 676 4269; x_wconf 94' lang='lat' dir='ltr'>et</span> <span class='ocrx_word' id='word_1_247' title='bbox 696 4222 859 4288; x_wconf 89' lang='lat' dir='ltr'>opportuna</span> <span class='ocrx_word' id='word_1_248' title='bbox 882 4209 911 4268; x_wconf 94' lang='lat' dir='ltr'>in</span> <span class='ocrx_word' id='word_1_249' title='bbox 933 4228 968 4269; x_wconf 90' lang='lat' dir='ltr'>eo</span> 
     </span>
     <span class='ocr_line' id='line_1_41' title="bbox 181 4309 966 4390; baseline -0.004 -19"><span class='ocrx_word' id='word_1_250' title='bbox 181 4321 211 4371; x_wconf 93' lang='lat' dir='ltr'>et</span> <span class='ocrx_word' id='word_1_251' title='bbox 232 4312 308 4390; x_wconf 90' lang='lat' dir='ltr'>apud</span> <span class='ocrx_word' id='word_1_252' title='bbox 330 4312 483 4390; x_wconf 86' lang='lat' dir='ltr'>magistros</span> <span class='ocrx_word' id='word_1_253' title='bbox 516 4312 689 4390; x_wconf 87' lang='lat' dir='ltr'>deputatos,</span> <span class='ocrx_word' id='word_1_254' title='bbox 712 4309 764 4369; x_wconf 94' lang='lat' dir='ltr'>ubi</span> <span class='ocrx_word' id='word_1_255' title='bbox 786 4320 850 4369; x_wconf 89' lang='lat' dir='ltr'>erat</span> <span class='ocrx_word' id='word_1_256' title='bbox 871 4327 966 4388; x_wconf 93' lang='lat' dir='ltr'>opus,</span> 
     </span>
     <span class='ocr_line' id='line_1_42' title="bbox 180 4408 966 4489; baseline 0 -18"><span class='ocrx_word' id='word_1_257' title='bbox 180 4412 357 4472; x_wconf 84' lang='lat' dir='ltr'>sollicitavi:</span> <span class='ocrx_word' id='word_1_258' title='bbox 379 4413 530 4474; x_wconf 79' lang='lat' dir='ltr'>informavi</span> <span class='ocrx_word' id='word_1_259' title='bbox 553 4412 687 4471; x_wconf 85' lang='lat' dir='ltr'>illustris.</span> <span class='ocrx_word' id='word_1_260' title='bbox 710 4410 745 4471; x_wconf 86' lang='grc' dir='ltr'>Ι).</span> <span class='ocrx_word' id='word_1_261' title='bbox 767 4408 910 4489; x_wconf 83' lang='lat' dir='ltr'>Legatum</span> <span class='ocrx_word' id='word_1_262' title='bbox 932 4410 966 4472; x_wconf 93' lang='lat' dir='ltr'>de</span> 
     </span>
     <span class='ocr_line' id='line_1_43' title="bbox 180 4510 965 4592; baseline -0.001 -22"><span class='ocrx_word' id='word_1_263' title='bbox 180 4510 228 4570; x_wconf 90' lang='lat' dir='ltr'>his</span> <span class='ocrx_word' id='word_1_264' title='bbox 250 4528 323 4590; x_wconf 87' lang='lat' dir='ltr'>quae</span> <span class='ocrx_word' id='word_1_265' title='bbox 344 4532 395 4592; x_wconf 92' lang='lat' dir='ltr'>per</span> <span class='ocrx_word' id='word_1_266' title='bbox 416 4530 483 4571; x_wconf 91' lang='lat' dir='ltr'>eum</span> <span class='ocrx_word' id='word_1_267' title='bbox 504 4521 588 4572; x_wconf 91' lang='lat' dir='ltr'>erant</span> <span class='ocrx_word' id='word_1_268' title='bbox 611 4510 755 4585; x_wconf 91' lang='lat' dir='ltr'>dicenda,</span> <span class='ocrx_word' id='word_1_269' title='bbox 777 4522 805 4571; x_wconf 92' lang='lat' dir='ltr'>et</span> <span class='ocrx_word' id='word_1_270' title='bbox 824 4510 965 4584; x_wconf 90' lang='lat' dir='ltr'>facienda,</span> 
     </span>
     <span class='ocr_line' id='line_1_44' title="bbox 179 4612 967 4690; baseline -0.001 -18"><span class='ocrx_word' id='word_1_271' title='bbox 179 4613 311 4672; x_wconf 78' lang='lat' dir='ltr'>siusiliter</span> <span class='ocrx_word' id='word_1_272' title='bbox 333 4624 361 4673; x_wconf 94' lang='lat' dir='ltr'>et</span> <span class='ocrx_word' id='word_1_273' title='bbox 381 4612 474 4683; x_wconf 88' lang='lat' dir='ltr'>alios,</span> <span class='ocrx_word' id='word_1_274' title='bbox 496 4612 545 4689; x_wconf 90' lang='lat' dir='ltr'>qui</span> <span class='ocrx_word' id='word_1_275' title='bbox 578 4613 606 4671; x_wconf 92' lang='lat' dir='ltr'>in</span> <span class='ocrx_word' id='word_1_276' title='bbox 636 4613 737 4690; x_wconf 83' lang='lat' dir='ltr'>aliquo</span> <span class='ocrx_word' id='word_1_277' title='bbox 763 4612 858 4673; x_wconf 88' lang='lat' dir='ltr'>officio</span> <span class='ocrx_word' id='word_1_278' title='bbox 879 4629 967 4672; x_wconf 88' lang='lat' dir='ltr'>coro·</span> 
     </span>
     <span class='ocr_line' id='line_1_45' title="bbox 150 4699 819 4790; baseline -0.001 -17"><span class='ocrx_word' id='word_1_279' title='bbox 150 4699 153 4704; x_wconf 51' lang='grc'><strong>’</strong></span> <span class='ocrx_word' id='word_1_280' title='bbox 179 4714 302 4774; x_wconf 89' lang='lat' dir='ltr'>nationis</span> <span class='ocrx_word' id='word_1_281' title='bbox 324 4710 492 4790; x_wconf 88' lang='lat' dir='ltr'>hujusmodi</span> <span class='ocrx_word' id='word_1_282' title='bbox 514 4712 654 4774; x_wconf 83' lang='lat' dir='ltr'>debebant</span> <span class='ocrx_word' id='word_1_283' title='bbox 674 4717 819 4775; x_wconf 86' lang='lat' dir='ltr'>interesse.</span> 
     </span>
    </p>

    <p class='ocr_par' dir='ltr' id='par_1_10' title="bbox 179 4811 968 4986">
     <span class='ocr_line' id='line_1_46' title="bbox 221 4811 968 4893; baseline -0.005 -19"><span class='ocrx_word' id='word_1_284' title='bbox 221 4812 372 4874; x_wconf 89' lang='lat' dir='ltr'>Dominica</span> <span class='ocrx_word' id='word_1_285' title='bbox 392 4826 496 4892; x_wconf 88' lang='lat' dir='ltr'>quarta</span> <span class='ocrx_word' id='word_1_286' title='bbox 518 4814 622 4875; x_wconf 90' lang='lat' dir='ltr'>mensis</span> <span class='ocrx_word' id='word_1_287' title='bbox 643 4814 722 4885; x_wconf 90' lang='lat' dir='ltr'>maii,</span> <span class='ocrx_word' id='word_1_288' title='bbox 742 4815 771 4873; x_wconf 90' lang='lat' dir='ltr'>in</span> <span class='ocrx_word' id='word_1_289' title='bbox 793 4811 968 4893; x_wconf 88' lang='lat' dir='ltr'>parrochia·</span> 
     </span>
     <span class='ocr_line' id='line_1_47' title="bbox 179 4912 966 4986; baseline -0.005 -14"><span class='ocrx_word' id='word_1_290' title='bbox 179 4912 256 4975; x_wconf 88' lang='lat' dir='ltr'>libus</span> <span class='ocrx_word' id='word_1_291' title='bbox 276 4916 428 4986; x_wconf 87' lang='lat' dir='ltr'>ecclesiis,</span> <span class='ocrx_word' id='word_1_292' title='bbox 447 4915 628 4977; x_wconf 89' lang='lat' dir='ltr'>monasteriis</span> <span class='ocrx_word' id='word_1_293' title='bbox 652 4925 683 4976; x_wconf 90' lang='lat' dir='ltr'>et</span> <span class='ocrx_word' id='word_1_294' title='bbox 713 4913 900 4974; x_wconf 87' lang='lat' dir='ltr'>conventibus</span> <span class='ocrx_word' id='word_1_295' title='bbox 922 4913 966 4970; x_wconf 89' lang='lat' dir='ltr'>ei·</span> 
     </span>
    </p>
   </div>
   <div class='ocr_carea' id='block_1_5' title="bbox 180 5011 1002 5095">
    <p class='ocr_par' dir='ltr' id='par_1_11' title="bbox 180 5011 1002 5095">
     <span class='ocr_line' id='line_1_48' title="bbox 180 5011 1002 5095; baseline -0.002 -23"><span class='ocrx_word' id='word_1_296' title='bbox 180 5017 274 5076; x_wconf 90' lang='lat' dir='ltr'>vitatis</span> <span class='ocrx_word' id='word_1_297' title='bbox 294 5014 506 5095; x_wconf 82' lang='lat' dir='ltr'>Neapolitanae,</span> <span class='ocrx_word' id='word_1_298' title='bbox 526 5016 671 5094; x_wconf 91' lang='lat' dir='ltr'>publicata</span> <span class='ocrx_word' id='word_1_299' title='bbox 692 5013 748 5072; x_wconf 89' lang='lat' dir='ltr'>fuit</span> <span class='ocrx_word' id='word_1_300' title='bbox 769 5013 848 5072; x_wconf 91' lang='lat' dir='ltr'>bulla</span> <span class='ocrx_word' id='word_1_301' title='bbox 869 5011 968 5070; x_wconf 86' lang='lat' dir='ltr'>facul·</span> <span class='ocrx_word' id='word_1_302' title='bbox 1000 5023 1002 5036; x_wconf 88' lang='grc'><strong><em>·</em></strong></span> 
     </span>
    </p>
   </div>
   <div class='ocr_carea' id='block_1_6' title="bbox 179 5110 968 5398">
    <p class='ocr_par' dir='ltr' id='par_1_12' title="bbox 179 5110 968 5398">
     <span class='ocr_line' id='line_1_49' title="bbox 180 5110 967 5193; baseline -0.003 -20"><span class='ocrx_word' id='word_1_303' title='bbox 180 5116 246 5174; x_wconf 90' lang='lat' dir='ltr'>tatis</span> <span class='ocrx_word' id='word_1_304' title='bbox 267 5133 418 5176; x_wconf 88' lang='lat' dir='ltr'>concessae</span> <span class='ocrx_word' id='word_1_305' title='bbox 439 5115 512 5176; x_wconf 88' lang='lat' dir='ltr'>Rev.</span> <span class='ocrx_word' id='word_1_306' title='bbox 535 5115 658 5175; x_wconf 89' lang='lat' dir='ltr'>Domino</span> <span class='ocrx_word' id='word_1_307' title='bbox 677 5111 788 5193; x_wconf 81' lang='lat' dir='ltr'>Legata</span> <span class='ocrx_word' id='word_1_308' title='bbox 808 5110 967 5191; x_wconf 87' lang='lat' dir='ltr'>elargiendi</span> 
     </span>
     <span class='ocr_line' id='line_1_50' title="bbox 179 5212 967 5295; baseline -0.001 -23"><span class='ocrx_word' id='word_1_309' title='bbox 179 5212 209 5273; x_wconf 93' lang='lat' dir='ltr'>in</span> <span class='ocrx_word' id='word_1_310' title='bbox 230 5214 275 5277; x_wconf 92' lang='lat' dir='ltr'>die</span> <span class='ocrx_word' id='word_1_311' title='bbox 296 5216 491 5277; x_wconf 81' lang='lat' dir='ltr'>coronationis</span> <span class='ocrx_word' id='word_1_312' title='bbox 511 5215 598 5295; x_wconf 84' lang='lat' dir='ltr'>Regis</span> <span class='ocrx_word' id='word_1_313' title='bbox 618 5228 649 5278; x_wconf 90' lang='lat' dir='ltr'>et</span> <span class='ocrx_word' id='word_1_314' title='bbox 677 5218 747 5276; x_wconf 89' lang='lat' dir='ltr'>alias</span> <span class='ocrx_word' id='word_1_315' title='bbox 768 5215 833 5275; x_wconf 84' lang='lat' dir='ltr'>aliis</span> <span class='ocrx_word' id='word_1_316' title='bbox 853 5224 967 5293; x_wconf 88' lang='lat' dir='ltr'>tempo·</span> 
     </span>
     <span class='ocr_line' id='line_1_51' title="bbox 180 5313 968 5398; baseline -0.001 -22"><span class='ocrx_word' id='word_1_317' title='bbox 180 5314 261 5377; x_wconf 89' lang='lat' dir='ltr'>ribus</span> <span class='ocrx_word' id='word_1_318' title='bbox 282 5316 474 5398; x_wconf 86' lang='lat' dir='ltr'>indulgentias</span> <span class='ocrx_word' id='word_1_319' title='bbox 494 5316 593 5393; x_wconf 88' lang='lat' dir='ltr'>altari,</span> <span class='ocrx_word' id='word_1_320' title='bbox 614 5318 643 5379; x_wconf 89' lang='lat' dir='ltr'>in</span> <span class='ocrx_word' id='word_1_321' title='bbox 663 5316 709 5378; x_wconf 90' lang='lat' dir='ltr'>die</span> <span class='ocrx_word' id='word_1_322' title='bbox 723 5313 853 5393; x_wconf 83' lang='lat' dir='ltr'>ejusdem</span> <span class='ocrx_word' id='word_1_323' title='bbox 876 5333 968 5376; x_wconf 88' lang='lat' dir='ltr'>coro·</span> 
     </span>
    </p>
   </div>
   <div class='ocr_carea' id='block_1_7' title="bbox 1718 252 1831 337">
    <p class='ocr_par' dir='ltr' id='par_1_13' title="bbox 1718 252 1831 337">
     <span class='ocr_line' id='line_1_52' title="bbox 1718 252 1831 337; baseline 0.018 -23"><span class='ocrx_word' id='word_1_324' title='bbox 1718 252 1831 337; x_wconf 72' lang='lat' dir='ltr'>(reos)</span> 
     </span>
    </p>
   </div>
   <div class='ocr_carea' id='block_1_8' title="bbox 1035 383 1831 5396">
    <p class='ocr_par' dir='ltr' id='par_1_14' title="bbox 1038 383 1831 549">
     <span class='ocr_line' id='line_1_53' title="bbox 1038 383 1831 468; baseline 0.011 -23"><span class='ocrx_word' id='word_1_325' title='bbox 1038 387 1159 446; x_wconf 85' lang='lat' dir='ltr'>nationis</span> <span class='ocrx_word' id='word_1_326' title='bbox 1173 386 1329 468; x_wconf 80' lang='lat' dir='ltr'>affigendus</span> <span class='ocrx_word' id='word_1_327' title='bbox 1344 430 1353 459; x_wconf 96' lang='lat'>,</span> <span class='ocrx_word' id='word_1_328' title='bbox 1372 383 1459 463; x_wconf 86' lang='lat' dir='ltr'>eujus</span> <span class='ocrx_word' id='word_1_329' title='bbox 1471 396 1559 449; x_wconf 91' lang='lat' dir='ltr'>tenor</span> <span class='ocrx_word' id='word_1_330' title='bbox 1576 388 1642 449; x_wconf 86' lang='lat' dir='ltr'>talis</span> <span class='ocrx_word' id='word_1_331' title='bbox 1656 400 1721 465; x_wconf 88' lang='lat' dir='ltr'>est,</span> <span class='ocrx_word' id='word_1_332' title='bbox 1746 392 1831 455; x_wconf 90' lang='lat' dir='ltr'>vide·</span> 
     </span>
     <span class='ocr_line' id='line_1_54' title="bbox 1040 486 1128 549; baseline 0 -3"><span class='ocrx_word' id='word_1_333' title='bbox 1040 486 1128 549; x_wconf 86' lang='lat' dir='ltr'>licet:</span> 
     </span>
    </p>

    <p class='ocr_par' dir='ltr' id='par_1_15' title="bbox 1035 586 1830 5173">
     <span class='ocr_line' id='line_1_55' title="bbox 1082 586 1828 667; baseline 0.016 -25"><span class='ocrx_word' id='word_1_334' title='bbox 1082 586 1275 648; x_wconf 76' lang='lat' dir='ltr'>«Alexander</span> <span class='ocrx_word' id='word_1_335' title='bbox 1295 586 1457 667; x_wconf 83' lang='lat' dir='ltr'>Episcopus</span> <span class='ocrx_word' id='word_1_336' title='bbox 1478 606 1580 649; x_wconf 84' lang='lat' dir='ltr'>servus</span> <span class='ocrx_word' id='word_1_337' title='bbox 1601 608 1759 652; x_wconf 90' lang='lat' dir='ltr'>servorum</span> <span class='ocrx_word' id='word_1_338' title='bbox 1774 591 1828 654; x_wconf 86' lang='lat' dir='ltr'>Dei</span> 
     </span>
     <span class='ocr_line' id='line_1_56' title="bbox 1041 685 1827 758; baseline 0.014 -13"><span class='ocrx_word' id='word_1_339' title='bbox 1041 687 1145 748; x_wconf 90' lang='lat' dir='ltr'>dilecto</span> <span class='ocrx_word' id='word_1_340' title='bbox 1177 685 1238 749; x_wconf 85' lang='lat' dir='ltr'>utto</span> <span class='ocrx_word' id='word_1_341' title='bbox 1266 688 1390 748; x_wconf 88' lang='lat' dir='ltr'>lohauui</span> <span class='ocrx_word' id='word_1_342' title='bbox 1430 689 1510 749; x_wconf 90' lang='lat' dir='ltr'>tituli</span> <span class='ocrx_word' id='word_1_343' title='bbox 1534 689 1656 752; x_wconf 88' lang='lat' dir='ltr'>Sanctae</span> <span class='ocrx_word' id='word_1_344' title='bbox 1678 691 1827 758; x_wconf 84' lang='lat' dir='ltr'>Susannae</span> 
     </span>
     <span class='ocr_line' id='line_1_57' title="bbox 1041 787 1826 869; baseline 0.009 -20"><span class='ocrx_word' id='word_1_345' title='bbox 1041 789 1212 869; x_wconf 76' lang='lat' dir='ltr'>presbytero</span> <span class='ocrx_word' id='word_1_346' title='bbox 1233 787 1380 848; x_wconf 85' lang='lat' dir='ltr'>Cardinuli</span> <span class='ocrx_word' id='word_1_347' title='bbox 1412 788 1449 847; x_wconf 95' lang='lat' dir='ltr'>ad</span> <span class='ocrx_word' id='word_1_348' title='bbox 1471 808 1594 868; x_wconf 88' lang='lat' dir='ltr'>regnum</span> <span class='ocrx_word' id='word_1_349' title='bbox 1616 791 1730 854; x_wconf 86' lang='lat' dir='ltr'>Siciliae</span> <span class='ocrx_word' id='word_1_350' title='bbox 1752 796 1826 856; x_wconf 89' lang='lat' dir='ltr'>citra</span> 
     </span>
     <span class='ocr_line' id='line_1_58' title="bbox 1041 890 1829 971; baseline 0.006 -21"><span class='ocrx_word' id='word_1_351' title='bbox 1041 891 1171 950; x_wconf 86' lang='lat' dir='ltr'>Pharum</span> <span class='ocrx_word' id='word_1_352' title='bbox 1184 900 1284 950; x_wconf 88' lang='lat' dir='ltr'>nostro</span> <span class='ocrx_word' id='word_1_353' title='bbox 1299 900 1327 948; x_wconf 86' lang='lat' dir='ltr'>et</span> <span class='ocrx_word' id='word_1_354' title='bbox 1339 890 1519 968; x_wconf 76' lang='lat' dir='ltr'>Apostolicue</span> <span class='ocrx_word' id='word_1_355' title='bbox 1531 891 1618 951; x_wconf 85' lang='lat' dir='ltr'>Sedis</span> <span class='ocrx_word' id='word_1_356' title='bbox 1625 890 1737 971; x_wconf 81' lang='lat' dir='ltr'>Legata</span> <span class='ocrx_word' id='word_1_357' title='bbox 1747 898 1829 955; x_wconf 90' lang='lat' dir='ltr'>salu·</span> 
     </span>
     <span class='ocr_line' id='line_1_59' title="bbox 1041 990 1828 1069; baseline 0.006 -18"><span class='ocrx_word' id='word_1_358' title='bbox 1041 1002 1100 1051; x_wconf 92' lang='lat' dir='ltr'>tem</span> <span class='ocrx_word' id='word_1_359' title='bbox 1121 1003 1150 1051; x_wconf 91' lang='lat' dir='ltr'>et</span> <span class='ocrx_word' id='word_1_360' title='bbox 1170 990 1355 1069; x_wconf 86' lang='lat' dir='ltr'>apostolicum</span> <span class='ocrx_word' id='word_1_361' title='bbox 1376 991 1608 1052; x_wconf 83' lang='lat' dir='ltr'>benedictionem.</span> <span class='ocrx_word' id='word_1_362' title='bbox 1632 993 1705 1053; x_wconf 89' lang='lat' dir='ltr'>Cum</span> <span class='ocrx_word' id='word_1_363' title='bbox 1729 1012 1780 1053; x_wconf 88' lang='lat' dir='ltr'>nos</span> <span class='ocrx_word' id='word_1_364' title='bbox 1797 1006 1828 1057; x_wconf 89' lang='lat' dir='ltr'>te</span> 
     </span>
     <span class='ocr_line' id='line_1_60' title="bbox 1042 1091 1828 1170; baseline 0.005 -20"><span class='ocrx_word' id='word_1_365' title='bbox 1042 1091 1313 1170; x_wconf 88' lang='lat' dir='ltr'>inpraesentiarum</span> <span class='ocrx_word' id='word_1_366' title='bbox 1328 1091 1363 1149; x_wconf 89' lang='lat' dir='ltr'>nd</span> <span class='ocrx_word' id='word_1_367' title='bbox 1380 1110 1501 1170; x_wconf 85' lang='lat' dir='ltr'>reguum</span> <span class='ocrx_word' id='word_1_368' title='bbox 1523 1092 1638 1153; x_wconf 85' lang='lat' dir='ltr'>Siciliae</span> <span class='ocrx_word' id='word_1_369' title='bbox 1657 1095 1732 1153; x_wconf 89' lang='lat' dir='ltr'>citra</span> <span class='ocrx_word' id='word_1_370' title='bbox 1748 1093 1828 1154; x_wconf 85' lang='lat' dir='ltr'>Pha-</span> 
     </span>
     <span class='ocr_line' id='line_1_61' title="bbox 1041 1191 1828 1262; baseline 0.005 -11"><span class='ocrx_word' id='word_1_371' title='bbox 1041 1210 1130 1262; x_wconf 89' lang='lat' dir='ltr'>rum,</span> <span class='ocrx_word' id='word_1_372' title='bbox 1152 1193 1187 1250; x_wconf 88' lang='lat' dir='ltr'>ad</span> <span class='ocrx_word' id='word_1_373' title='bbox 1203 1193 1386 1252; x_wconf 86' lang='lat' dir='ltr'>carissimum</span> <span class='ocrx_word' id='word_1_374' title='bbox 1403 1195 1430 1250; x_wconf 93' lang='lat' dir='ltr'>in</span> <span class='ocrx_word' id='word_1_375' title='bbox 1451 1191 1570 1252; x_wconf 81' lang='lat' dir='ltr'>Christo</span> <span class='ocrx_word' id='word_1_376' title='bbox 1585 1192 1678 1253; x_wconf 84' lang='lat' dir='ltr'>lilium</span> <span class='ocrx_word' id='word_1_377' title='bbox 1694 1207 1828 1256; x_wconf 87' lang='lat' dir='ltr'>nostrum</span> 
     </span>
     <span class='ocr_line' id='line_1_62' title="bbox 1040 1287 1828 1373; baseline 0.008 -23"><span class='ocrx_word' id='word_1_378' title='bbox 1040 1291 1218 1370; x_wconf 77' lang='lat' dir='ltr'>Alphonsum</span> <span class='ocrx_word' id='word_1_379' title='bbox 1236 1287 1365 1366; x_wconf 88' lang='lat' dir='ltr'>ejusdem</span> <span class='ocrx_word' id='word_1_380' title='bbox 1389 1293 1471 1369; x_wconf 86' lang='lat' dir='ltr'>regui</span> <span class='ocrx_word' id='word_1_381' title='bbox 1485 1291 1594 1370; x_wconf 80' lang='lat' dir='ltr'>Regem</span> <span class='ocrx_word' id='word_1_382' title='bbox 1614 1312 1669 1373; x_wconf 90' lang='lat' dir='ltr'>pro</span> <span class='ocrx_word' id='word_1_383' title='bbox 1684 1296 1828 1356; x_wconf 87' lang='lat' dir='ltr'>nonnullis</span> 
     </span>
     <span class='ocr_line' id='line_1_63' title="bbox 1041 1391 1828 1475; baseline 0.005 -23"><span class='ocrx_word' id='word_1_384' title='bbox 1041 1394 1145 1452; x_wconf 91' lang='lat' dir='ltr'>nostris</span> <span class='ocrx_word' id='word_1_385' title='bbox 1166 1403 1195 1452; x_wconf 90' lang='lat' dir='ltr'>et</span> <span class='ocrx_word' id='word_1_386' title='bbox 1216 1392 1337 1452; x_wconf 87' lang='lat' dir='ltr'>Sanctae</span> <span class='ocrx_word' id='word_1_387' title='bbox 1360 1391 1505 1453; x_wconf 88' lang='lat' dir='ltr'>Romanae</span> <span class='ocrx_word' id='word_1_388' title='bbox 1527 1392 1675 1455; x_wconf 86' lang='lat' dir='ltr'>Ecclesiae</span> <span class='ocrx_word' id='word_1_389' title='bbox 1701 1397 1828 1475; x_wconf 82' lang='lat' dir='ltr'>negociis</span> 
     </span>
     <span class='ocr_line' id='line_1_64' title="bbox 1041 1492 1829 1572; baseline 0.006 -19"><span class='ocrx_word' id='word_1_390' title='bbox 1041 1493 1231 1572; x_wconf 85' lang='lat' dir='ltr'>peragendis,</span> <span class='ocrx_word' id='word_1_391' title='bbox 1254 1501 1386 1551; x_wconf 89' lang='lat' dir='ltr'>nostrum</span> <span class='ocrx_word' id='word_1_392' title='bbox 1407 1501 1436 1553; x_wconf 91' lang='lat' dir='ltr'>et</span> <span class='ocrx_word' id='word_1_393' title='bbox 1457 1492 1637 1571; x_wconf 75' lang='lat' dir='ltr'>Apostolicae</span> <span class='ocrx_word' id='word_1_394' title='bbox 1660 1495 1742 1556; x_wconf 89' lang='lat' dir='ltr'>Sedis</span> <span class='ocrx_word' id='word_1_395' title='bbox 1769 1494 1829 1558; x_wconf 85' lang='lat' dir='ltr'>Le·</span> 
     </span>
     <span class='ocr_line' id='line_1_65' title="bbox 1042 1591 1828 1674; baseline 0.006 -21"><span class='ocrx_word' id='word_1_396' title='bbox 1042 1606 1143 1673; x_wconf 85' lang='lat' dir='ltr'>gutum</span> <span class='ocrx_word' id='word_1_397' title='bbox 1165 1594 1199 1653; x_wconf 92' lang='lat' dir='ltr'>de</span> <span class='ocrx_word' id='word_1_398' title='bbox 1220 1591 1335 1663; x_wconf 81' lang='lat' dir='ltr'>Latere,</span> <span class='ocrx_word' id='word_1_399' title='bbox 1356 1591 1393 1652; x_wconf 87' lang='lat' dir='ltr'>ad</span> <span class='ocrx_word' id='word_1_400' title='bbox 1421 1591 1473 1652; x_wconf 87' lang='lat' dir='ltr'>Dei</span> <span class='ocrx_word' id='word_1_401' title='bbox 1496 1593 1612 1654; x_wconf 86' lang='lat' dir='ltr'>laudern</span> <span class='ocrx_word' id='word_1_402' title='bbox 1633 1605 1662 1656; x_wconf 92' lang='lat' dir='ltr'>et</span> <span class='ocrx_word' id='word_1_403' title='bbox 1683 1597 1828 1674; x_wconf 87' lang='lat' dir='ltr'>praefatae</span> 
     </span>
     <span class='ocr_line' id='line_1_66' title="bbox 1041 1692 1829 1766; baseline 0.004 -12"><span class='ocrx_word' id='word_1_404' title='bbox 1041 1695 1188 1756; x_wconf 79' lang='lat' dir='ltr'>Ecclesiae</span> <span class='ocrx_word' id='word_1_405' title='bbox 1210 1704 1316 1752; x_wconf 85' lang='lat' dir='ltr'>etatum</span> <span class='ocrx_word' id='word_1_406' title='bbox 1346 1703 1375 1754; x_wconf 89' lang='lat' dir='ltr'>et</span> <span class='ocrx_word' id='word_1_407' title='bbox 1395 1692 1547 1766; x_wconf 81' lang='lat' dir='ltr'>horrorem,</span> <span class='ocrx_word' id='word_1_408' title='bbox 1568 1694 1603 1754; x_wconf 92' lang='lat' dir='ltr'>de</span> <span class='ocrx_word' id='word_1_409' title='bbox 1621 1695 1749 1755; x_wconf 89' lang='lat' dir='ltr'>fratrum</span> <span class='ocrx_word' id='word_1_410' title='bbox 1772 1716 1829 1757; x_wconf 92' lang='lat' dir='ltr'>no·</span> 
     </span>
     <span class='ocr_line' id='line_1_67' title="bbox 1041 1793 1829 1870; baseline 0.004 -15"><span class='ocrx_word' id='word_1_411' title='bbox 1041 1807 1170 1857; x_wconf 88' lang='lat' dir='ltr'>strorum</span> <span class='ocrx_word' id='word_1_412' title='bbox 1205 1794 1323 1854; x_wconf 91' lang='lat' dir='ltr'>consilio</span> <span class='ocrx_word' id='word_1_413' title='bbox 1352 1793 1519 1854; x_wconf 76' lang='lat' dir='ltr'>duxerimus</span> <span class='ocrx_word' id='word_1_414' title='bbox 1540 1793 1751 1870; x_wconf 91' lang='lat' dir='ltr'>destinandum,</span> <span class='ocrx_word' id='word_1_415' title='bbox 1780 1799 1829 1858; x_wconf 91' lang='lat' dir='ltr'>tihi</span> 
     </span>
     <span class='ocr_line' id='line_1_68' title="bbox 1042 1894 1830 1976; baseline 0.003 -19"><span class='ocrx_word' id='word_1_416' title='bbox 1042 1897 1225 1976; x_wconf 89' lang='lat' dir='ltr'>praedictum</span> <span class='ocrx_word' id='word_1_417' title='bbox 1238 1894 1346 1973; x_wconf 89' lang='lat' dir='ltr'>Regem</span> <span class='ocrx_word' id='word_1_418' title='bbox 1359 1895 1514 1973; x_wconf 89' lang='lat' dir='ltr'>inungendi</span> <span class='ocrx_word' id='word_1_419' title='bbox 1524 1905 1552 1955; x_wconf 93' lang='lat' dir='ltr'>et</span> <span class='ocrx_word' id='word_1_420' title='bbox 1564 1896 1675 1974; x_wconf 87' lang='lat' dir='ltr'>regiam</span> <span class='ocrx_word' id='word_1_421' title='bbox 1690 1916 1830 1959; x_wconf 89' lang='lat' dir='ltr'>eoronam</span> 
     </span>
     <span class='ocr_line' id='line_1_69' title="bbox 1041 1993 1828 2075; baseline 0.006 -20"><span class='ocrx_word' id='word_1_422' title='bbox 1041 1997 1129 2075; x_wconf 91' lang='lat' dir='ltr'>capiti</span> <span class='ocrx_word' id='word_1_423' title='bbox 1149 2014 1203 2055; x_wconf 93' lang='lat' dir='ltr'>suo</span> <span class='ocrx_word' id='word_1_424' title='bbox 1225 1993 1403 2073; x_wconf 91' lang='lat' dir='ltr'>imponendi,</span> <span class='ocrx_word' id='word_1_425' title='bbox 1419 2005 1448 2055; x_wconf 90' lang='lat' dir='ltr'>et</span> <span class='ocrx_word' id='word_1_426' title='bbox 1465 1993 1581 2054; x_wconf 85' lang='lat' dir='ltr'>Siciliae</span> <span class='ocrx_word' id='word_1_427' title='bbox 1604 1996 1678 2056; x_wconf 90' lang='lat' dir='ltr'>citra</span> <span class='ocrx_word' id='word_1_428' title='bbox 1697 1997 1828 2060; x_wconf 85' lang='lat' dir='ltr'>Pharum</span> 
     </span>
     <span class='ocr_line' id='line_1_70' title="bbox 1040 2094 1828 2176; baseline 0.003 -20"><span class='ocrx_word' id='word_1_429' title='bbox 1040 2096 1149 2176; x_wconf 85' lang='lat' dir='ltr'>Regem</span> <span class='ocrx_word' id='word_1_430' title='bbox 1170 2095 1354 2158; x_wconf 81' lang='lat' dir='ltr'>catholicum</span> <span class='ocrx_word' id='word_1_431' title='bbox 1376 2095 1535 2156; x_wconf 90' lang='lat' dir='ltr'>coronandi</span> <span class='ocrx_word' id='word_1_432' title='bbox 1561 2094 1731 2158; x_wconf 89' lang='lat' dir='ltr'>facultatem</span> <span class='ocrx_word' id='word_1_433' title='bbox 1754 2115 1828 2159; x_wconf 92' lang='lat' dir='ltr'>con·</span> 
     </span>
     <span class='ocr_line' id='line_1_71' title="bbox 1041 2195 1828 2278; baseline 0 -19"><span class='ocrx_word' id='word_1_434' title='bbox 1041 2198 1190 2269; x_wconf 88' lang='lat' dir='ltr'>cedentes,</span> <span class='ocrx_word' id='word_1_435' title='bbox 1212 2205 1302 2274; x_wconf 88' lang='lat' dir='ltr'>prout</span> <span class='ocrx_word' id='word_1_436' title='bbox 1333 2195 1363 2253; x_wconf 92' lang='lat' dir='ltr'>in</span> <span class='ocrx_word' id='word_1_437' title='bbox 1393 2196 1456 2255; x_wconf 88' lang='lat' dir='ltr'>aliis</span> <span class='ocrx_word' id='word_1_438' title='bbox 1478 2197 1584 2257; x_wconf 89' lang='lat' dir='ltr'>nostris</span> <span class='ocrx_word' id='word_1_439' title='bbox 1609 2197 1732 2278; x_wconf 89' lang='lat' dir='ltr'>desuper</span> <span class='ocrx_word' id='word_1_440' title='bbox 1754 2216 1828 2259; x_wconf 90' lang='lat' dir='ltr'>con·</span> 
     </span>
     <span class='ocr_line' id='line_1_72' title="bbox 1040 2295 1829 2379; baseline 0.001 -21"><span class='ocrx_word' id='word_1_441' title='bbox 1040 2299 1118 2359; x_wconf 84' lang='lat' dir='ltr'>fectis</span> <span class='ocrx_word' id='word_1_442' title='bbox 1141 2298 1243 2358; x_wconf 87' lang='lat' dir='ltr'>litteris</span> <span class='ocrx_word' id='word_1_443' title='bbox 1265 2296 1448 2370; x_wconf 83' lang='lat' dir='ltr'>continetur„</span> <span class='ocrx_word' id='word_1_444' title='bbox 1463 2295 1521 2357; x_wconf 83' lang='lat' dir='ltr'>Nos</span> <span class='ocrx_word' id='word_1_445' title='bbox 1537 2299 1705 2377; x_wconf 89' lang='lat' dir='ltr'>cupientes,</span> <span class='ocrx_word' id='word_1_446' title='bbox 1720 2308 1754 2357; x_wconf 93' lang='lat' dir='ltr'>ut</span> <span class='ocrx_word' id='word_1_447' title='bbox 1768 2301 1829 2379; x_wconf 88' lang='lat' dir='ltr'>spi-</span> 
     </span>
     <span class='ocr_line' id='line_1_73' title="bbox 1041 2398 1828 2475; baseline -0.001 -14"><span class='ocrx_word' id='word_1_448' title='bbox 1041 2401 1100 2460; x_wconf 89' lang='lat' dir='ltr'>ritu</span> <span class='ocrx_word' id='word_1_449' title='bbox 1122 2398 1247 2458; x_wconf 90' lang='lat' dir='ltr'>aliarum</span> <span class='ocrx_word' id='word_1_450' title='bbox 1269 2398 1456 2475; x_wconf 86' lang='lat' dir='ltr'>largitionum</span> <span class='ocrx_word' id='word_1_451' title='bbox 1477 2409 1506 2458; x_wconf 93' lang='lat' dir='ltr'>et</span> <span class='ocrx_word' id='word_1_452' title='bbox 1528 2416 1681 2459; x_wconf 91' lang='lat' dir='ltr'>munerum</span> <span class='ocrx_word' id='word_1_453' title='bbox 1704 2400 1828 2475; x_wconf 89' lang='lat' dir='ltr'>incolas,</span> 
     </span>
     <span class='ocr_line' id='line_1_74' title="bbox 1040 2498 1829 2581; baseline -0.004 -18"><span class='ocrx_word' id='word_1_454' title='bbox 1040 2514 1068 2563; x_wconf 90' lang='lat' dir='ltr'>et</span> <span class='ocrx_word' id='word_1_455' title='bbox 1090 2501 1265 2560; x_wconf 87' lang='lat' dir='ltr'>habitatores</span> <span class='ocrx_word' id='word_1_456' title='bbox 1287 2498 1415 2577; x_wconf 89' lang='lat' dir='ltr'>partium</span> <span class='ocrx_word' id='word_1_457' title='bbox 1438 2499 1557 2581; x_wconf 87' lang='lat' dir='ltr'>illarum</span> <span class='ocrx_word' id='word_1_458' title='bbox 1579 2498 1682 2558; x_wconf 88' lang='lat' dir='ltr'>reddas</span> <span class='ocrx_word' id='word_1_459' title='bbox 1703 2498 1781 2568; x_wconf 82' lang='lat' dir='ltr'>Deo,</span> <span class='ocrx_word' id='word_1_460' title='bbox 1800 2509 1829 2560; x_wconf 91' lang='lat' dir='ltr'>et</span> 
     </span>
     <span class='ocr_line' id='line_1_75' title="bbox 1041 2599 1827 2680; baseline -0.004 -17"><span class='ocrx_word' id='word_1_461' title='bbox 1041 2601 1107 2663; x_wconf 85' lang='lat' dir='ltr'>Sedi</span> <span class='ocrx_word' id='word_1_462' title='bbox 1130 2599 1293 2680; x_wconf 88' lang='lat' dir='ltr'>praedictae</span> <span class='ocrx_word' id='word_1_463' title='bbox 1315 2600 1381 2678; x_wconf 89' lang='lat' dir='ltr'>plus</span> <span class='ocrx_word' id='word_1_464' title='bbox 1403 2599 1541 2670; x_wconf 86' lang='lat' dir='ltr'>devotos,</span> <span class='ocrx_word' id='word_1_465' title='bbox 1563 2599 1598 2659; x_wconf 88' lang='lat' dir='ltr'>de</span> <span class='ocrx_word' id='word_1_466' title='bbox 1624 2601 1827 2678; x_wconf 91' lang='lat' dir='ltr'>omnipotentis</span> 
     </span>
     <span class='ocr_line' id='line_1_76' title="bbox 1040 2699 1827 2771; baseline -0.004 -8"><span class='ocrx_word' id='word_1_467' title='bbox 1040 2701 1092 2763; x_wconf 89' lang='lat' dir='ltr'>Dei</span> <span class='ocrx_word' id='word_1_468' title='bbox 1114 2699 1337 2771; x_wconf 89' lang='lat' dir='ltr'>misericordia,</span> <span class='ocrx_word' id='word_1_469' title='bbox 1358 2718 1392 2759; x_wconf 90' lang='lat' dir='ltr'>ac</span> <span class='ocrx_word' id='word_1_470' title='bbox 1414 2699 1567 2759; x_wconf 90' lang='lat' dir='ltr'>beatorum</span> <span class='ocrx_word' id='word_1_471' title='bbox 1590 2699 1670 2760; x_wconf 86' lang='lat' dir='ltr'>Petri</span> <span class='ocrx_word' id='word_1_472' title='bbox 1692 2710 1722 2760; x_wconf 85' lang='lat' dir='ltr'>et</span> <span class='ocrx_word' id='word_1_473' title='bbox 1743 2699 1827 2761; x_wconf 86' lang='lat' dir='ltr'>Pauli</span> 
     </span>
     <span class='ocr_line' id='line_1_77' title="bbox 1039 2798 1827 2881; baseline -0.003 -19"><span class='ocrx_word' id='word_1_474' title='bbox 1039 2803 1246 2881; x_wconf 76' lang='lat' dir='ltr'>Apostolorum</span> <span class='ocrx_word' id='word_1_475' title='bbox 1264 2799 1436 2859; x_wconf 85' lang='lat' dir='ltr'>auctoritate</span> <span class='ocrx_word' id='word_1_476' title='bbox 1451 2798 1563 2870; x_wconf 80' lang='lat' dir='ltr'>corrbsi,</span> <span class='ocrx_word' id='word_1_477' title='bbox 1577 2800 1827 2880; x_wconf 88' lang='lat' dir='ltr'>circumspectioni</span> 
     </span>
     <span class='ocr_line' id='line_1_78' title="bbox 1042 2898 1825 2978; baseline 0 -16"><span class='ocrx_word' id='word_1_478' title='bbox 1042 2914 1131 2974; x_wconf 88' lang='lat' dir='ltr'>tuae,</span> <span class='ocrx_word' id='word_1_479' title='bbox 1153 2911 1186 2959; x_wconf 94' lang='lat' dir='ltr'>ut</span> <span class='ocrx_word' id='word_1_480' title='bbox 1206 2898 1274 2971; x_wconf 87' lang='lat' dir='ltr'>die,</span> <span class='ocrx_word' id='word_1_481' title='bbox 1296 2917 1353 2976; x_wconf 90' lang='lat' dir='ltr'>qua</span> <span class='ocrx_word' id='word_1_482' title='bbox 1375 2919 1429 2978; x_wconf 92' lang='lat' dir='ltr'>pro</span> <span class='ocrx_word' id='word_1_483' title='bbox 1452 2902 1637 2962; x_wconf 90' lang='lat' dir='ltr'>coronatione</span> <span class='ocrx_word' id='word_1_484' title='bbox 1658 2898 1825 2976; x_wconf 81' lang='lat' dir='ltr'>hujusmodi</span> 
     </span>
     <span class='ocr_line' id='line_1_79' title="bbox 1039 2999 1825 3081; baseline 0.005 -20"><span class='ocrx_word' id='word_1_485' title='bbox 1039 3002 1166 3063; x_wconf 86' lang='lat' dir='ltr'>facienda</span> <span class='ocrx_word' id='word_1_486' title='bbox 1190 2999 1304 3061; x_wconf 78' lang='lat' dir='ltr'>Missam</span> <span class='ocrx_word' id='word_1_487' title='bbox 1336 3000 1508 3074; x_wconf 90' lang='lat' dir='ltr'>celebrabis,</span> <span class='ocrx_word' id='word_1_488' title='bbox 1529 3012 1593 3081; x_wconf 93' lang='lat' dir='ltr'>post</span> <span class='ocrx_word' id='word_1_489' title='bbox 1615 3003 1703 3080; x_wconf 83' lang='lat' dir='ltr'>ipsius</span> <span class='ocrx_word' id='word_1_490' title='bbox 1725 3003 1825 3065; x_wconf 84' lang='lat' dir='ltr'>hlissae</span> 
     </span>
     <span class='ocr_line' id='line_1_80' title="bbox 1039 3102 1824 3183; baseline 0 -19"><span class='ocrx_word' id='word_1_491' title='bbox 1039 3103 1247 3164; x_wconf 86' lang='lat' dir='ltr'>solemnitatem</span> <span class='ocrx_word' id='word_1_492' title='bbox 1283 3102 1416 3160; x_wconf 86' lang='lat' dir='ltr'>omnibus</span> <span class='ocrx_word' id='word_1_493' title='bbox 1450 3113 1479 3163; x_wconf 87' lang='lat' dir='ltr'>et</span> <span class='ocrx_word' id='word_1_494' title='bbox 1513 3104 1635 3182; x_wconf 86' lang='lat' dir='ltr'>siugulis</span> <span class='ocrx_word' id='word_1_495' title='bbox 1670 3106 1824 3183; x_wconf 86' lang='lat' dir='ltr'>utriusque</span> 
     </span>
     <span class='ocr_line' id='line_1_81' title="bbox 1039 3199 1825 3291; baseline 0 -28"><span class='ocrx_word' id='word_1_496' title='bbox 1039 3222 1121 3264; x_wconf 81' lang='lat' dir='ltr'>scsrrs</span> <span class='ocrx_word' id='word_1_497' title='bbox 1143 3201 1251 3291; x_wconf 79' lang='lat' dir='ltr'>Christi</span> <span class='ocrx_word' id='word_1_498' title='bbox 1274 3199 1406 3261; x_wconf 84' lang='lat' dir='ltr'>fidelibus</span> <span class='ocrx_word' id='word_1_499' title='bbox 1428 3201 1629 3280; x_wconf 90' lang='lat' dir='ltr'>undecumque</span> <span class='ocrx_word' id='word_1_500' title='bbox 1646 3204 1825 3264; x_wconf 85' lang='lat' dir='ltr'>venientibus</span> 
     </span>
     <span class='ocr_line' id='line_1_82' title="bbox 1039 3301 1823 3381; baseline 0.001 -18"><span class='ocrx_word' id='word_1_501' title='bbox 1039 3303 1089 3381; x_wconf 85' lang='lat' dir='ltr'>qui</span> <span class='ocrx_word' id='word_1_502' title='bbox 1108 3302 1198 3362; x_wconf 88' lang='lat' dir='ltr'>eidem</span> <span class='ocrx_word' id='word_1_503' title='bbox 1212 3301 1334 3372; x_wconf 81' lang='lat' dir='ltr'>blissac,</span> <span class='ocrx_word' id='word_1_504' title='bbox 1356 3311 1407 3360; x_wconf 89' lang='lat' dir='ltr'>aut</span> <span class='ocrx_word' id='word_1_505' title='bbox 1423 3302 1610 3363; x_wconf 90' lang='lat' dir='ltr'>benedictioni</span> <span class='ocrx_word' id='word_1_506' title='bbox 1630 3315 1698 3364; x_wconf 90' lang='lat' dir='ltr'>tuae</span> <span class='ocrx_word' id='word_1_507' title='bbox 1715 3349 1724 3377; x_wconf 92' lang='lat'>,</span> <span class='ocrx_word' id='word_1_508' title='bbox 1739 3323 1823 3381; x_wconf 90' lang='lat' dir='ltr'>quam</span> 
     </span>
     <span class='ocr_line' id='line_1_83' title="bbox 1039 3402 1824 3484; baseline 0 -21"><span class='ocrx_word' id='word_1_509' title='bbox 1039 3413 1104 3483; x_wconf 90' lang='lat' dir='ltr'>post</span> <span class='ocrx_word' id='word_1_510' title='bbox 1125 3403 1216 3482; x_wconf 85' lang='lat' dir='ltr'>ipsam</span> <span class='ocrx_word' id='word_1_511' title='bbox 1232 3402 1346 3462; x_wconf 83' lang='lat' dir='ltr'>blissam</span> <span class='ocrx_word' id='word_1_512' title='bbox 1363 3404 1472 3481; x_wconf 94' lang='lat' dir='ltr'>populo</span> <span class='ocrx_word' id='word_1_513' title='bbox 1494 3404 1560 3463; x_wconf 91' lang='lat' dir='ltr'>inibi</span> <span class='ocrx_word' id='word_1_514' title='bbox 1579 3405 1711 3465; x_wconf 80' lang='lat' dir='ltr'>existenti</span> <span class='ocrx_word' id='word_1_515' title='bbox 1734 3406 1824 3484; x_wconf 85' lang='lat' dir='ltr'>largi·</span> 
     </span>
     <span class='ocr_line' id='line_1_84' title="bbox 1040 3503 1824 3586; baseline 0.005 -24"><span class='ocrx_word' id='word_1_516' title='bbox 1040 3513 1086 3562; x_wconf 91' lang='lat' dir='ltr'>tus</span> <span class='ocrx_word' id='word_1_517' title='bbox 1105 3503 1206 3576; x_wconf 86' lang='lat' dir='ltr'>fueris,</span> <span class='ocrx_word' id='word_1_518' title='bbox 1224 3503 1417 3574; x_wconf 89' lang='lat' dir='ltr'>interfuerint,</span> <span class='ocrx_word' id='word_1_519' title='bbox 1432 3504 1590 3583; x_wconf 89' lang='lat' dir='ltr'>plenariam</span> <span class='ocrx_word' id='word_1_520' title='bbox 1606 3508 1737 3565; x_wconf 86' lang='lat' dir='ltr'>omnium</span> <span class='ocrx_word' id='word_1_521' title='bbox 1759 3523 1824 3586; x_wconf 87' lang='lat' dir='ltr'>pec-</span> 
     </span>
     <span class='ocr_line' id='line_1_85' title="bbox 1038 3604 1822 3685; baseline 0.001 -21"><span class='ocrx_word' id='word_1_522' title='bbox 1038 3616 1172 3664; x_wconf 87' lang='lat' dir='ltr'>catorum</span> <span class='ocrx_word' id='word_1_523' title='bbox 1193 3621 1317 3662; x_wconf 90' lang='lat' dir='ltr'>suorum</span> <span class='ocrx_word' id='word_1_524' title='bbox 1339 3604 1532 3665; x_wconf 89' lang='lat' dir='ltr'>remissionem</span> <span class='ocrx_word' id='word_1_525' title='bbox 1554 3617 1584 3666; x_wconf 90' lang='lat' dir='ltr'>et</span> <span class='ocrx_word' id='word_1_526' title='bbox 1613 3607 1822 3685; x_wconf 89' lang='lat' dir='ltr'>indulgentiam</span> 
     </span>
     <span class='ocr_line' id='line_1_86' title="bbox 1038 3703 1821 3786; baseline 0.004 -22"><span class='ocrx_word' id='word_1_527' title='bbox 1038 3705 1182 3764; x_wconf 90' lang='lat' dir='ltr'>informa</span> <span class='ocrx_word' id='word_1_528' title='bbox 1208 3703 1356 3764; x_wconf 86' lang='lat' dir='ltr'>Ecclesiae</span> <span class='ocrx_word' id='word_1_529' title='bbox 1377 3717 1534 3778; x_wconf 88' lang='lat' dir='ltr'>consueta,</span> <span class='ocrx_word' id='word_1_530' title='bbox 1555 3708 1731 3767; x_wconf 88' lang='lat' dir='ltr'>auctoritate</span> <span class='ocrx_word' id='word_1_531' title='bbox 1752 3726 1821 3786; x_wconf 90' lang='lat' dir='ltr'>apo·</span> 
     </span>
     <span class='ocr_line' id='line_1_87' title="bbox 1037 3803 1819 3883; baseline 0.005 -21"><span class='ocrx_word' id='word_1_532' title='bbox 1037 3806 1137 3863; x_wconf 90' lang='lat' dir='ltr'>stolica</span> <span class='ocrx_word' id='word_1_533' title='bbox 1160 3803 1321 3882; x_wconf 85' lang='lat' dir='ltr'>largiendi,</span> <span class='ocrx_word' id='word_1_534' title='bbox 1342 3821 1376 3863; x_wconf 90' lang='lat' dir='ltr'>ac</span> <span class='ocrx_word' id='word_1_535' title='bbox 1398 3805 1484 3865; x_wconf 87' lang='lat' dir='ltr'>etiam</span> <span class='ocrx_word' id='word_1_536' title='bbox 1503 3818 1552 3865; x_wconf 86' lang='lat' dir='ltr'>tua</span> <span class='ocrx_word' id='word_1_537' title='bbox 1574 3805 1745 3883; x_wconf 85' lang='lat' dir='ltr'>hujusmodi</span> <span class='ocrx_word' id='word_1_538' title='bbox 1760 3809 1819 3868; x_wconf 90' lang='lat' dir='ltr'>lar·</span> 
     </span>
     <span class='ocr_line' id='line_1_88' title="bbox 1038 3903 1823 3986; baseline 0.005 -24"><span class='ocrx_word' id='word_1_539' title='bbox 1038 3904 1146 3982; x_wconf 88' lang='lat' dir='ltr'>gitione</span> <span class='ocrx_word' id='word_1_540' title='bbox 1161 3903 1295 3975; x_wconf 85' lang='lat' dir='ltr'>durante,</span> <span class='ocrx_word' id='word_1_541' title='bbox 1311 3903 1385 3964; x_wconf 88' lang='lat' dir='ltr'>infra</span> <span class='ocrx_word' id='word_1_542' title='bbox 1400 3906 1477 3966; x_wconf 86' lang='lat' dir='ltr'>illius</span> <span class='ocrx_word' id='word_1_543' title='bbox 1491 3907 1618 3981; x_wconf 90' lang='lat' dir='ltr'>limites,</span> <span class='ocrx_word' id='word_1_544' title='bbox 1640 3927 1727 3986; x_wconf 83' lang='lat' dir='ltr'>quem</span> <span class='ocrx_word' id='word_1_545' title='bbox 1750 3926 1823 3985; x_wconf 90' lang='lat' dir='ltr'>quo·</span> 
     </span>
     <span class='ocr_line' id='line_1_89' title="bbox 1038 4005 1822 4085; baseline 0.006 -21"><span class='ocrx_word' id='word_1_546' title='bbox 1038 4007 1214 4083; x_wconf 82' lang='lat' dir='ltr'>tieseumque</span> <span class='ocrx_word' id='word_1_547' title='bbox 1234 4017 1264 4067; x_wconf 91' lang='lat' dir='ltr'>et</span> <span class='ocrx_word' id='word_1_548' title='bbox 1283 4005 1462 4085; x_wconf 90' lang='lat' dir='ltr'>ubicumque</span> <span class='ocrx_word' id='word_1_549' title='bbox 1482 4008 1650 4069; x_wconf 87' lang='lat' dir='ltr'>solemniter</span> <span class='ocrx_word' id='word_1_550' title='bbox 1673 4027 1775 4069; x_wconf 88' lang='lat' dir='ltr'>coram</span> <span class='ocrx_word' id='word_1_551' title='bbox 1798 4019 1822 4070; x_wconf 89' lang='lat' dir='ltr'>te</span> 
     </span>
     <span class='ocr_line' id='line_1_90' title="bbox 1037 4106 1821 4189; baseline 0.004 -24"><span class='ocrx_word' id='word_1_552' title='bbox 1037 4106 1178 4166; x_wconf 89' lang='lat' dir='ltr'>celebrari</span> <span class='ocrx_word' id='word_1_553' title='bbox 1199 4106 1317 4179; x_wconf 88' lang='lat' dir='ltr'>feceris,</span> <span class='ocrx_word' id='word_1_554' title='bbox 1339 4120 1468 4188; x_wconf 87' lang='lat' dir='ltr'>septem,</span> <span class='ocrx_word' id='word_1_555' title='bbox 1502 4127 1569 4170; x_wconf 88' lang='lat' dir='ltr'>cum</span> <span class='ocrx_word' id='word_1_556' title='bbox 1591 4129 1648 4170; x_wconf 92' lang='lat' dir='ltr'>non</span> <span class='ocrx_word' id='word_1_557' title='bbox 1670 4121 1821 4189; x_wconf 89' lang='lat' dir='ltr'>antequam</span> 
     </span>
     <span class='ocr_line' id='line_1_91' title="bbox 1037 4209 1824 4290; baseline 0.004 -24"><span class='ocrx_word' id='word_1_558' title='bbox 1037 4209 1205 4280; x_wconf 83' lang='lat' dir='ltr'>civitatem,</span> <span class='ocrx_word' id='word_1_559' title='bbox 1225 4225 1278 4268; x_wconf 90' lang='lat' dir='ltr'>seu</span> <span class='ocrx_word' id='word_1_560' title='bbox 1300 4209 1397 4268; x_wconf 92' lang='lat' dir='ltr'>locum</span> <span class='ocrx_word' id='word_1_561' title='bbox 1418 4209 1560 4289; x_wconf 88' lang='lat' dir='ltr'>insignem</span> <span class='ocrx_word' id='word_1_562' title='bbox 1586 4229 1640 4290; x_wconf 94' lang='lat' dir='ltr'>pro</span> <span class='ocrx_word' id='word_1_563' title='bbox 1662 4211 1760 4290; x_wconf 90' lang='lat' dir='ltr'>primo</span> <span class='ocrx_word' id='word_1_564' title='bbox 1781 4213 1824 4270; x_wconf 89' lang='lat' dir='ltr'>in·</span> 
     </span>
     <span class='ocr_line' id='line_1_92' title="bbox 1036 4309 1823 4390; baseline 0.005 -24"><span class='ocrx_word' id='word_1_565' title='bbox 1036 4325 1138 4386; x_wconf 85' lang='lat' dir='ltr'>gressu</span> <span class='ocrx_word' id='word_1_566' title='bbox 1161 4309 1327 4369; x_wconf 87' lang='lat' dir='ltr'>solemniter</span> <span class='ocrx_word' id='word_1_567' title='bbox 1344 4310 1521 4381; x_wconf 87' lang='lat' dir='ltr'>intraveris,</span> <span class='ocrx_word' id='word_1_568' title='bbox 1540 4310 1675 4372; x_wconf 86' lang='lat' dir='ltr'>omnibus</span> <span class='ocrx_word' id='word_1_569' title='bbox 1691 4330 1760 4370; x_wconf 82' lang='lat' dir='ltr'>rere</span> <span class='ocrx_word' id='word_1_570' title='bbox 1775 4329 1823 4390; x_wconf 87' lang='lat' dir='ltr'>pe·</span> 
     </span>
     <span class='ocr_line' id='line_1_93' title="bbox 1037 4409 1823 4490; baseline 0.001 -22"><span class='ocrx_word' id='word_1_571' title='bbox 1037 4409 1213 4482; x_wconf 89' lang='lat' dir='ltr'>nitentibus,</span> <span class='ocrx_word' id='word_1_572' title='bbox 1243 4418 1272 4469; x_wconf 91' lang='lat' dir='ltr'>et</span> <span class='ocrx_word' id='word_1_573' title='bbox 1310 4409 1449 4468; x_wconf 85' lang='lat' dir='ltr'>confessis</span> <span class='ocrx_word' id='word_1_574' title='bbox 1487 4409 1590 4469; x_wconf 90' lang='lat' dir='ltr'>ibidem</span> <span class='ocrx_word' id='word_1_575' title='bbox 1627 4411 1823 4490; x_wconf 86' lang='lat' dir='ltr'>praesentibus</span> 
     </span>
     <span class='ocr_line' id='line_1_94' title="bbox 1037 4504 1824 4589; baseline 0.003 -20"><span class='ocrx_word' id='word_1_576' title='bbox 1037 4519 1096 4569; x_wconf 90' lang='lat' dir='ltr'>tres</span> <span class='ocrx_word' id='word_1_577' title='bbox 1109 4551 1199 4568; x_wconf 91' lang='grc'><strong>.....</strong></span> <span class='ocrx_word' id='word_1_578' title='bbox 1217 4507 1251 4568; x_wconf 90' lang='lat' dir='ltr'>de</span> <span class='ocrx_word' id='word_1_579' title='bbox 1273 4504 1412 4584; x_wconf 91' lang='lat' dir='ltr'>injunctis</span> <span class='ocrx_word' id='word_1_580' title='bbox 1431 4510 1478 4569; x_wconf 88' lang='lat' dir='ltr'>eis·</span> <span class='ocrx_word' id='word_1_581' title='bbox 1493 4512 1693 4589; x_wconf 88' lang='lat' dir='ltr'>praesentibus</span> <span class='ocrx_word' id='word_1_582' title='bbox 1714 4512 1743 4570; x_wconf 92' lang='lat' dir='ltr'>in</span> <span class='ocrx_word' id='word_1_583' title='bbox 1765 4511 1824 4571; x_wconf 83' lang='lat' dir='ltr'>bo·</span> 
     </span>
     <span class='ocr_line' id='line_1_95' title="bbox 1036 4607 1821 4688; baseline 0.003 -20"><span class='ocrx_word' id='word_1_584' title='bbox 1036 4611 1113 4668; x_wconf 89' lang='lat' dir='ltr'>mino</span> <span class='ocrx_word' id='word_1_585' title='bbox 1135 4607 1297 4681; x_wconf 89' lang='lat' dir='ltr'>relaxandi,</span> <span class='ocrx_word' id='word_1_586' title='bbox 1312 4609 1424 4688; x_wconf 89' lang='lat' dir='ltr'>plenem</span> <span class='ocrx_word' id='word_1_587' title='bbox 1438 4620 1465 4669; x_wconf 91' lang='lat' dir='ltr'>et</span> <span class='ocrx_word' id='word_1_588' title='bbox 1482 4609 1602 4670; x_wconf 89' lang='lat' dir='ltr'>liberam</span> <span class='ocrx_word' id='word_1_589' title='bbox 1619 4613 1821 4671; x_wconf 87' lang='lat' dir='ltr'>auctoritatem</span> 
     </span>
     <span class='ocr_line' id='line_1_96' title="bbox 1035 4709 1822 4788; baseline 0 -20"><span class='ocrx_word' id='word_1_590' title='bbox 1035 4709 1196 4788; x_wconf 89' lang='lat' dir='ltr'>praefatam</span> <span class='ocrx_word' id='word_1_591' title='bbox 1218 4718 1317 4768; x_wconf 88' lang='lat' dir='ltr'>tenore</span> <span class='ocrx_word' id='word_1_592' title='bbox 1350 4711 1544 4788; x_wconf 88' lang='lat' dir='ltr'>praesentium</span> <span class='ocrx_word' id='word_1_593' title='bbox 1574 4711 1759 4770; x_wconf 86' lang='lat' dir='ltr'>concedimus</span> <span class='ocrx_word' id='word_1_594' title='bbox 1778 4710 1822 4768; x_wconf 90' lang='lat' dir='ltr'>fa·</span> 
     </span>
     <span class='ocr_line' id='line_1_97' title="bbox 1036 4808 1821 4890; baseline 0 -20"><span class='ocrx_word' id='word_1_595' title='bbox 1036 4811 1186 4871; x_wconf 90' lang='lat' dir='ltr'>cultatem.</span> <span class='ocrx_word' id='word_1_596' title='bbox 1203 4809 1310 4869; x_wconf 87' lang='lat' dir='ltr'>Datum</span> <span class='ocrx_word' id='word_1_597' title='bbox 1325 4808 1435 4871; x_wconf 87' lang='lat' dir='ltr'>Romae</span> <span class='ocrx_word' id='word_1_598' title='bbox 1450 4810 1526 4890; x_wconf 88' lang='lat' dir='ltr'>apud</span> <span class='ocrx_word' id='word_1_599' title='bbox 1542 4810 1684 4871; x_wconf 91' lang='lat' dir='ltr'>Sanctum</span> <span class='ocrx_word' id='word_1_600' title='bbox 1702 4811 1821 4872; x_wconf 80' lang='lat' dir='ltr'>l&#39;etrum</span> 
     </span>
     <span class='ocr_line' id='line_1_98' title="bbox 1035 4909 1821 4973; baseline 0 -3"><span class='ocrx_word' id='word_1_601' title='bbox 1035 4929 1109 4970; x_wconf 81' lang='lat' dir='ltr'>arruo</span> <span class='ocrx_word' id='word_1_602' title='bbox 1125 4911 1326 4969; x_wconf 87' lang='lat' dir='ltr'>incarnationis</span> <span class='ocrx_word' id='word_1_603' title='bbox 1342 4909 1821 4973; x_wconf 70' lang='lat' dir='ltr'>Dominicaeauccc.uxxxxrtu.</span> 
     </span>
     <span class='ocr_line' id='line_1_99' title="bbox 1036 5011 1821 5089; baseline 0 -17"><span class='ocrx_word' id='word_1_604' title='bbox 1036 5023 1142 5089; x_wconf 89' lang='lat' dir='ltr'>quarto</span> <span class='ocrx_word' id='word_1_605' title='bbox 1164 5011 1275 5072; x_wconf 89' lang='lat' dir='ltr'>decimo</span> <span class='ocrx_word' id='word_1_606' title='bbox 1296 5011 1434 5072; x_wconf 82' lang='lat' dir='ltr'>kalendas</span> <span class='ocrx_word' id='word_1_607' title='bbox 1455 5014 1532 5073; x_wconf 89' lang='lat' dir='ltr'>maii.</span> <span class='ocrx_word' id='word_1_608' title='bbox 1559 5011 1752 5073; x_wconf 86' lang='lat' dir='ltr'>Pontificatus</span> <span class='ocrx_word' id='word_1_609' title='bbox 1770 5030 1821 5072; x_wconf 92' lang='lat' dir='ltr'>no·</span> 
     </span>
     <span class='ocr_line' id='line_1_100' title="bbox 1035 5112 1382 5173; baseline 0 -1"><span class='ocrx_word' id='word_1_610' title='bbox 1035 5114 1090 5172; x_wconf 88' lang='lat' dir='ltr'>stri</span> <span class='ocrx_word' id='word_1_611' title='bbox 1112 5131 1186 5173; x_wconf 91' lang='lat' dir='ltr'>anno</span> <span class='ocrx_word' id='word_1_612' title='bbox 1207 5112 1333 5173; x_wconf 88' lang='lat' dir='ltr'>secundo</span> <span class='ocrx_word' id='word_1_613' title='bbox 1356 5136 1382 5172; x_wconf 77' lang='grc' dir='ltr'>ι.</span> 
     </span>
    </p>

    <p class='ocr_par' dir='ltr' id='par_1_16' title="bbox 1035 5213 1824 5396">
     <span class='ocr_line' id='line_1_101' title="bbox 1077 5213 1821 5295; baseline -0.003 -22"><span class='ocrx_word' id='word_1_614' title='bbox 1077 5213 1130 5275; x_wconf 90' lang='lat' dir='ltr'>Die</span> <span class='ocrx_word' id='word_1_615' title='bbox 1153 5215 1274 5287; x_wconf 88' lang='lat' dir='ltr'>martis,</span> <span class='ocrx_word' id='word_1_616' title='bbox 1290 5224 1368 5275; x_wconf 83' lang='lat' dir='ltr'>sexta</span> <span class='ocrx_word' id='word_1_617' title='bbox 1390 5215 1493 5275; x_wconf 85' lang='lat' dir='ltr'>mensis</span> <span class='ocrx_word' id='word_1_618' title='bbox 1513 5215 1605 5288; x_wconf 90' lang='lat' dir='ltr'>maii,</span> <span class='ocrx_word' id='word_1_619' title='bbox 1639 5215 1821 5295; x_wconf 89' lang='lat' dir='ltr'>supradictus</span> 
     </span>
     <span class='ocr_line' id='line_1_102' title="bbox 1035 5313 1824 5396; baseline -0.003 -20"><span class='ocrx_word' id='word_1_620' title='bbox 1035 5313 1071 5376; x_wconf 85' lang='lat' dir='ltr'>l).</span> <span class='ocrx_word' id='word_1_621' title='bbox 1092 5313 1218 5377; x_wconf 76' lang='lat' dir='ltr'>hloisius</span> <span class='ocrx_word' id='word_1_622' title='bbox 1246 5314 1282 5377; x_wconf 92' lang='lat' dir='ltr'>de</span> <span class='ocrx_word' id='word_1_623' title='bbox 1313 5315 1459 5396; x_wconf 70' lang='lat' dir='ltr'>dragonis</span> <span class='ocrx_word' id='word_1_624' title='bbox 1490 5316 1625 5380; x_wconf 87' lang='lat' dir='ltr'>llarebio</span> <span class='ocrx_word' id='word_1_625' title='bbox 1656 5315 1824 5379; x_wconf 86' lang='lat' dir='ltr'>Giraocnsis</span> 
     </span>
    </p>
   </div>
   <div class='ocr_carea' id='block_1_9' title="bbox 0 0 1884 6030">
    <p class='ocr_par' dir='ltr' id='par_1_17' title="bbox 0 0 1884 6030">
     <span class='ocr_line' id='line_1_103' title="bbox 0 0 1884 6030; baseline 0 1"><span class='ocrx_word' id='word_1_626' title='bbox 0 0 1884 6030; x_wconf 95' lang='lat' dir='ltr'> </span> 
     </span>
    </p>
   </div>
  </div>
 </body>
</html>
