3758 6030
72 252 182 339 (tros)

75 391 230 470 episcopus
261 387 449 451 Avellinensis
471 423 510 440 ·-
532 390 684 472 Philippus
715 393 889 472 episeopus·

72 492 234 570 Aprutinus
248 522 287 537 -ν
300 490 427 552 lacobus
440 493 593 574 episcopus
604 493 811 556 Polinianansis
825 527 863 542 ·-

71 589 211 654 Nicotaus
225 591 365 651 Antonius
382 591 534 671 episcopus
554 593 696 654 Murensis
713 627 750 640 —-
765 595 865 654 Fran·

71 695 165 754 niseus
193 694 344 773 episcopus
377 694 533 756 Malsiensis
554 730 593 742 -
616 693 690 762 Leo„
709 696 863 776 episeopus

69 798 285 859 Acerraniensis
308 831 346 842 —
374 799 500 861 lacobus
521 800 683 880 ⁴episcopus
718 801 863 863 Vulturn-

68 901 131 959 riae
152 932 192 944 -
206 897 325 958 'Paulus
346 901 496 979 episcopus
517 900 681 962 Arincensis
701 901 863 963 -Petrus

67 1001 218 1080 episeopus
250 999 461 1060 Suvevacensis
489 1034 528 1048 -
562 1000 673 1061 Silvius
710 1001 862 1081 episcopus

67 1098 234 1161 Roiauensis
248 1133 290 1144 -
304 1094 464 1164 'Fruciscus
478 1100 629 1180 episcopus
651 1102 805 1163 lsernensis
822 1134 862 1146 -

69 1200 212 1260 Antonius
241 1199 390 1278 episcopus
423 1198 636 1261 Puteolanensis
669 1235 708 1247 -
740 1201 863 1262 loannes

70 1303 221 1381 episcopus
243 1299 411 1362 Suessonus
424 1332 463 1344 -
485 1299 592 1362 Petrus
613 1302 775 1381 episcopus·
797 1299 862 1361 Nu·

70 1402 254 1463 carious-
285 1398 423 1461 Ricolaus
454 1401 606 1482 episcopus
633 1402 791 1464 stobiensis
822 1436 861 1448 -

72 1501 173 1582 Scipio
193 1502 345 1581 episcopus
366 1499 573 1563 Triearieeusis
595 1536 636 1549 -
657 1501 786 1563 Thomas
799 1502 864 1581 epi·

68 1620 180 1683 scopus
201 1601 375 1663 Tarentinus
392 1634 438 1646 --
448 1603 590 1667 mbaunas
604 1604 754 1683 episcopus
768 1604 863 1681 Aqui·

68 1705 220 1764 lanus-
242 1703 286 1764 io.
309 1705 460 1783 episcopus
481 1704 629 1767 calvensis
649 1739 688 1752 -
718 1704 865 1771 Mattheus

74 1808 225 1886 episcopus
245 1804 435 1867 Gravineosis
451 1839 490 1854 -
511 1805 558 1867 lo.
581 1807 734 1887 episcopus
755 1805 864 1885 Troja-

69 1907 166 1968 uensis
188 1940 228 1952 -
248 1907 389 1967 Antonius
407 1907 558 1987 episcopus
578 1906 723 1969 liuslanus
744 1941 785 1953 -
801 1907 864 1967 bn-

71 2010 168 2070 touius
182 2008 332 2087 episcopus
346 2008 513 2071 bearnensis
529 2041 570 2053 -
584 2008 693 2070 ltarias
711 2009 863 2090 episeopus

74 2109 257 2172 Cassanensis
273 2138 312 2153 ·—
327 2108 617 2192 lacobus-episeopus
637 2110 809 2191 hiporiensis
824 2144 863 2158 -—

70 2210 269 2272 Rea-nardinus
287 2210 439 2290 episeopus
455 2212 664 2290 Risiguanensis
679 2245 719 2271 -.-
736 2212 864 2291 Angelus

68 2313 221 2392 episcopus
240 2311 394 2373 Melitensis
415 2311 592 2374 —-.Gabriel
624 2313 776 2394 episcopus
802 2312 864 2374 No·

70 2413 223 2473 rinolensis
246 2445 284 2456 -·
313 2411 457 2474 lohannes
476 2414 629 2493 episcopus
653 2414 801 2476 valvensis
822 2446 864 2458 -

69 2514 222 2573 Ardiutius
237 2513 388 2593 episcopus
406 2513 612 2575 Nicatoriensis
629 2548 667 2562 -·
683 2514 864 2577 tholomeus

70 2615 225 2694 episcopus
246 2614 388 2693 Equeusis
409 2649 447 2658 -
469 2615 613 2678 lebannes
634 2617 785 2697 episcopus
806 2616 864 2677 Ca-

67 2716 181 2796 prensis
214 2751 254 2763 -
280 2717 420 2776 Antonius
445 2719 597 2797 episeopus
619 2715 792 2779 bituriensis
822 2752 862 2766 -

65 2815 249 2876 Franciscus
273 2817 425 2896 episcopus
456 2817 664 2878 Montisviridis
686 2851 724 2864 -
746 2819 863 2879 Alexius

66 2914 219 2996 episcopas
241 2915 463 2996 Gallipolitanus
480 2952 518 2964 -
533 2918 578 2979 do.
598 2918 751 2998 episcopus
772 2920 863 2980 lsala·

62 3018 187 3076 rius-
216 3018 358 3077 Antonius
389 3018 541 3096 episeopus
573 3017 709 3078 Curensis
734 3053 770 3065 -
796 3022 861 3079 Au·

63 3120 155 3178 relius
188 3118 341 3198 episcopus
373 3117 611 3179 lilartoranensis.
632 3152 672 3166 --
693 3118 862 3198 Alpbonsus

65 3220 219 3299 episeopus
241 3218 459 3280 Castellancnsis
481 3231 600 3299 paratus
623 3236 680 3278 nou
701 3232 790 3292 erat,
812 3222 861 3283 sad

62 3321 160 3382 stabat
184 3323 212 3380 in
235 3322 300 3382 loco
316 3330 483 3395 contorum,
499 3322 564 3383 inde
579 3340 655 3399 quae
669 3319 775 3382 debunt
792 3343 862 3402 per·

67 3423 202 3500 spiciens.

106 3527 239 3586 Aliorum
256 3542 312 3585 non
329 3535 501 3604 paratorum
521 3535 581 3586 tres
596 3535 692 3598 erant,
705 3525 863 3587 videlicet:

63 3625 164 3688 Rern
188 3625 290 3687 Patres
311 3625 349 3686 D.
369 3625 502 3687 lulianus
528 3627 678 3706 episeopus
700 3627 862 3708 Tropiensis

72 3729 259 3807 cappellanus
280 3725 376 3803 major
402 3727 489 3808 Regis
512 3759 550 3772 -
572 3726 735 3808 Atpbonsus
756 3731 864 3791 electus

65 3829 224 3890 Tbeotinus
246 3861 285 3875 -·
307 3831 441 3891 Julianus
458 3832 569 3891 electus
594 3830 777 3893 bleranensis.

67 3921 82 3971 s
106 3931 270 4011 Coppellani
293 3933 365 4010 qui,
387 3934 533 4011 praelatos
564 3941 679 4012 paratos
691 3976 700 4007 ,
716 3932 751 3993 da
773 3933 862 3994 mitra

67 4044 98 4094 et
113 4033 269 4115 pontificali
284 4037 395 4097 servire
413 4036 563 4107 debebant,
580 4035 701 4096 luerunt
716 4036 782 4114 plus
803 4035 861 4096 im·

69 4135 238 4215 pedimenti,
260 4154 347 4214 quam
366 4136 522 4215 adjutorii,
542 4146 664 4216 propter
694 4154 861 4215 pressuram

68 4235 232 4310 Raronum,
244 4236 411 4316 Regalium,
421 4235 631 4309 etOrutorum,
644 4247 762 4316 propter
774 4254 860 4313 quam

69 4339 193 4416 praelati
208 4339 272 4417 ipsi,
288 4337 410 4417 demptis
425 4338 572 4398 dumtaxat
587 4338 647 4397 illis
661 4336 773 4397 duobus
788 4337 860 4416 Regi

68 4439 289 4513 assistentibus,
313 4457 369 4499 non
391 4450 550 4519 potuerunt
582 4440 709 4501 officium
743 4441 837 4518 legare
849 4462 860 4514 3

67 4550 225 4621 propterea
247 4540 428 4604 commodius
455 4541 554 4602 inisset
585 4542 729 4621 praelatos
753 4541 861 4602 venisse

66 4639 127 4702 sine
158 4640 400 4720 pontificalibus,
433 4651 462 4702 et
498 4641 558 4700 sina
595 4639 770 4720 cappellanis
806 4641 860 4700 sibi

66 4735 234 4805 astantibus.
257 4742 390 4800 Fuerunt
406 4741 607 4820 superioribus
629 4740 727 4802 diebus
748 4741 860 4821 saepius

67 4860 128 4921 per>
150 4861 196 4903 me
225 4841 314 4903 verba
336 4840 433 4900 babila
455 4859 523 4902 cum
545 4841 677 4922 episcopo
710 4842 860 4922 'l’ropiansi

67 4945 239 5021 cappellano
260 4939 379 5019 majori,
393 4953 421 5003 et
443 4942 578 5019 oliis‚qui
600 4942 786 5004 ordimtionis
807 4962 860 5004 eo-

66 5043 225 5106 ronationis
241 5062 346 5106 curam
361 5043 516 5117 habebant,
530 5044 564 5104 de
578 5045 754 5122 paramentis
773 5045 859 5123 regiis

67 5143 205 5224 superius
236 5145 402 5217 ordinatis,
423 5146 490 5222 quia
512 5147 621 5205 nullam
641 5143 860 5205 instructionem

64 5245 234 5320 babebant,
256 5263 348 5325 neque
379 5246 508 5320 babent3
528 5256 557 5306 et
578 5264 632 5325 ego
654 5262 859 5324 cognoveram,

64 5349 161 5428 ipsum*
178 5347 352 5428 ‘episcopum
375 5361 404 5411 et
424 5347 576 5411 aliusnon
597 5347 703 5409 babere
729 5344 859 5410 ordinem

555 251 841 319 ronutatcttns
862 252 1086 318 tnnxlnnnt
1107 253 1234 318 saltn.

1655 262 1718 323 ata

934 411 1062 466 verum,
1093 394 1172 471 quod
1203 394 1264 456 Rex
1285 394 1416 456 omuibus
1443 396 1513 487 ipsis
1544 398 1720 460 ornamentis

933 495 1034 574 parari
1056 494 1195 565 deberet,
1217 496 1285 574 quio
1307 497 1401 558 dictus
1423 498 1574 578 episeopus
1596 517 1648 579 per
1669 517 1721 560 ee·

931 597 1037 658 elesius
1053 596 1241 677 perquirebat
1260 598 1308 658 ubi
1332 598 1425 678 Reges
1445 601 1553 681 sculpti
1567 609 1596 663 et
1615 600 1720 680 depicti

923 709 1033 769 eraut,
1055 706 1084 758 et
1106 697 1168 759 inde
1198 699 1329 761 sumebat
1349 699 1384 761 de
1411 703 1586 779 paramentis
1618 719 1719 763 exem·

927 798 1034 877 plum3
1056 798 1103 859 sad
1130 799 1189 858 ulla
1210 819 1259 860 eos
1291 797 1401 861 ratione
1423 802 1539 863 vincere
1560 802 1664 881 potui,
1686 814 1722 863 ut

925 888 982 957 ‘itta
1004 897 1040 957 ad
1072 890 1299 960 convenientiam
1322 910 1476 962 mutarent.
1500 898 1622 978 djebant
1643 903 1718 963 enlm

932 998 1042 1079 Regem
1063 999 1278 1061 Ferdioandum
1312 1001 1480 1063 defunctum
1508 999 1649 1064 similibus
1669 1024 1721 1065 or-

931 1099 1073 1159 namentis
1094 1098 1122 1157 in
1146 1116 1198 1158 sua
1214 1091 1399 1163 coronatione
1412 1102 1498 1165 luisse
1517 1120 1602 1163 usum
1622 1114 1652 1164 et
1668 1123 1718 1183 per

922 1199 1076 1279 uuoddam
1090 1211 1253 1261 extractum
1268 1202 1377 1262 nullius
1391 1203 1606 1283 approbationis
1622 1214 1722 1265 osten-

924 1298 1058 1374 debant,
1079 1299 1158 1378 quod
1180 1302 1207 1360 in
1224 1301 1395 1381 bajusmodi
1426 1306 1603 1365 ornamentis
1623 1304 1719 1384 Reges

931 1397 1097 1480 Aragoniae
1129 1399 1265 1462 deberent
1297 1404 1441 1464 coronari.
1470 1403 1607 1466 Nonnulli
1636 1405 1721 1467 eliam

930 1510 1138 1571 asseruerunt,
1163 1501 1252 1579 -quod
1285 1503 1359 1565 idem
1382 1503 1444 1565 Rex
1473 1503 1671 1568 Fordinaudus
1691 1507 1720 1568 in

930 1620 983 1662 sua
1004 1605 1191 1665 coronatione
1213 1621 1264 1684 per
1292 1605 1384 1667 bonne
1404 1607 1562 1669 memoriae
1583 1606 1720 1669 Latinum

931 1701 1113 1765 Cardinalem
1140 1704 1174 1769 de
1207 1704 1320 1766 Ursinis
1342 1706 1395 1766 sibi
1416 1707 1516 1781 iacto,
1536 1710 1720 1788 evangelium

924 1804 1035 1867 nusae
1056 1806 1172 1886 publice
1187 1805 1355 1869 decantasse
1361 1827 1372 1880 3
1395 1807 1472 1885 quod
1493 1809 1518 1868 si
1528 1807 1639 1870 lactum
1654 1809 1721 1885 tuit,

930 1907 1041 1968 lactum
1060 1909 1119 1968 tan
1140 1909 1456 1970 inconvenientissime·

946 2021 949 2027 ’
973 2006 1085 2088 Legata
1106 2022 1170 2089 post
1195 2009 1311 2069 Missam
1338 2009 1375 2068 ad
1397 2028 1542 2071 cameram
1566 2028 1649 2070 suam
1670 2028 1721 2070 re·

933 2127 1018 2170 verso
1047 2108 1110 2168 dedi
1144 2109 1207 2170 ilios
1231 2126 1298 2170 stre
1327 2110 1432 2188 petias·
1449 2112 1516 2171 auri
1537 2130 1589 2190 per
1611 2110 1721 2191 Regem

923 2201 985 2269 sibi
1008 2210 1037 2269 in
1053 2209 1157 2270 Missa
1179 2210 1314 2282 oblatas,
1346 2209 1381 2271 da
1413 2212 1520 2289 quibus
1550 2212 1619 2273 mibl
1650 2212 1722 2273 duas

932 2309 1071 2381 donarit,
1099 2300 1227 2370 Diacono
1260 2328 1369 2382 unam,
1404 2323 1433 2372 et
1465 2312 1637 2391 quibusdam
1658 2315 1722 2375 aliis

922 2411 983 2489 'qui
1001 2411 1031 2470 in
1052 2410 1168 2470 llissam
1190 2411 1246 2471 sibi
1267 2412 1472 2474 ministrarunt
1493 2414 1579 2488 etiam
1609 2416 1721 2493 sliquos

932 2510 1069 2585 donavit,
1095 2521 1124 2573 ct
1153 2510 1352 2585 subdiacono,
1376 2530 1473 2574 unam.
1493 2513 1635 2575 ‚lntelleai
1665 2534 1722 2575 au·

923 2622 989 2672 tem
1021 2630 1041 2670 a
1071 2613 1218 2673 nonnullis
1246 2613 1325 2691 qnod
1351 2615 1556 2688 aliea-tarium,
1591 2626 1721 2696 tempore

934 2711 1130 2774 coronationis
1152 2715 1275 2793 praetori
1296 2715 1470 2776 Fordinaudi
1489 2715 1594 2796 Regis,
1614 2716 1672 2777 luit
1692 2717 1721 2777 in

924 2823 991 2874 -tres
1013 2826 1109 2894 partas
1124 2814 1272 2889 divisum,
1287 2833 1414 2895 quarum
1431 2835 1518 2878 unam
1540 2827 1653 2897 partem
1671 2836 1722 2879 re·

923 2914 1007 2993 cepit
1023 2915 1267 2978 caerimoniarum
1280 2917 1428 2996 Magister,
1440 2919 1527 2979 aliam
1542 2919 1679 2979 nonanus
1693 2931 1721 2980 et

924 3016 1134 3090 subdiaconus,
1146 3028 1175 3078 et
1191 3018 1309 3078 tertiam
1325 3021 1372 3080 alii
1385 3021 1544 3101 cappellani
1559 3020 1720 3082 assistentes

922 3115 1004 3177 inter
1026 3135 1056 3178 se
1077 3115 1247 3178 diviserunt.
1258 3119 1355 3181 Raciie
1371 3123 1399 3180 in
1422 3139 1482 3199 quo
1501 3138 1610 3183 corona
1632 3120 1720 3200 Regis

930 3219 1021 3297 posita
1042 3218 1099 3277 luit
1119 3237 1207 3298 super
1234 3220 1320 3280 altari
1342 3232 1447 3282 ornato
1468 3241 1502 3282 cx
1534 3240 1568 3284 ea
1589 3204 1743 3296 corono,=

930 3329 965 3378 ut
985 3318 1058 3397 Regi
1074 3319 1274 3398 imponerent,
1291 3331 1463 3400 receperunt
1481 3322 1640 3401 cappellani
1660 3318 1721 3407 Le·

922 3417 990 3497 gati
1012 3428 1040 3478 et
1057 3418 1128 3478 illud
1144 3416 1254 3497 bagaco
1275 3431 1372 3500 postea
1390 3431 1620 3500 praesentarunt3
1641 3420 1721 3498 quod

930 3529 959 3581 et
980 3517 1111 3599 Legatos
1139 3522 1267 3581 retinuit.
1290 3521 1454 3584 Voluerunt
1474 3522 1530 3584 boc
1552 3539 1635 3582 mane
1656 3540 1721 3583 scr·

932 3621 1052 3683 vitores
1069 3620 1156 3700 Regis
1188 3620 1317 3701 posuisse
1348 3640 1435 3702 super
1465 3624 1553 3684 altari
1584 3623 1719 3701 galeam,

929 3732 958 3784 et
976 3732 1094 3784 scutum
1115 3723 1205 3803 Regis
1216 3744 1226 3796 3
1250 3723 1329 3803 qnod
1349 3741 1404 3804 ego
1425 3742 1558 3789 assereus
1570 3742 1626 3784 non
1649 3741 1720 3784 cou-

931 3825 1048 3899 venire,
1069 3835 1158 3906 prout
1179 3841 1237 3886 nou
1257 3824 1460 3897 conveniebat,
1481 3823 1545 3886 fleri
1566 3838 1624 3884 nou
1650 3838 1720 3902 per·

931 3925 994 3985 misi
1004 3947 1014 4000 3
1036 3937 1190 4006 propterea
1210 3926 1259 3986 illa
1280 3926 1310 3986 in
1332 3927 1461 3987 sacristia
1483 3925 1570 4006 Regis
1584 3917 1719 3986 retinue-

930 4036 1008 4087 runt.

971 4126 1096 4199 Peracto
1119 4124 1203 4187 bodie
1227 4125 1330 4189 Missae
1357 4126 1471 4202 officio,
1496 4124 1531 4186 D.
1554 4123 1719 4204 Stephanus

929 4227 964 4288 de
984 4225 1091 4287 Narnia
1113 4226 1250 4288 Notarius
1272 4228 1411 4290 Comarae
1433 4228 1626 4309 Apostolicae,
1640 4225 1718 4285 item

929 4328 1086 4407 requisivit
1117 4346 1215 4390 omues
1240 4328 1346 4389 ibidem
1378 4341 1541 4409 praesentas
1572 4328 1601 4387 in
1633 4336 1719 4388 testas

930 4428 964 4489 de
985 4428 1169 4502 investitura,
1185 4429 1350 4490 inductione
1366 4430 1401 4489 in
1421 4425 1642 4510 possessionem,
1664 4443 1718 4487 eo·

930 4532 1101 4600 mantione,
1122 4540 1152 4591 et
1169 4529 1303 4592 omnibus
1319 4530 1383 4590 aliis
1404 4550 1455 4610 per
1475 4541 1569 4591 totum
1589 4525 1717 4589 anatum

920 4631 1063 4708 -peractis
1087 4626 1193 4691 Omnia
1214 4630 1271 4690 clia
1291 4642 1371 4711 gesta
1392 4642 1483 4704 sunt,
1514 4640 1603 4711 prout
1629 4643 1720 4706 supe-

920 4733 993 4791 rius
1025 4731 1068 4789 in
1087 4733 1207 4804 rotulo,
1248 4743 1277 4794 et
1309 4730 1487 4797 ordinatione
1523 4726 1719 4792 coromtiouis

928 4834 1049 4895 luerunt
1077 4832 1221 4894 ordinata.

971 4935 1057 4996 Faria
1079 4952 1122 4995 vt.
1144 4934 1214 4995 dieti
1230 4937 1333 4996 mensis
1349 4930 1417 4991 maii
1432 4972 1442 5003 ,
1463 4926 1695 4990 antemeridiana
1710 4971 1722 5003 ,

930 5040 978 5098 val
1001 5037 1090 5109 circa,
1113 5038 1143 5095 in
1164 5035 1271 5097 Castro
1291 5033 1375 5095 Novo
1397 5030 1535 5103 Sereniss.
1558 5029 1721 5109 Alpbonsus

930 5137 1046 5200 Siciliae
1067 5139 1129 5199 Rex
1150 5136 1227 5198 dedit
1247 5134 1371 5215 insignia
1392 5130 1563 5214 principalia
1583 5130 1648 5190 Don
1666 5130 1720 5192 Jo-

928 5240 1011 5301 laado
1030 5240 1138 5319 Rorgia
1172 5237 1206 5299 de
1227 5236 1373 5316 Aragonia
1395 5234 1524 5313 Principi
1551 5227 1719 5311 Squilla'ci,

930 5343 1063 5408 videlicet
1083 5341 1230 5402 circulum
1260 5348 1385 5409 aureum
1400 5334 1573 5409 rotundum
1604 5333 1718 5414 simpli-

1436 5451 1465 5499 tu
