3758 6030
182 248 245 312 aaa
640 333 644 339 .
678 217 962 310 ronrtrtmrus
984 243 1210 309 scamnum
1231 246 1359 310 snxrr.
1394 339 1399 353 ,
1719 256 1833 355 (tros)

181 381 369 447 nedictionem
387 382 481 464 ipsam
503 382 696 463 praecederet.
725 384 790 444 Dixi
822 394 971 462 praeterea
1002 423 1006 462 ,
1041 399 1109 443 cum
1124 380 1384 444 conservatoribus
1397 394 1426 444 et
1448 383 1596 465 Capitibus
1617 388 1764 468 aliquibus
1775 392 1832 453 Re-

182 484 333 546 Sanctitati
354 483 453 556 Suae,
475 483 584 544 contin
605 495 634 544 et
648 486 815 563 regularem
837 483 970 544 ordinem
1039 482 1158 561 giooum
1176 525 1184 554 ,
1205 482 1367 555 Rarisello,
1389 496 1417 545 et
1448 480 1547 547 multis
1567 490 1726 567 gentibus,
1749 496 1830 570 equi-

183 584 368 658 institutum,
397 584 506 663 Papam
534 581 594 644 sine
617 585 704 644 mitra
725 585 870 663 equitare,
893 585 971 662 quod
1040 581 1131 654 tibus,
1152 594 1180 644 et
1210 582 1353 662 peditibus
1386 585 1414 644 io
1438 585 1560 647 dirersis
1592 590 1785 668 positionibus
1802 606 1828 654 et

180 684 349 748 cardinales
393 687 487 763 ipsum
530 685 612 763 sequi
645 683 787 758 debeant,
827 683 971 762 ‘quodque
1001 679 1005 735 i
1039 684 1130 753 locis,
1148 702 1185 751 ,ae
1205 686 1305 763 plateis
1325 682 1459 764 Pontifici
1473 691 1670 767 praetereunti
1691 710 1722 751 se
1740 711 1827 772 prae·

181 787 277 846 minus
312 786 463 847 conveniat
497 784 606 865 Papam
641 796 772 867 tempore
800 785 969 865 quadrage·

182 888 275 947 simali
297 888 326 947 in
347 888 470 966 capucio
490 886 556 946 albo
577 898 605 947 et
626 889 699 947 stola
731 886 862 965 preciosa
883 885 971 964 equi·

188 999 276 1062 tare,
295 989 343 1050 sed
364 990 392 1048 in
413 988 554 1067 capucino
584 986 676 1048 rubeo
697 999 726 1047 et
745 988 819 1046 stola
843 986 968 1046 violatia.

181 1088 338 1169 Respondit
379 1089 449 1148 mibi
469 1170 473 1179 ι
494 1089 639 1149 Sanctitas
679 1088 741 1148 Sua
773 1087 850 1166 quod
884 1090 971 1150 rellet

182 1194 350 1256 cnrdinales
371 1195 467 1274 ipsum
488 1177 659 1273 praecedere
684 1204 714 1254 et
746 1211 803 1254 non
836 1194 919 1271 sequi
940 1205 970 1255 et
1000 1155 1003 1298 1

183 1296 225 1354 uti
251 1293 381 1372 'capucio
412 1295 501 1366 albo,
534 1311 589 1353 non
628 1294 741 1366 rubeo,
773 1311 863 1371 neque
895 1294 968 1353 stola

182 1393 318 1467 violatia,
345 1392 394 1454 sed
427 1393 625 1473 pulcherrima
660 1395 747 1473 perlis
774 1403 886 1454 ornata.
908 1393 969 1452 Pa·

182 1506 264 1556 ratus
285 1496 378 1574 igilur
400 1495 436 1554 ad
467 1496 643 1557 voluntatem
674 1514 756 1554 suom
789 1495 818 1553 iu
852 1512 967 1554 camera

183 1596 310 1669 secreta,
333 1598 409 1657 seuit
427 1597 455 1655 in
477 1610 624 1656 canteram
644 1594 895 1683 Papagalli,'ubi,
912 1593 968 1652 ba·

180 1695 241 1758 bito
275 1715 327 1776 per
365 1713 451 1756 unam
489 1694 592 1756 boram
618 1694 818 1768 consistorio,
839 1694 969 1756 ascendit

178 1813 287 1873 equum
308 1797 407 1857 album
430 1808 611 1875 coopertum,
633 1796 667 1857 de
688 1798 786 1857 seluto
807 1798 968 1857 cremesino

178 1894 316 1958 ornatum
338 1908 366 1958 et
394 1896 628 1977 praecedentibus
650 1915 739 1956 cruce
773 1906 801 1956 et
822 1894 967 1956 cardina-

181 1997 275 2075 libus,
296 1997 479 2077 sequentibus
502 1997 845 2068 cubiculariissecretis‚
868 1997 967 2056 mediis

177 2098 373 2160 assistentibus
400 2116 434 2158 ac
466 2098 529 2166 aliis
562 2098 720 2177 praelatis,
747 2116 829 2159 more
860 2099 966 2170 solito,

178 2201 255 2262 venit
274 2199 309 2259 ad
328 2199 470 2280 campum
488 2198 614 2270 Florae,
636 2199 758 2278 plateam
773 2196 965 2269 ludaeorum,

178 2299 297 2361 domum
315 2298 474 2360 cardinalis
495 2298 537 2359 de‘
550 2296 693 2369 Sabellis,
715 2298 866 2358 ecclesiam
888 2296 967 2356 San-

180 2411 244 2461 ctae
265 2396 373 2463 Mariae
395 2400 430 2459 de
445 2398 666 2470 Consolatione,
688 2398 840 2458 ecclesiam
861 2396 972 2463 Sancti¹

176 2500 325 2573 Adriani,
341 2499 377 2558 ad
406 2498 543 2560 Sanctam
576 2499 699 2559 blaciam
729 2495 872 2574 Maiorem
884 2543 895 2572 ,
917 2499 966 2557 ubi

176 2609 258 2660 extra
280 2611 395 2679 portam
414 2600 549 2660 ecclesiae
570 2617 670 2659 rersus
696 2595 834 2658 Sanctam
855 2595 966 2658 Poten-

1038 794 1198 845 sentarunt.
1227 783 1384 846 Ordinarit
1416 800 1569 868 propterea
1592 790 1741 851 Sanctitas
1762 794 1826 854 vSua

1030 885 1118 962 'quod
1139 889 1278 965 cupitauei
1300 885 1450 949 Ecclesiae
1467 902 1495 949 et
1517 903 1616 969 portae
1631 892 1760 963 Palatii,
1784 897 1827 955 in·

1040 995 1084 1048 ter
1107 985 1272 1048 cardinales
1293 999 1333 1049 'et
1367 988 1558 1051 sanctitatem
1588 992 1681 1052 Suam
1714 996 1828 1057 incede·

1039 1097 1124 1162 rent,
1139 1099 1167 1147 et
1182 1088 1244 1147 DD.
1262 1088 1466 1162 Sermonem,
1482 1102 1511 1153 et
1530 1092 1677 1172 corrigii,
1691 1104 1724 1155 et
1744 1100 1829 1159 multi

1037 1188 1236 1267 alligantium
1257 1208 1409 1250 armorum
1433 1185 1646 1265 conductores,
1678 1206 1745 1274 post
1767 1217 1829 1259 ιιιο-

1038 1289 1118 1349 dicos
1138 1300 1168 1352 et
1188 1300 1255 1352 ante
1283 1292 1427 1370 praelatos
1453 1295 1614 1355 assistentes
1635 1295 1828 1360 sanctitatem

1037 1388 1129 1450 Suam
1161 1394 1376 1470 sequerentur,
1397 1406 1485 1471 prout
1505 1381 1535 1454 et
1566 1373 1678 1457 iacttun
1697 1398 1758 1459 luit
1777 1420 1827 1479 per

1037 1502 1126 1551 totam
1142 1493 1267 1570 plateam
1286 1491 1317 1552 S.
1335 1491 1434 1567 Petri,
1452 1506 1480 1554 et
1496 1512 1587 1573 usque
1606 1499 1685 1557 circa
1707 1498 1825 1561 dcmum

1036 1590 1071 1652 D.
1086 1590 1229 1682 ,Episcopi
1252 1593 1479 1655 vulteranensis.
1496 1593 1581 1664 Quod
1601 1616 1658 1676 ego
1680 1610 1743 1659 tam
1759 1622 1828 1681 per·

1038 1710 1155 1753 versum
1178 1713 1238 1755 esse
1262 1694 1369 1766 ridens,
1389 1695 1447 1754 dixi
1469 1695 1525 1755 SS.
1546 1692 1581 1755 b.
1604 1697 1641 1756 N.
1663 1699 1692 1758 id
1715 1691 1828 1780 nequa·-

1035 1811 1124 1871 quam
1143 1796 1309 1866 convenire,
1329 1794 1410 1855 bonis
1425 1798 1658 1875 persuasionibus
1673 1800 1828 1864 sanctitati

1035 1894 1114 1955 Suae
1134 1897 1321 1975 supplicans,
1343 1895 1420 1974 quod
1444 1896 1487 1956 ris
1509 1898 1606 1959 losum
1623 1899 1688 1960 dari
1712 1915 1828 1982 patere·

1034 2007 1103 2068 tur,
1119 2015 1193 2074 quae
1210 1996 1280 2056 mibi
1301 1996 1384 2068 dixit,
1407 1985 1484 2075 qbod
1504 2017 1553 2059 eos
1577 2005 1826 2081 antecepitaneos

1034 2095 1212 2175 praedictos,
1242 2109 1271 2157 et
1292 2107 1356 2177 post
1376 2117 1474 2159 omnes
1502 2099 1673 2164 cardinales
1697 2107 1826 2164 collaca-

1035 2196 1269 2257 rem.lnlellecto
1285 2209 1410 2259 tamena
1430 2218 1487 2272 me,
1511 2200 1539 2260 id
1560 2201 1654 2263 Rerr.
1675 2202 1740 2265 DD.
1753 2205 1826 2267 car·

1034 2296 1140 2358 dinales
1162 2299 1321 2378 plurimum
1345 2299 1476 2376 laedere,
1498 2304 1642 2364 commisit
1666 2306 1769 2380 mibi,
1795 2322 1826 2370 ut

1032 2398 1079 2458 eis·
1096 2400 1193 2463 locum
1214 2398 1313 2460 darem
1335 2412 1400 2461 ante
1417 2420 1535 2462 crucem
1559 2415 1626 2482 post
1647 2406 1761 2484 pedites
1775 2427 1826 2469 ar·

1032 2510 1142 2572 matos,
1162 2518 1289 2577 quornm
1306 2519 1410 2580 magua
1424 2505 1508 2581 copia
1527 2504 1631 2566 ibidem
1654 2507 1744 2586 longe
1760 2510 1823 2588 plns

1032 2601 1118 2662 solito
1139 2618 1206 2661 eum
1230 2602 1336 2662 lanceis
1356 2603 1472 2682 longis,
1492 2605 1609 2664 ensibus
1640 2608 1753 2680 nudis,
1772 2611 1823 2670 ba·

176 2708 283 2764 tiana'm
305 2705 556 2782 processionaliter
586 2722 639 2783 per
670 2704 783 2763 clerum
805 2702 886 2762 illius
906 2702 966 2761 Ra·
1032 2701 1147 2772 lestcis,
1166 2710 1195 2763 et
1214 2702 1277 2761 aliis
1309 2716 1461 2763 armorum
1484 2705 1641 2782 generibus
1664 2708 1822 2784 incedebat,

177 2804 278 2866 silicae
299 2804 516 2884 receptus'luit.
539 2801 620 2865 Crux
652 2823 704 2882 per
725 2802 909 2864 cardinalem
929 2804 966 2866 de
1032 2814 1121 2882 prout
1150 2803 1214 2863 leci.
1246 2802 1309 2863 Hoc
1339 2822 1421 2864 mane
1444 2803 1499 2864 SS.
1521 2800 1556 2864 D.
1589 2805 1623 2865 lt.
1647 2807 1678 2867 in
1711 2821 1821 2870 secreto

177 2903 302 2966 Sabellis
339 2903 632 2984 Archipresbyterum
665 2900 794 2980 ejusdem
825 2904 965 2966 Basilicas
1032 2903 1211 2975 consistorio
1242 2904 1315 2965 Rev.
1339 2906 1367 2963 in
1388 2903 1507 2966 cbristo
1529 2906 1562 2965 P.
1594 2907 1629 2967 D.
1661 2908 1818 2988 baptistam

176 3004 230 3066 slbi
250 3016 386 3085 porrecta
416 3004 596 3076 osculanda,
617 3003 697 3069 clero
718 3014 866 3077 cantante,
882 3004 965 3065 Ecce

177 3105 336 3168 Sacerdos
354 3126 484 3189 magnus
504 3117 562 3167 ele.
584 3107 659 3167 lacta
681 3107 810 3167 oratione
832 3108 860 3165 in
879 3106 965 3166 tatut-

178 3208 270 3269 storio
290 3219 372 3267 extra
393 3209 485 3267 altare
507 3207 559 3266 sibi
581 3218 704 3286 parato,
725 3207 847 3266 accessit
860 3207 895 3266 ad
917 3209 966 3267 al·

174 3319 252 3382 tare,
270 3310 420 3369 osculatus
437 3319 480 3368 est
494 3308 579 3381 illud,
599 3320 627 3368 et
642 3308 766 3387 desuper
786 3308 892 3369 obtulit
905 3308 967 3367 du-

174 3421 254 3471 catos
274 3410 303 3470 in
329 3404 405 3471 a'uro
433 3408 550 3482 decem,
569 3429 616 3471 me
648 3408 804 3470 Sanctitcti
835 3408 912 3469 Suae
934 3410 962 3468 id

175 3498 428 3572 commemorante.
444 3510 563 3583 Deinde,
584 3509 652 3588 quia
673 3503 714 3569 sic
730 3510 834 3582 coluit,
854 3510 963 3588 populo

172 3610 338 3672 solemniter
366 3609 518 3684 benedixit,
538 3623 616 3671 stans
637 3609 672 3669 ad
695 3612 834 3691 populum
851 3627 962 3684 uersus,

175 3729 264 3774 cruce
284 3711 405 3773 inlerius
426 3721 491 3771 ante
510 3692 606 3790 ipsum
628 3720 705 3771 teuta
720 3709 836 3789 ,prout
854 3711 883 3769 in
902 3699 963 3769 Ra-

172 3813 253 3875 silica
275 3812 377 3874 Sancti
398 3812 480 3874 Petri
499 3812 673 3873 observatur
680 3835 690 3886 3
711 3812 841 3872 ascendit
863 3811 962 3872 deinde

172 3914 328 3987 Palatium,
358 3913 433 3974 sacta
455 3914 538 3993 prius
559 3913 690 3973 oratione
710 3922 777 3973 ante
808 3913 961 3991 imaginem

172 4015 274 4077 Reatae
290 4013 399 4074 blaciae
415 4014 544 4094 Virginis
558 4032 610 4093 per
631 4011 663 4073 S.
679 4012 792 4072 Lucam
808 4012 960 4095 depictam,

172 4115 233 4188 ubi,
246 4114 307 4175 riso
325 4133 413 4194 opere
427 4124 540 4194 coepto,
551 4113 636 4176 rediit
650 4113 686 4174 ad
702 4113 854 4174 Basilicam
874 4132 960 4192 prae·

173 4215 290 4275 dictam.
319 4215 426 4277 Deinde
447 4233 564 4277 ascenso
581 4233 674 4294 equo,
694 4213 744 4274 ubi
777 4213 961 4275 descenderat

174 4334 225 4394 per
259 4314 292 4375 S.
323 4316 481 4388 Rasilium,
511 4315 542 4376 S.
564 4303 715 4390 ¹lllarcum,
747 4314 960 4388 Pallicias-iam,

172 4416 295 4477 domum
317 4416 351 4476 de
376 4415 523 4488 blaximis,
542 4419 680 4497 palatium
699 4417 860 4479 cardinalis
884 4415 961 4476 Nea·

173 4517 303 4596 politani,
318 4528 347 4576 et
366 4515 530 4588 Parionem,
550 4536 686 4578 reversus
699 4529 741 4579 est
762 4518 798 4576 ad
809 4518 959 4596 palatium.

171 4615 250 4677 Huic
273 4627 387 4678 nostrae
400 4617 569 4695 equitationi
588 4626 695 4696 taragna
727 4619 807 4696 copia
829 4620 959 4696 gentium

172 4735 325 4778 armorum
356 4716 488 4776 interluit
512 4727 628 4795 praeter
649 4717 789 4789 solitum,
812 4717 889 4794 quod
923 4717 960 4775 ab

171 4817 306 4879 omuibus
336 4817 391 4878 suit
413 4817 510 4877 minus
531 4816 690 4877 laudatum.
722 4815 794 4876 Nam
827 4817 959 4876 ordinem

172 4924 304 4979 nostrum
317 4962 326 4991 ,
350 4917 483 4978 videlicet
506 4918 621 4978 ralisias'
639 4918 849 4991 cardinalium,
872 4939 960 4999 prae-

172 5031 320 5079 cesserunt
346 5019 444 5097 plures
476 5018 644 5097 palestarii‚
665 5030 694 5079 et
727 5030 863 5095 squatroe
885 5038 959 5098 gen·

170 5118 245 5178 tium
259 5125 434 5201 armorum,
456 5129 484 5178 et
500 5121 688 5199 quamplures
702 5119 775 5178 uliae
790 5131 856 5178 sunt
871 5139 959 5198 prae·

171 5220 245 5279 latos
275 5212 338 5299 post
370 5218 539 5281 Pontificem
566 5222 724 5300 equitantes
746 5231 860 5280 secutae
889 5239 957 5282 cum

170 5319 276 5381 lanceis
286 5333 314 5382 et
329 5325 428 5401 plenae
449 5321 548 5418 armis.
567 5322 752 5385 Gubernator
771 5321 858 5383 etiam
870 5322 958 5387 Urbis
989 5392 991 5398 ,

1032 3004 1155 3066 Sanctae
1176 3003 1285 3066 llariae
1315 3003 1414 3065 Norae
1445 3005 1604 3068 Diaconum
1639 3002 1818 3071 cardinalem

1030 3104 1066 3166 de
1088 3105 1203 3168 Ursinis
1236 3105 1398 3183 vulgariter
1429 3116 1651 3186 nuncupatam,
1686 3109 1714 3168 in
1749 3109 1819 3173 Pre-

1032 3203 1184 3285 sbyterum
1217 3205 1401 3267 cardinalem
1423 3225 1592 3288 nuncupare
1626 3210 1748 3282 rolens,
1778 3231 1818 3272 me

1032 3304 1059 3363 in
1079 3305 1289 3386 consistorium
1313 3307 1413 3367 vocari
1429 3308 1518 3380 lecit,
1539 3319 1567 3369 et
1585 3308 1692 3369 ibidem
1714 3331 1763 3374 me
1777 3315 1817 3373 iu-

1032 3409 1216 3485 terrogarit,
1238 3424 1274 3466 an
1295 3408 1376 3486 prius
1398 3419 1470 3468 esset
1493 3408 1521 3466 in
1544 3408 1750 3488 presbyterum
1771 3433 1816 3474 or-

1031 3505 1192 3581 dinandus,
1214 3517 1242 3566 et
1275 3507 1376 3567 deinde
1396 3506 1450 3567 sibi
1485 3510 1587 3569 titulus
1608 3511 1814 3590 assignandus,

1031 3609 1076 3667 vel
1096 3606 1178 3686 prius
1200 3607 1433 3686 pronunciandus
1452 3618 1480 3668 et
1503 3610 1584 3669 locus
1600 3610 1675 3672 lnter
1691 3610 1815 3694 Presby-

994 3685 998 3800 Ι
1031 3718 1108 3767 teros
1127 3708 1294 3769 cardinales
1325 3709 1379 3768 sibi
1402 3708 1535 3782 dandus,
1556 3720 1585 3770 et
1615 3716 1716 3789 postea
1738 3714 1815 3774 ordi·

1030 3809 1150 3869 nundus.
1173 3808 1318 3887 Respondi
1341 3809 1493 3870 Sanctitati
1516 3810 1613 3871 Suae:
1636 3807 1741 3874 Primo
1762 3834 1815 3874 esse

1007 3906 1280 4000 pronunciandum
1313 3912 1389 3970 inter·
1425 3910 1614 3990 Presbyteros
1646 3912 1700 3971 sibi
1742 3916 1814 3975 loeus

1009 4007 1159 4081 dandus,
1188 4009 1289 4070 deinde
1315 4010 1507 4070 ordinandum
1540 4011 1569 4070 in
1600 4012 1810 4092 presbyterum.

1029 4108 1095 4179 Ouo
1113 4111 1270 4182 intellecto,
1290 4108 1501 4170 consistorium
1524 4111 1612 4183 exivi,
1624 4113 1813 4174 etSanctitas

1030 4212 1089 4271 Sua
1105 4223 1220 4271 extunc
1235 4210 1440 4290 pronunciarit
1454 4212 1618 4291 praelatum
1634 4213 1812 4276 cardinalem

1029 4313 1063 4374 de
1084 4313 1200 4374 Ursinis
1221 4311 1299 4373 tituli
1326 4301 1501 4371 Sanctorum
1523 4312 1665 4373 Jobanuis
1685 4327 1717 4375 et
1738 4316 1813 4375 Paull

1028 4412 1261 4492 Presbyterum,
1292 4413 1367 4472 etei
1389 4414 1471 4472 locus
1499 4422 1563 4491 post
1591 4412 1665 4473 Rev.
1688 4414 1725 4474 D.
1746 4416 1813 4476 car·

1028 4512 1152 4574 dlnalem
1173 4512 1278 4572 blontis
1299 4511 1414 4589 Regalis
1435 4511 1518 4571 datus
1538 4512 1602 4573 init.
1631 4514 1696 4574 Hoc
1725 4533 1815 4584 mane,

1028 4615 1084 4675 SS.
1104 4614 1141 4673 D.
1162 4612 1195 4672 N.
1216 4613 1252 4672 ad
1266 4612 1420 4673 Basilicam
1440 4613 1545 4674 Reatae
1565 4613 1675 4676 Mariae
1697 4615 1814 4693 Majoris

1026 4716 1182 4793 equitante,
1208 4714 1282 4772 citra
1298 4714 1423 4792 plateam
1439 4712 1618 4775 ludaeorum
1632 4760 1651 4785 „
1676 4727 1813 4778 venerunt

1028 4812 1170 4875 Oratores
1197 4813 1372 4873 lilarcbionis
1393 4813 1602 4874 mantissa-rari
1625 4814 1813 4876 Sanctitatem

1028 4916 1118 4976 Suam
1151 4916 1226 4975 inter
1252 4914 1323 4975 alios
1351 4913 1492 4975 Oratores
1519 4915 1711 4990 bonoraturi,
1740 4918 1811 4977 inter

1027 5035 1099 5095 qnos
1126 5026 1156 5077 et
1184 5012 1341 5074 Oratorem
1372 5015 1541 5075 Senensium
1563 5026 1629 5076 orta
1654 5029 1698 5077 est
1728 5033 1810 5096 super

1026 5115 1225 5198 praecedentia
1245 5115 1398 5176 contentio.
1417 5112 1482 5183 Qua
1500 5133 1553 5194 per
1571 5114 1626 5174 SS.
1649 5115 1685 5174 D.
1713 5116 1746 5175 ll.
1767 5116 1809 5173 in·

1026 5221 1149 5291 tellecta,
1165 5215 1312 5276 mandarit
1328 5216 1472 5275 Sanctitas
1492 5216 1552 5275 Sua
1568 5215 1646 5294 quod
1664 5233 1723 5277 uon
1742 5233 1810 5277 con·

1026 5320 1174 5383 tenderent
1192 5318 1241 5380 sed
1257 5317 1477 5391 concordarent,
1491 5320 1536 5380 rel
1550 5316 1729 5381 recederent.
1749 5316 1810 5387 Quo
