3764 6036
177 276 239 338 400
634 272 919 363 POlll'lFlCA'PUS
941 266 1165 334 innocuum
1186 268 1339 333 OCTAVl.

179 413 307 474 PrarMio
332 398 498 491 completo,
522 412 568 472 rel
596 412 682 472 etiam
714 411 789 471 luter
820 406 968 489 projectae

179 514 299 575 luerunt
328 514 404 574 citra
439 510 582 571 stantibus
611 511 725 590 populis
755 508 967 569 confectionum

179 615 304 675 zuccari
323 615 372 675 illa
392 614 436 674 die
456 612 545 673 librae
564 612 680 673 circiter
702 608 804 671 404400
819 629 827 668 :
842 618 871 669 et
891 608 967 670 Car·

179 715 285 775 dinalis
306 716 334 774 lu
356 713 482 793 quadarn
500 713 621 792 ginlnsio
642 723 735 782 stans,
757 707 862 785 dejecit
881 710 967 770 etiam

179 814 353 895 quibusdam
370 813 515 875 canonicis
530 815 588 872 srvis
602 812 725 872 birretta
740 829 815 871 nova
831 827 968 878 rosaccea

176 928 205 978 et
224 918 336 995 aliquot
357 915 479 975 annulos
501 906 608 973 aureos
631 914 738 972 valoris
760 909 899 975 duorum,
922 910 967 969 rel

179 1012 473 1078 trinm'ducatorum
502 1013 620 1074 cuilibet
646 1031 680 1073 ex
706 1012 768 1084 eis;
796 1010 851 1089 4044
882 1010 967 1069 etiam

177 1129 279 1199 000040
291 1133 377 1175 coena
390 1132 445 1194 pro
458 1111 674 1191 consanguineis
685 1110 846 1171 cardinalia
857 1107 903 1170 die
913 1120 968 1168 etc.

220 1215 305 1275 Faria
326 1216 441 1292 quinta,
463 1211 747 1292 vigesimasecunda
772 1210 843 1270 dicti
864 1207 969 1269 mensis

181 1315 290 1387 martii,
308 1312 470 1394 significato
490 1313 616 1374 adventu
647 1311 711 1372 ltu.
732 1312 761 1371 in
776 1309 894 1371 Christo
909 1308 969 1368 Pa·

74 1397 78 1405 (
173 1414 227 1474 4044
243 1414 359 1475 Domini
377 1415 494 1476 Domini
524 1413 644 1476 loannis
662 1414 787 1474 Sanctae
815 1411 926 1472 Mariae
940 1411 969 1471 in

177 1514 328 1575 Dominica
349 1515 469 1576 Diacoui
488 1513 650 1576 Cardiuaiis
669 1513 704 1575 de
721 1511 841 1574 Medicis
862 1510 971 1589 vulga·

178 1614 250 1673 riter
270 1615 426 1694 nuncupati
449 1613 504 1674 88.
524 1613 560 1672 D.
582 1610 630 1685 M,
647 1613 681 1673 de
693 1612 810 1693 speciali
832 1613 971 1672 commis·

173 1714 253 1773 sintve
272 1712 441 1774 80440ιί40440
462 1711 541 1774 Suae
568 1713 696 1773 intimari
715 1712 769 1772 ieci
790 1712 875 1772 illurn
895 1710 969 1773 Rev.

179 1813 309 1874 Dominis
329 1811 536 1875 cardinalibus
556 1820 585 1873 et
605 1810 783 1873 Oratoribus
799 1810 970 1889 Principum

178 1931 214 1973 aa
230 1912 437 1973 Potentatuum
453 1916 483 1973 in
495 1913 575 1976 Urbe
588 1915 782 1981 araterrium,
797 1931 849 1992 per
864 1930 972 1973 curso·

141 2078 142 2081 ,
182 2032 240 2085 res,
262 2013 368 2092 quibus
387 2014 450 2076 dedi
472 2014 589 2076 sedulas
611 2016 720 2076 tenoris
741 2015 949 2092 subsequentis.

222 2139 238 2169 ι
255 2114 297 2175 00
309 2102 445 2175 mandato
464 2115 523 2176 SS.
536 2116 652 2190 Domini
670 2114 767 2177 Nostri
784 2115 879 2196 Papae
898 2115 971 2175 inti·

180 2222 277 2274 mctur
299 2215 433 2275 omuibus
455 2214 527 2278 liev.
553 2215 782 2289 cardinalibus,
804 2215 883 2294 quod
905 2233 972 2276 cras

180 2330 274 2386 mane,
292 2325 359 2377 ante
381 2309 484 2377 horam
504 2317 666 2377 consistorii
688 2327 865 2388 cousuetam,
887 2317 994 2394 equi-·

181 2414 285 2474 tabunt
305 2411 341 2474 ad
371 2416 526 2477 ecclesiam
548 2417 653 2479 Beatae
675 2415 785 2478 Mariae
801 2415 835 2477 de
855 2414 971 2496 Populo

182 2501 328 2588 00440440,
349 2516 385 2574 00
407 2503 606 2596 recipiendum
626 2518 732 2579 ibidem
755 2516 792 2576 lt.
814 2516 972 2578 Dominum

180 2613 416 2699 Cardinalemde
436 2614 565 2686 Medicis,
579 2634 670 2694 usque
688 2615 725 2674 00
744 2616 883 2695 0040440444
899 2634 973 2696 apo-

179 2713 316 2772 stolicum
336 2712 566 2789 conducendum,
585 2715 636 2775 ubi
655 2719 712 2775 erit
733 2716 882 2795 pubiicum
900 2734 974 2777 cou-

181 2812 331 2874 slstorium
343 2835 354 2888 ς
378 2832 437 2893 000
459 2813 564 2892 finito,
589 2817 779 2878 associabitur
802 2816 875 2877 idem
896 2816 973 2878 Car·

184 2912 289 2973 dinalis
308 2933 400 2994 usque
419 2915 456 2975 nd
478 2917 619 2996 palatium
638 2936 707 2978 suae
729 2916 926 2990 habitationis,
945 2917 974 2976 in

181 3013 292 3095 Campo
310 3016 437 3091 Florae,
458 3028 488 3078 et
506 3018 608 3079 ordine
635 3030 771 3080 cousvreto
795 3040 821 3078 ».

225 3115 288 3175 lloc
312 3134 378 3177 sero
398 3128 613 3197 proposuerunt
636 3115 776 3179 Oratores
804 3115 973 3196 Principum

184 3212 391 3278 Potentatuum
410 3218 438 3276 in
454 3216 535 3279 Urbe
553 3219 732 3285 existentium
750 3212 881 3280 eumdem
901 3218 973 3279 liev.

183 3312 339 3375 Dominum
372 3315 556 3379 Cardinalem
588 3317 624 3380 de
649 3317 767 3380 Medicis
793 3318 832 3378 00
862 3318 974 3380 dictum

184 3412 348 3474 claustrum
365 3416 524 3478 venientem
540 3419 669 3499 recipere
682 3429 712 3480 et
725 3420 878 3493 associare,
884 3430 973 3500 prout

184 3512 255 3573 alias
271 3512 336 3575 lieri
351 3517 501 3577 consuevit
516 3513 571 3598 (i).
599 3592 602 3599 .
659 3518 662 3523 ’
868 3530 870 3533 ’

225 3734 260 3794 (14
267 3732 303 3784 00
310 3733 456 3785 cardinalis
465 3735 618 3797 receptione
629 3742 656 3786 et
667 3737 759 3787 itinere
768 3735 973 3800 descriptionem

186 3806 293 3868 reliquit
311 3806 377 3857 bauo
394 3806 486 3857 Petrus
502 3805 654 3869 Delphinus.

235 3883 338 3935 Petrus
353 3884 498 3947 belputous
515 3884 626 3936 Guldoui
642 3883 730 3962 priori
742 3886 908 3948 Angelorum.

227 4078 237 4101 ι
252 4058 402 4109 Persuadeo
419 4059 483 4109 mibi
495 4072 547 4109 nou
559 4059 654 4111 deesse
667 4060 759 4121 isthic,
774 4034 977 4124 qul'diligeutis·

184 4136 251 4187 sime
267 4136 315 4186 tibi
333 4138 500 4198 4000004004,
517 4138 633 4200 quaeda
650 4138 692 4188 040
708 4139 736 4187 40
752 4138 819 4188 04004
837 4140 909 4189 04000
926 4154 975 4192 000

183 4219 316 4279 gerantur.
334 4215 372 4265 Ex
389 4229 442 4279 quo
458 4217 529 4267 euim
547 4215 677 4267 Ploreulia
694 4217 807 4279 proiecti
821 4230 922 4278 sumus,
938 4221 977 4268 si·

183 4294 333 4356 guibertum
358 4295 441 4344 luisse
462 4296 623 4358 quotidianis
644 4298 747 4347 0000440
771 4300 798 4347 04
820 4297 975 4348 cursoribus

185 4372 243 4421 scio
260 4371 394 4435 magnifico
409 4373 549 4423 Laurentio
566 4388 739 4439 progressum
752 4377 853 4426 itineris
864 4376 909 4426 0144
926 4380 977 4437 004,

186 4450 256 4500 0000
273 4454 300 4499 04
317 4452 345 4498 40
362 4449 506 4500 identidem
528 4456 625 4502 certior
640 4454 697 4504 deri
719 4455 838 4518 potuisti.
860 4454 976 4516 Quamo-

186 4529 261 4579 brem
278 4530 374 4579 iactum
395 4533 450 4588 est,
466 4536 495 4580 ut
516 4532 619 4582 tardius
636 4534 685 4582 bae
702 4534 735 4583 de
752 4546 782 4584 re
806 4533 840 4583 ad
863 4539 889 4585 te
912 4535 977 4585 scri·

186 4606 257 4657 bam.
279 4608 407 4668 Quoniam
429 4618 494 4656 vero
517 4621 584 4670 0000
600 4610 678 4662 001440
699 4615 772 4674 grata
796 4616 875 4671 suut,
897 4613 975 4663 etiam

189 4690 296 4751 saepius
318 4689 431 4751 repetita
447 4701 500 4738 nou
517 4689 667 4752 displicent,
684 4696 712 4742 et
729 4705 777 4755 ego
798 4694 824 4742 ln
845 4698 976 4755 perpetuo

186 4759 243 4816 {ere
259 4767 385 4816 comitatu
398 4770 479 4828 atque
495 4765 624 4830 obsequio
636 4769 815 4820 colendisslmi
828 4770 977 4820 Cardiuaiis

186 4844 219 4894 00
237 4849 302 4895 banc
318 4856 403 4907 usque
419 4844 488 4894 diem
505 4845 552 4903 404,
563 4847 726 4907 complectar
737 4847 976 4909 summatim‚quae

186 4924 270 4973 relatu
287 4922 366 4986 digua
384 4924 445 4973 mibi
467 4926 668 4979 succurrerint.
685 4938 718 4976 ue
735 4926 853 4977 defuisse
871 4927 976 4987 penitus

187 5004 215 5051 el
230 5002 315 5053 0444040
332 5012 390 5052 mun
408 5006 434 5052 04
451 5002 585 5053 desiderio
601 5008 648 5053 too
665 5003 765 5054 videar.
781 5005 860 5067 lgitnr
876 5003 977 5054 duode-

187 5081 265 5140 cima,
277 5086 304 5130 ot
316 5082 395 5139 nosti,
407 5083 494 5132 martii
511 5083 610 5132 mensis
627 5082 679 5141 die,
695 5084 770 5140 bora,
781 5085 850 5134 sicut
860 5083 975 5133 edictum

185 5159 288 5220 400004,
312 5162 508 5221 sextadecima,
525 5163 681 5215 conscensis
703 5164 829 5226 jumentis
851 5175 975 5225 egressus

186 5241 228 5287 est
245 5238 383 5309 Florentia!
398 5241 521 5293 domiuus
547 5243 787 5295 reverendissimus
803 5255 862 5292 cum
879 5241 974 5292 40044440

185 5311 463 5380 surpraectdeutibos
484 5322 560 5372 illum
578 5324 683 5373 civibus
701 5321 842 5385 spectabili
863 5334 970 5384 pompa,

1715 268 1817 351 (pron

1077 406 1184 469 Eadem
1206 406 1250 467 die
1267 451 1275 479 ,
1295 404 1374 481 04000
1396 406 1469 467 bora
1491 405 1660 484 vigesimam
1680 408 1820 485 004444οι44,

1036 507 1110 580 lter.
1131 506 1272 567 Dominus
1290 505 1449 570 Cardiuaiis
1468 505 1503 567 de
1524 504 1641 566 Medicis
1660 508 1829 584 suprascri'

1037 757 1081 820 qui
1099 757 1130 805 ad
1148 755 1199 805 duo
1216 757 1295 805 millia
1308 768 1433 818 passuum
1446 756 1530 816 ipsum
1544 755 1715 804 deduxerunt
1725 755 1820 811 credite

1037 837 1062 885 in
1079 834 1172 885 urbem
1186 835 1287 896 iussis,
1303 838 1363 896 post
1380 835 1565 884 salutationem
1583 838 1719 891 mutuam,
1736 832 1822 884 cardi·

1036 912 1102 964 00140
1120 913 1287 964 andiacum
1305 915 1406 974 maiore
1424 917 1500 976 parts
1512 913 1625 963 familiae
1643 913 1679 963 ad
1697 913 1821 965 abbatiam
1852 969 1857 980 ,

1038 1006 1111 1042 suam
1127 993 1276 1055 Passlgnaui
1298 992 1414 1041 divertit.
1430 991 1484 1044 Nos
1501 1005 1565 1042 vero
1583 992 1610 1042 04
1631 993 1679 1041 0444
1699 992 1823 1048 Podibou·

1036 1075 1101 1123 tium
1118 1075 1297 1135 pervenimus.
1314 1072 1438 1134 Sequenti
1454 1072 1497 1120 dia
1514 1077 1667 1139 remorante
1687 1071 1734 1121 4410
1752 1074 1822 1122 00404

1037 1155 1118 1213 gratia
1136 1152 1162 1201 lu
1179 1163 1227 1201 suo
1244 1151 1417 1207 monasterio,
1435 1153 1635 1211 praecessimus
1652 1151 1755 1207 Senes,
1773 1162 1821 1199 040·

1036 1231 1093 1290 uitl,
1108 1234 1137 1279 ut
1153 1227 1249 1278 ibidem
1266 1230 1491 1290 praestolaremur
1506 1230 1650 1279 adrentum
1670 1231 1741 1291 eius.
1764 1229 1822 1281 Mon

1038 1311 1144 1360 circiter
1165 1309 1290 1369 vigesima
1312 1309 1461 1357 occurimus
1482 1308 1505 1358 ei
1530 1308 1563 1358 ad
1581 1307 1732 1367 secundnm
1756 1311 1823 1358 extra

1038 1386 1130 1437 urbem
1148 1386 1271 1447 lapidem.
1286 1384 1312 1435 Si
1329 1386 1370 1435 1440
1393 1387 1494 1436 0040000
1511 1386 1689 1450 particulatim
1708 1388 1821 1443 0010040,

1039 1479 1091 1528 000
1108 1463 1187 1514 400044
1199 1464 1298 1514 bonore
1316 1478 1329 1514 a
1346 1463 1507 1514 Senensibus
1518 1463 1670 1514 Cardiuaiis
1682 1461 1824 1515 00040004·

1038 1548 1139 1606 ceptus,
1156 1556 1207 1606 000
1224 1544 1306 1594 404400
1322 1543 1396 1595 001440
1414 1543 1649 1607 00000401044000,
1667 1543 1770 1605 0044400
1784 1543 1824 1593 de·

1040 1623 1114 1681 liciis,
1130 1634 1181 1671 uon
1198 1621 1293 1672 sufficit
1309 1622 1376 1672 dies.
1393 1623 1514 1673 00004044
1531 1627 1606 1672 extra
1625 1624 1723 1671 urbem
1737 1623 1824 1671 cision

1039 1703 1224 1762 primariorum
1242 1701 1330 1758 turba,
1347 1702 1462 1751 occurrit
1478 1706 1505 1751 04
1522 1701 1608 1752 omnis
1620 1702 1747 1765 00044100.
1759 1699 1787 1749 Et
1797 1713 1823 1751 ue

1038 1781 1133 1842 cuique
1150 1783 1258 1842 praesto
1276 1782 1348 1829 esset
1364 1782 1468 1850 occasio
1484 1778 1636 1829 continendi
1650 1789 1679 1826 se
1694 1777 1775 1837 domi,
1785 1791 1824 1839 pa·

1040 1849 1109 1907 blico
1127 1858 1214 1908 004040
1231 1859 1387 1919 imperatum
1405 1861 1465 1916 cst,
1482 1861 1511 1908 nt
1527 1859 1671 1910 universae
1696 1859 1772 1910 urbis
1792 1861 1826 1906 ta·

1040 1936 1139 1988 barnae
1155 1935 1366 1987 occluderentur.
1379 1936 1526 1987 Advenisse
1535 1936 1687 1988 Pontificem
1700 1950 1822 1987 summum

1040 2016 1173 2067 0400000οι
1185 2017 1221 2063 440
1231 2021 1362 2064 commota
1378 2019 1420 2065 est
1435 2017 1561 2066 unlrarsa
1573 2018 1675 2065 civitas.
1688 2016 1761 2067 llaec
1770 2029 1825 2065 0000
1879 2020 1881 2033 ⁴

1041 2092 1174 2142 Cardinali
1190 2091 1308 2141 exhibita
1326 2095 1590 2154 reverentia‚pietas,
1607 2093 1675 2144 0000
1689 2095 1758 2144 adeo
1773 2097 1827 2144 00440

1041 2171 1163 2223 0040414440
1181 2171 1250 2228 40044,
1266 2174 1295 2219 04
1312 2183 1389 2218 nemo
1406 2171 1480 2220 Senis
1498 2185 1549 2221 nou
1566 2177 1713 2222 contentus
1731 2172 1827 2221 abierit.

1041 2250 1221 2299 sextadecima
1237 2248 1281 2298 dia
1297 2248 1357 2297 luds
1374 2252 1502 2299 movimus
1519 2261 1620 2306 omues,
1639 2252 1784 2312 prensique
1799 2250 1827 2299 ad

1041 2330 1268 2384 bonconveotum,
1284 2330 1390 2389 vesperi
1408 2327 1441 2377 00
1457 2328 1479 2376 S-
1498 2328 1634 2388 Quirinum
1652 2331 1827 2391 pervenimus.

1040 2405 1087 2457 Die
1111 2406 1266 2470 insequenti.
1285 2405 1318 2454 ad
1334 2405 1436 2455 Paleam
1454 2409 1555 2469 accepti
1573 2407 1606 2456 00
1623 2407 1766 2469 prandium
1788 2420 1828 2456 so·

1042 2495 1121 2545 00ος
1149 2490 1175 2534 04
1201 2484 1336 2546 bucusque
1363 2485 1517 2534 senensium
1545 2484 1700 2547 sumptibus
1728 2498 1827 2547 semper

1042 2562 1189 2625 hospitati,
1203 2561 1235 2611 00
1254 2563 1356 2624 nquam
1374 2562 1532 2613 Pendentem
1553 2562 1692 2615 Ecclesiae
1710 2565 1827 2626 oppidum

1042 2646 1119 2692 nocte
1137 2642 1328 2704 requievimus.
1340 2643 1414 2692 41000
1422 2643 1534 2704 04040044
1547 2645 1702 2704 complures
1714 2645 1827 2706 00001044,

1043 2731 1144 2782 000000
1169 2719 1258 2768 4440040
1286 2717 1429 2769 viterbium
1458 2721 1653 2783 applicuimus,
1678 2727 1783 2771 retento
1806 2725 1826 2769 tn

1045 2796 1131 2845 medio
1144 2797 1236 2844 itinere
1249 2794 1282 2842 ab
1294 2793 1395 2846 Ursinis
1407 2799 1561 2860 propinquis
1574 2799 1629 2848 suls
1641 2799 1775 2848 Cardiaali
1787 2813 1823 2848 co

1044 2875 1204 2925 leudissimo.
1227 2874 1377 2924 invenimus
1398 2877 1509 2926 viterbii
1536 2874 1668 2927 Pontibcls
1685 2878 1766 2928 illium
1788 2890 1824 2927 so·

1046 2955 1114 3004 roris
1131 2954 1277 3004 Cardiuaiis
1294 2955 1436 3014 maritum,
1452 2956 1534 3017 lpslus
1552 2956 1696 3006 adveutum
1713 2959 1825 3020 praesto·

1042 3032 1148 3082 lautem.
1165 3032 1272 3082 Postera
1289 3033 1331 3082 die
1343 3032 1474 3083 cardinali
1492 3036 1666 3091 occurrimus,
1684 3039 1712 3084 et
1728 3047 1786 3083 cum
1802 3046 1825 3083 00

1043 3110 1185 3162 viterbium
1198 3111 1310 3173 ingressi
1323 3124 1423 3162 sumus.
1439 3113 1501 3162 lude
1514 3113 1704 3163 discendentes
1716 3114 1825 3174 sequenti

1042 3190 1094 3251 die,
1106 3191 1225 3252 vesperi,
1240 3189 1392 3238 Brullauum
1410 3189 1563 3240 Ursinorum
1579 3190 1708 3253 oppidum
1726 3190 1825 3239 diverti·

1043 3281 1110 3319 mus.
1130 3268 1241 3330 Excepti
1259 3266 1356 3316 ibidem
1374 3280 1465 3317 sumus
1483 3273 1611 3331 00004040
1630 3270 1704 3330 regio
1720 3269 1748 3317 in
1764 3268 1824 3331 0040·

1041 3349 1106 3396 lium
1123 3345 1227 3410 Virgiuii
1244 3347 1357 3406 comitis,
1374 3347 1419 3407 qui
1438 3359 1528 3408 magua
1544 3346 1664 3408 equitum
1688 3350 1775 3396 turma
1790 3356 1825 3394 re

1043 3429 1119 3475 uerat
1133 3425 1238 3475 obviam
1255 3425 1332 3475 nobis
1349 3424 1382 3499 ad
1398 3424 1458 3474 ocio
1475 3424 1554 3473 millia
1567 3437 1695 3486 passuum
1715 3426 1823 3475 0140400

1043 3498 1112 3549 04004
1130 3499 1242 3550 00044001
1259 3500 1418 3563 peregimus,
1431 3503 1457 3548 et
1468 3499 1573 3561 quidem
1592 3500 1709 3550 maximo
1721 3503 1823 3549 omniun

1044 3578 1189 3627 commodo.
1205 3578 1321 3628 Tandem
1340 3579 1483 3627 novissimo
1500 3578 1601 3626 itineris
1618 3578 1773 3637 postridie,
1789 3590 1824 3627 ou·

1045 3654 1148 3705 decimo
1165 3657 1266 3705 scilicet
1282 3655 1403 3705 kalendis
1419 3656 1522 3718 aprilis,
1538 3655 1646 3704 44004004
1665 3657 1777 3718 ingressi
1791 3667 1825 3705 sn·

1045 3747 1111 3793 0400,
1129 3732 1334 3784 occurrentibus
1350 3746 1420 3784 nuuc
1436 3735 1477 3784 bis
1494 3748 1562 3784 0000
1570 3735 1631 3785 41140
1647 3736 1675 3785 lu
1692 3739 1736 3785 via
1747 3736 1779 3787 00
1789 3735 1826 3784 00·

1044 3814 1192 3862 ducendum
1217 3813 1402 3872 cardinalem,
1431 3814 1502 3864 oolla
1528 3815 1679 3876 pluviarum
1704 3817 1753 3873 vi,
1771 3826 1826 3878 qma

1045 3903 1136 3953 magua
1153 3895 1215 3940 tuuc
1231 3891 1404 3954 erumpebat,
1420 3893 1477 3942 illos
1496 3899 1625 3952 morante,
1641 3897 1706 3958 quin
1725 3896 1826 3947 00404000

1045 3970 1147 4019 muneri
1172 3968 1367 4018 satisfacerent.
1388 3969 1428 4024 Ad
1449 3972 1560 4033 primam
1578 3971 1653 4022 llrbis
1672 3979 1777 4036 00040044
1793 3987 1827 4023 se·

1044 4049 1125 4098 cessit
1141 4047 1287 4097 Cardiuaiis
1303 4061 1362 4097 cnm
1381 4051 1472 4110 paucis
1489 4051 1513 4098 in
1532 4054 1725 4102 monasterium
1743 4053 1827 4104 814-

1046 4129 1100 4176 rise
1127 4128 1152 4175 iu
1168 4126 1282 4189 Populos
1300 4140 1376 4177 mane
1394 4129 1532 4190 sequentis
1545 4130 1595 4179 diei
1608 4139 1828 4182 couveneruuteo

1046 4205 1199 4255 Cardiuales
1210 4219 1302 4255 omues
1314 4211 1341 4256 et
1357 4207 1478 4256 nimboso
1495 4209 1602 4270 quidem
1619 4211 1707 4269 coelo,
1719 4213 1827 4262 dedare-

1045 4290 1159 4349 ruutqae
1182 4286 1252 4335 illum
1270 4287 1302 4334 ad
1320 4285 1469 4337 Poutidcem
1486 4288 1512 4336 in
1537 4284 1729 4340 consistorium
1755 4291 1832 4354 publi·

1046 4377 1115 4413 cum.
1132 4363 1266 4425 Exceptus
1283 4368 1324 4413 est
1341 4364 1374 4414 ad
1391 4366 1541 4415 osculum'a
1558 4366 1701 4428 Pontinos,
1713 4373 1790 4432 atque
1802 4369 1829 4419 ab

1046 4442 1167 4492 omuibus
1184 4442 1309 4503 deinceps
1326 4433 1524 4500 Cardloalibus,
1541 4444 1619 4494 sicuti
1639 4451 1667 4496 et
1683 4460 1734 4499 nos
1753 4449 1829 4498 400040

1045 4522 1309 4581 consuevimus,cum
1320 4521 1432 4584 aliquem
1444 4522 1477 4572 ad
1494 4523 1645 4585 religionem
1664 4525 1830 4576 admittimus.

1044 4600 1140 4662 Singuli
1162 4612 1266 4663 quoque
1288 4601 1321 4650 de
1337 4599 1482 4651 Cardiuaiis
1501 4603 1596 4652 40044140
1619 4604 1771 4656 0000004044
1786 4604 1831 4655 ibi·

1045 4679 1105 4729 dem
1122 4681 1217 4729 summi
1234 4678 1362 4729 Pontificis
1374 4679 1464 4742 pedes.
1477 4681 1638 4732 liedeuntcm
1656 4684 1766 4734 domum
1782 4685 1831 4734 uni·

1046 4771 1125 4809 versa
1142 4760 1215 4808 illum
1233 4760 1374 4809 comitante
1391 4762 1474 4820 curie,
1491 4761 1568 4810 sicuti
1597 4764 1680 4813 moris
1698 4770 1761 4825 est,
1776 4777 1831 4827 per·

1046 4844 1126 4902 00400
1149 4848 1200 4888 000
1226 4838 1346 4889 deseruit
1363 4844 1442 4902 04000
1460 4843 1551 4903 ingens
1575 4843 1674 4904 pluvia.
1697 4843 1746 4894 Vix
1768 4845 1829 4895 enim

1046 4920 1147 4982 egressi
1164 4931 1270 4969 eramus
1286 4920 1409 4982 palatium
1428 4920 1574 4978 Pontiilcis,
1586 4934 1648 4971 cum
1664 4923 1756 4974 subito
1772 4924 1831 4973 adeo

1046 5000 1146 5062 largum
1164 4998 1294 5049 obductae
1312 4999 1386 5054 coelo
1402 5000 1487 5050 nubes
1504 5013 1649 5052 excussere
1667 5003 1793 5061 imbrem,
1808 5008 1832 5052 04

1046 5081 1172 5130 torrentis
1195 5092 1268 5129 more
1294 5078 1392 5129 effusus
1415 5092 1467 5130 uon
1490 5079 1631 5131 medones
1650 5083 1830 5136 madefecerit.

1046 5172 1140 5210 verum
1157 5172 1225 5221 pene
1243 5161 1313 5209 totos
1330 5158 1458 5209 obruerit.
1472 5159 1649 5222 Sequentibus
1661 5162 1757 5214 diebus
1773 5164 1831 5212 risi·

1047 5240 1114 5289 tavit
1130 5229 1277 5287 Cardiuaiis
1293 5226 1458 5296 Pontificem}
1475 5239 1593 5290 visitavit
1609 5240 1766 5293 Cardinales
1782 5245 1829 5292 sin·

1045 5321 1119 5381 gulos
1135 5319 1214 5369 domi.
1230 5318 1283 5368 lloc
1300 5321 1410 5378 peracto
1428 5318 1587 5369 visitationis
1605 5318 1827 5381 0444040,044410404
