3758 6030
186 233 252 295 83)

228 371 313 433 Ferin
335 370 432 442 tertia,
453 385 496 431 rr.
524 365 592 427 dicti
617 362 719 426 mensis
739 360 891 431 februar-il,
909 367 972 438 post

185 468 289 531 boram
313 486 388 531 xxr.
412 487 464 549 per
488 454 602 548 portata
633 462 805 527 viridarium
827 463 973 522 intrarunt

185 569 296 633 Urbem
308 581 367 632 tres
379 565 660 630 Oratoreslllustris
678 564 715 623 Ι).
736 561 875 625 bonifacii
889 559 971 620 Mar·

184 670 294 732 cbluals
319 668 547 742 Montislarrati3
565 666 700 728 uidelicet
721 663 794 725 lies.
820 661 972 743 presbyter

184 769 222 831 Ι).
252 768 380 831 Andreas
400 768 549 830 Storcllus
568 767 719 847 episcopus
740 765 923 833 albanensis,
944 773 973 823 et

186 869 332 952 Magnldei
344 871 458 932 Domini
472 869 653 930 aenomaus
672 867 706 928 de
725 867 833 927 Sancto
845 863 973 942 Georgia

187 991 222 1034 aa
234 956 393 1034 Comitlbas
404 962 856 1050 Blandractae(l)etLudpvicus
872 965 907 1024 de
917 964 972 1026 li·

186 1072 315 1134 cionibns
325 1072 449 1134 Vacunae
459 1069 494 1132 D.
504 1069 610 1130 milites
630 1086 685 1149 pro
696 1066 852 1128 obedientia
864 1063 919 1126 SS.
935 1064 973 1126 Ι).

189 1171 228 1234 N.
244 1170 425 1252 praemanda,
447 1189 463 1231 a
485 1171 601 1232 familiis
621 1168 677 1230 88.
699 1168 735 1228 Ι).
760 1166 858 1228 Nostri
879 1167 973 1245 Papae

188 1282 218 1334 et
238 1271 331 1334 Rara.
363 1271 554 1333 Dominarum
577 1268 777 1332 sardimlium
798 1286 832 1329 ac
862 1264 975 1329 Orato-

187 1371 270 1434 ribus
284 1372 313 1432 in
326 1370 407 1434 Urbe
425 1371 611 1443 existentibus
625 1383 718 1434 entra¹
728 1379 842 1450 portam
864 1368 972 1447 recepti

187 1483 276 1547 sunt,
298 1484 328 1535 et
347 1488 440 1552 usque
464 1472 501 1533 ad
519 1472 642 1533 domum
658 1472 730 1532 alias
751 1470 973 1531 Plumbatorunt

186 1574 215 1633 ln
236 1574 367 1654 opposito
395 1573 494 1656 palatii
516 1573 615 1632 Sancti
645 1571 738 1632 Marcl
769 1589 855 1632 more
889 1570 974 1630 solito

184 1660 323 1736 martit.
345 1673 463 1734 errans
481 1672 620 1750 cautant
639 1672 749 1733 meatus
762 1672 842 1732 tna
858 1671 896 1731 ιι.
911 1669 974 1729 ιιι-

185 1760 321 1853 garinum
341 1785 371 1836 et
392 1773 582 1836 cusentinum
614 1772 853 1852 transpaeopoe
885 1789 973 1850 prae·

188 1878 260 1938 latos
280 1877 399 1953 Palatii,
419 1866 561 1941 secundm
581 1879 656 1939 inter
674 1878 839 1958 episcopum
860 1874 974 1955 Segro·

187 1976 328 2041 bicensem
346 1981 508 2059 praelatum
528 1980 631 2040 Palatii
650 1998 667 2038 a
689 1978 806 2050 dextris,
827 1989 856 2039 et
874 1975 973 2036 moa-

186 2088 244 2139 tem
265 2078 365 2140 Sancti
385 2080 502 2141 Antonll
532 2078 688 2143 Oratorem
715 2077 804 2158 Regia
830 2078 974 2138 Franciae

112 2228 115 2235 .
186 2194 203 2238 a
224 2177 353 2241 sinistris.
374 2179 533 2262 Episcopus
551 2180 653 2241 athera
671 2180 791 2240 intrarit
812 2179 922 2242 Urbem
944 2180 973 2240 in

185 2280 349 2353 mantello,
378 2292 408 2343 et
431 2269 569 2361 capuccio
590 2281 627 2370 inv
646 2292 810 2342 uamserao
841 2282 973 2360 cooperti

184 2380 274 2458 equi,
300 2392 333 2441 ut
365 2382 486 2462 praelati
507 2384 598 2444 solent
619 2400 671 2463 pet·
692 2382 808 2445 Urbem
830 2381 972 2459 equitare,

186 2489 300 2558 praeter
321 2493 500 2543 consuetum.
521 2481 692 2545 Habuerunt
715 2484 742 2543 ln
765 2483 899 2543 comitiva
919 2501 973 2543 sua

184 2597 275 2657 aquus
294 2584 474 2661 septuaginta
501 2584 629 2662 quinque
651 2585 696 2645 rel
722 2584 826 2658 circa,
856 2594 886 2645 et
909 2585 973 2645 sal·

181 2696 247 2738 *mas
268 2696 344 2744 xvtu
365 2681 422 2764 (2).
860 2741 863 2748 ,

226 2775 335 2842 Diebus
354 2784 516 2862 praeteritis
538 2797 679 2847 uenerunt
700 2803 775 2846 nora
800 2784 837 2845 ad
859 2784 968 2848 Urbem

184 2877 265 2938 llltts.
290 2879 325 2941 Ι).
354 2880 511 2945 leudorico¹
526 2884 637 2946 Mariae
658 2886 784 2948 Slortiae
804 2888 972 2949 vicecomiti

184 2977 253 3041 llari
274 2993 329 3044 etc.
351 2982 438 3058 Unci,
457 3002 492 3046 ac
514 2985 603 3047 Ducis
623 2998 653 3048 at
670 2988 801 3050 Ducatus
819 2988 971 3049 Mediolani

183 3089 238 3140 etc.
255 3079 462 3159 Gubernatori,
482 3084 643 3148 Manatum
664 3108 725 3150 esse
745 3087 837 3150 illium
858 3090 971 3169 primo·-

183 3181 324 3259 geuitnm,
341 3203 376 3246 ac
390 3186 417 3246 ai
436 3203 540 3248 nomen
554 3186 695 3249 Hercules
709 3208 768 3250 esse
790 3189 970 3269 impositum.

184 3280 316 3346 Volerttes
333 3286 424 3365 igitur
443 3286 516 3348 ller.
535 3288 650 3351 θοιιιίιι)
668 3289 835 3353 cardinales
846 3291 970 3373 Sadame

182 3381 971 3481 donamina,Montisllegalis‚etParmensis,acSuncti

183 3481 314 3564 Georgii,
325 3487 463 3549 ascanius
473 3500 502 3550 ct
512 3487 547 3551 dc
562 3489 671 3553 Sancto
681 3491 821 3554 Sererirm
835 3513 865 3556 se
882 3514 970 3575 prae-

182 3581 262 3645 dicto
280 3584 353 3647 Unci
371 3588 439 3648 llari
460 3588 647 3668 gratificare,
668 3592 783 3656 Missam
803 3595 969 3670 solemnem,

182 3685 213 3744 in
230 3687 349 3748 ccclesia
371 3688 473 3751 &atae
494 3690 602 3752 Mariae
617 3692 651 3753 de
670 3695 784 3780 Populo
805 3695 841 3756 de
857 3696 968 3776 Spiritu

180 3782 293 3847 Sancto
311 3782 356 3848 die
375 3790 516 3850 mercurii
539 3808 603 3853 χιιι.
624 3795 726 3853 mensis
749 3795 900 3871 lemuarii,
915 3817 968 3878 per
988 3811 990 3815 '

184 3882 257 3946 Rev.
288 3885 322 3946 P.
352 3885 389 3948 Ι).
413 3888 553 3952 Carolum
574 3893 740 3973 episcopum
762 3896 968 3974 Hostienscm,

181 3985 250 4048 dicti
273 3986 436 4053 Oardimlis
457 3982 573 4054 Aseami
595 3994 767 4076 Magistrum
788 3998 922 4075 Domus,
940 4013 968 4063 et

180 4097 313 4149 cantores
334 4091 479 4170 cappellae
500 4092 555 4174 SS.
572 4094 608 4154 ll.
623 4094 671 4170 ll„
692 4108 809 4160 eantare
825 4099 967 4175 lecerunt,

178 4202 214 4246 ac
233 4185 324 4249 eidem
344 4189 449 4254 Missae
470 4192 674 4257 interfuerunt.
690 4196 819 4260 Ecclesia
837 4201 918 4279 prius
936 4203 967 4268 in

179 4286 257 4360 loco,
271 4287 321 4348 ubi
334 4289 388 4370 ipsi
399 4291 547 4369 sederunt,
564 4306 594 4357 et
609 4299 701 4371 circa,
713 4317 748 4360 ac
760 4297 852 4378 justa
863 4304 965 4378 altare,

179 4386 279 4464 pamm
299 4398 329 4449 et
346 4391 437 4452 auleis
457 4390 638 4459 ornatissime
659 4406 770 4479 parata.
858 4453 861 4457 ,

187 4509 192 4515 ·
218 4487 253 4548 ln
283 4487 339 4549 boc
363 4491 555 4573 carnisprivio
574 4495 639 4557 data
668 4510 736 4560 sunt
756 4517 861 4563 noram
891 4504 966 4583 palia

178 4589 461 4666 procurrentibus,
487 4593 620 4657 videlicet
642 4600 698 4659 tria
721 4601 809 4662 solito
830 4622 885 4682 pro
902 4604 966 4666 llo·

178 4688 283 4749 minlca
305 4690 377 4750 lm
398 4710 454 4772 pro
476 4694 637 4772 barbaris,
657 4702 740 4778 equis
759 4714 787 4763 et
805 4703 942 4783 jumentis
953 4705 966 4783 3x

177 4831 965 4866 --------..-..,,

176 4905 339 4958 allatarum
355 4912 384 4959 ct
399 4914 553 4974 temporum
570 4913 679 4976 saepius
691 4916 972 4979 distincttoaaordt·

175 4990 241 5036 nata
257 4987 513 5042 laissa.i·albnitiua
526 4996 554 5042 at
566 4992 703 5045 liccardas
721 4996 787 5057 ipat,
804 4998 917 5060 ingenua
937 5005 963 5050 et

176 5063 254 5116 bona
273 5066 326 5119 ddc
345 5068 373 5116 in
397 5079 495 5120 eoram
520 5071 684 5124 editionunm
708 5076 817 5127 monitis
834 5078 862 5128 id
878 5080 962 5141 ipsam

174 5143 292 5196 conlessi
308 5148 381 5197 sunt.
535 5150 539 5156 '

214 5225 251 5284 (1)
267 5223 296 5274 la
313 5224 451 5287 Eccardo,
468 5226 653 5281 Nanobrudas.

216 5303 253 5364 (a)
267 5302 297 5354 ln
311 5301 450 5367 liccardn,
465 5308 506 5358 bt.

676 216 962 289 commentus
983 216 1208 286 ducatuum
1229 223 1355 289 SMX'l'l.

1723 239 1831 328 (tros)

1042 375 1077 418 ac
1098 378 1147 422 sex
1164 361 1221 424 alia
1243 381 1298 442 pro
1315 363 1444 438 Jtsdueis,
1461 370 1574 448 pueris,
1591 368 1768 448 juvenibus,
1785 397 1831 438 sa·

1042 454 1137 530 nibus,
1147 460 1232 522 asitris
1245 474 1274 523 et
1289 463 1407 538 buialis,
1426 479 1516 547 prout
1530 471 1616 532 etiam
1632 469 1832 555 asperioribus

1041 557 1120 618 manis
1141 579 1201 624 csse
1222 567 1383 625 consuevit.

1072 657 1167 739 nFeria
1195 673 1303 739 quarta
1319 667 1464 738 cinerum,
1477 685 1534 729 xx.
1554 670 1624 733 dicti
1648 674 1758 736 nmnsis
1791 677 1831 739 le·

1041 753 1293 830 brar·ii,Sunctisst
1313 764 1350 824 D.
1367 764 1400 826 tt.
1418 780 1538 847 paratus
1560 790 1641 833 more
1663 776 1764 838 solito.
1786 796 1832 837 ra-

1043 856 1086 916 nit
1106 858 1143 918 ad
1173 863 1334 940 cappellam
1364 863 1526 942 majorem,
1541 870 1684 933 benedixit
1700 876 1832 951 cineras,

1041 967 1069 1018 ct
1098 957 1172 1018 datis
1196 961 1250 1022 sibi
1281 964 1365 1042 prius
1391 985 1442 1045 pet·
1472 961 1544 1030 Res.
1574 971 1611 1032 Ι).
1644 972 1828 1038 cardinalem

1041 1055 1278 1136 Uttxboaensaa
1307 1067 1358 1142 qui
1382 1067 1547 1130 addictam
1575 1076 1739 1154 cappellam
1763 1097 1830 1157 per·

1036 1155 1157 1221 'veniens
1184 1164 1310 1226 odicium
1328 1181 1514 1247 peracturus,
1534 1175 1629 1236 ontnia
1663 1193 1830 1257 paramenta

1040 1256 1362 1345 Pontificalia,demptis
1382 1269 1563 1338 chirothecis
1581 1286 1610 1337 at
1629 1281 1743 1341 annulo
1754 1280 1831 1343 Pon·

1042 1356 1155 1432 tibcali,
1172 1376 1335 1444 acceperat,
1358 1367 1510 1434 distribuit
1536 1375 1600 1435 aliis
1619 1396 1703 1440 mora
1727 1383 1831 1458 solito,

1042 1457 1161 1539 Dispoto
1180 1474 1245 1542 past
1270 1453 1450 1544 Cardinales,
1465 1476 1618 1555 capitaneo
1637 1478 1788 1544 Ecclesiae
1804 1496 1832 1547 at

1041 1558 1117 1622 Unci
1133 1565 1226 1626 Sorae
1245 1577 1309 1638 post
1332 1588 1432 1631 omnes
1447 1577 1648 1653 pr·aalatos‚ac
1669 1583 1763 1661 nipoti
1781 1601 1832 1649 suo

1041 1659 1105 1721 Don
1133 1663 1279 1728 liuderico
1312 1672 1460 1750 capitaneo
1490 1676 1595 1739 Palatii
1632 1693 1701 1760 post
1736 1702 1831 1747 ouans

1041 1763 1201 1830 immediata
1230 1780 1295 1830 ante
1332 1775 1491 1837 servientes
1513 1797 1689 1852 armorum,
1715 1793 1744 1843 ct
1770 1798 1830 1864 post

1040 1883 1109 1926 eum
1127 1867 1273 1945 aliquibus
1291 1872 1430 1934 militibus
1445 1876 1580 1959 Hispanis
1592 1883 1677 1944 sociis
1693 1885 1763 1945 suls.
1782 1886 1831 1946 ln·

1042 1979 1123 2047 cepta
1139 1967 1337 2031 distributione
1356 1975 1500 2050 cinerum,
1520 1981 1596 2041 uenit
1613 1983 1652 2041 ad
1670 1986 1829 2065 cappellam

1041 2064 1113 2128 Ber.
1136 2066 1172 2128 Ι).
1201 2065 1337 2132 Nicotaus
1362 2076 1521 2157 episcopus
1541 2080 1694 2148 Nitriamis
1722 2085 1829 2150 Orator

1040 2165 1129 2246 Regis
1149 2167 1370 2250 Ungariae,qui
1393 2179 1501 2256 reperit
1518 2181 1546 2240 in
1568 2185 1735 2262 cappellam
1757 2186 1826 2251 Mar.

1041 2265 1074 2342 P,
1096 2267 1132 2330 Ι).
1166 2270 1346 2348 wilielmum
1367 2275 1627 2361 Arenteptseopnm
1647 2264 1750 2347 Sancti
1771 2293 1829 2348 Aa·

1039 2366 1125 2430 dreac
1147 2367 1305 2431 Oratorem
1342 2373 1430 2453 liegis
1463 2377 1621 2442 Scotorum
1653 2385 1733 2446 inter
1760 2389 1829 2450 alios

1040 2466 1183 2531 Oratores
1210 2471 1355 2549 praelatos
1385 2488 1505 2556 paratos
1526 2483 1554 2540 in
1579 2495 1642 2544 'sua
1657 2486 1732 2547 >loeo
1751 2500 1829 2548 stan·

1039 2580 1114 2645 tem,
1136 2591 1220 2650 quem
1255 2574 1328 2634 idem
1350 2578 1501 2659 episcopus
1523 2581 1676 2649 Mitriensis
1707 2607 1828 2667 procac-

1039 2669 1107 2733 dere
1130 2674 1245 2745 uoluit,
1265 2677 1315 2738 sed
1337 2679 1386 2742 ille
1407 2680 1436 2739 id
1455 2700 1638 2763 nequaquam
1660 2693 1827 2767 permittere

1040 2773 1140 2833 soluit.
1162 2774 1275 2843 Quibus
1297 2781 1338 2839 sic
1361 2782 1447 2844 simul
1467 2785 1717 2863 contendentibus,
1738 2792 1826 2870 signi·

1039 2870 1123 2932 brari
1151 2874 1206 2935 88.
1238 2876 1273 2937 Ι).
1306 2877 1341 2938 Ν.
1374 2881 1452 2958 qnod
1485 2881 1655 2960 hujusmodi
1685 2893 1825 2954 contentio

1038 2974 1134 3036 nrittus
1156 2981 1327 3051 conveniens
1348 2980 1509 3057 rideretur,
1523 3004 1604 3058 curn,
1623 3006 1691 3049 meo
1706 2989 1825 3069 judicio,

1038 3073 1100 3135 lter
1118 3075 1265 3156 Ungariaa
1279 3078 1438 3142 Scotorum
1454 3083 1525 3166 llegi
1542 3089 1626 3167 lotage
1649 3102 1727 3152 esset
1745 3095 1824 3172 pr'ae·

1037 3174 1186 3249 lerertdus,
1208 3199 1244 3241 ex
1272 3199 1344 3259 quo,
1365 3183 1390 3243 si
1410 3183 1561 3253 Sanctitati
1592 3189 1672 3252 Suae
1703 3194 1824 3274 placeret

1036 3293 1083 3337 me
1101 3278 1212 3340 cisano
1230 3283 1347 3366 nomine
1362 3284 1471 3361 dicere,
1486 3290 1532 3349 vel
1552 3293 1768 3358 concordarent
1784 3300 1821 3359 ιι)

1036 3377 1122 3439 ambo
1141 3375 1300 3460 cappellam
1315 3372 1434 3447 calcent.
1452 3387 1507 3449 88.
1526 3390 1562 3451 Ι).
1579 3392 1614 3454 tt.
1637 3395 1741 3459 babito
1755 3397 1820 3461 ller.

1035 3475 1228 3541 Dominortim
1250 3481 1452 3563 Neapolitani,
1472 3488 1572 3552 Sancti
1592 3495 1719 3575 Angeli,
1753 3499 1821 3561 Por·

1036 3580 1214 3657 tugalensis,
1235 3582 1393 3662 Senensis„
1407 3600 1437 3649 et
1467 3589 1566 3653 Sancti
1602 3594 1726 3679 Georgii
1754 3619 1818 3662 con-

1035 3679 1113 3753 silio,
1134 3682 1239 3760 quibus
1271 3688 1406 3749 omnibus
1429 3692 1523 3752 rbum
1544 3707 1588 3755 est
1620 3696 1733 3778 &gena
1764 3701 1820 3765 Un-

1034 3779 1135 3858 gariae
1154 3783 1317 3863 digniorem
1334 3808 1411 3865 esse,
1436 3802 1466 3854 ct
1489 3807 1642 3876 propterea
1670 3800 1769 3880 ipsam
1782 3803 1820 3862 di-

1034 3894 1115 3943 ctum
1130 3883 1239 3965 Regem
1264 3886 1381 3952 Scotiae
1400 3896 1575 3972 praecedere
1593 3898 1718 3974 debere,
1744 3922 1817 3964 com·

1034 3984 1113 4044 misit
1144 3985 1214 4046 mibi
1247 3999 1282 4049 ut
1309 3993 1441 4070 praelato
1466 3997 1696 4080 Arcbiepiscopo
1726 4002 1818 4065 Sancti

1034 4084 1165 4147 Andreae
1184 4087 1327 4162 dicerem,
1343 4093 1421 4169 quod
1436 4094 1514 4157 disto
1528 4096 1675 4180 Episcopo
1690 4102 1819 4167 Nitriaasi

1034 4189 1172 4264 cederet,
1198 4209 1234 4252 ac
1253 4210 1344 4272 supra
1375 4216 1405 4256 se
1427 4198 1524 4258 locum
1559 4201 1674 4277 daret,
1698 4207 1820 4284 qttodat

1033 4290 1104 4365 leci3
1127 4301 1155 4352 et
1177 4310 1245 4371 cum
1261 4294 1289 4353 id
1308 4286 1703 4385 praedictodrcltiepiscopn
1719 4307 1819 4368 durum

1035 4383 1197 4466 rideretur,
1212 4405 1276 4473 post
1296 4397 1447 4476 pluruma
1467 4404 1602 4480 rogarit,
1625 4417 1660 4466 ut
1681 4425 1739 4487 pro
1770 4410 1820 4470 rni-

1033 4512 1104 4555 norc
1121 4492 1209 4573 Regis
1226 4497 1271 4555 sui
1288 4496 1468 4576 praejactata
1483 4500 1637 4569 Smctitati
1655 4505 1737 4570 Suae
1755 4529 1820 4591 aup-

1032 4595 1180 4674 pllcaremt
1205 4607 1238 4656 ut
1267 4599 1394 4659 alterum
1424 4620 1460 4662 ex
1484 4604 1553 4683 ipsis
1583 4605 1613 4665 in
1647 4611 1818 4672 assisterunt

1032 4712 1119 4755 suum
1135 4694 1289 4775 reciperet.
1308 4697 1375 4769 Ouo
1396 4722 1449 4782 per
1476 4723 1522 4766 me
1540 4706 1596 4768 88.
1616 4707 1653 4768 Ι).
1677 4708 1713 4770 Ν.
1736 4730 1819 4791 expo-

1032 4796 1097 4867 sito,
1114 4794 1258 4857 Sanctitas
1269 4798 1333 4860 Sua
1348 4800 1457 4863 dictum
1470 4806 1733 4891 ils-cbiepimopum
1749 4813 1818 4874 San-

1031 4897 1071 4956 cti
1100 4897 1230 4960 Andreae
1260 4900 1287 4960 in
1312 4904 1488 4966 assistentem
1516 4925 1604 4969 suum
1633 4915 1760 4994 recepit,
1787 4932 1818 4975 ac

1031 4995 1106 5058 inter
1125 4988 1289 5063 assistentes
1312 5022 1381 5065 suos
1407 5005 1459 5066 sibl
1480 5027 1531 5087 per
1557 5029 1604 5072 mc
1632 5012 1732 5074 locum
1759 5015 1818 5076 dari

1030 5099 1193 5177 praecepit,
1219 5100 1297 5178 qnod
1317 5113 1346 5163 et
1371 5104 1436 5164 leci.
1466 5106 1535 5168 Fuit
1562 5109 1657 5188 igitur
1687 5125 1818 5194 receptus

1029 5215 1046 5253 a
1074 5199 1178 5258 ceteris
1197 5199 1420 5277 desistentibus,
1437 5214 1466 5264 et
1481 5206 1557 5269 inter
1577 5207 1779 5275 Patracensem
1792 5225 1818 5275 et

1030 5296 1223 5361 llicosiensem
1253 5300 1508 5386 Arcbiepiscopos-
1534 5310 1707 5375 collocatus
1735 5313 1812 5376 Uatis
