3780 6030
178 254 220 313 cc
655 240 862 304 cultellata
883 235 985 298 Post·
1005 233 1153 334 SlllTUhl
1175 237 1379 309 QUARTUM.

179 387 349 449 enormibus
370 398 399 448 et
420 384 577 466 gravibus,
600 401 650 462 per
670 398 719 443 eos
739 381 879 441 hactenus
895 389 973 454 quo·

179 488 333 550 modolihet
344 487 501 549 commissis
513 495 541 546 et
556 479 973 564 perpetratis,quallaeumque

178 592 246 664 siut,
262 592 348 650 etiam
370 590 393 648 si
416 589 484 648 talia
506 585 613 657 forent,
628 597 702 661 quae
721 584 750 643 iu
770 579 898 661 generali
919 593 973 637 ea·

177 692 321 772 pressione
337 688 387 768 huj
394 687 505 749 asmodi
526 705 583 748 nou
602 683 927 764 comprehenderentur,
945 689 974 738 et

179 793 362 870 requirerent
373 789 478 849 nudam
494 799 521 848 et
534 784 697 866 specificam
713 783 931 852 consessionem,
945 791 975 839 et

179 892 216 951 ad
239 891 424 954 obtinendum
453 906 555 950 eorum
582 876 791 947 absolutionem
818 901 855 943 ex
874 879 975 959 quaeis

180 991 359 1054 ordinatione
382 988 558 1050 individuam
572 985 782 1065 expressionem
804 981 975 1068 indigerent,

180 1104 310 1170 essetque
333 1107 437 1154 eorum
460 1087 601 1149 'absolutio
622 1084 783 1167 specialiter
804 1102 821 1142 a
843 1081 974 1155 Romano

181 1191 488 1255 Pontifice-reserrata
519 1206 554 1249 ex
580 1170 682 1265 quavis
701 1202 788 1245 carisa
814 1182 974 1245 necessario

180 1291 386 1374 exprimenda,
408 1307 460 1351 nec
481 1305 539 1349 uon
559 1306 576 1346 a
599 1286 832 1365 quibuscumque
855 1296 975 1344 excom-

183 1392 398 1464 municationis,
419 1388 619 1469 suspensionis,
637 1399 665 1449 et
681 1385 836 1457 interdicti,
856 1384 976 1463 aliisque

181 1492 378 1556 ecciesiasticis
389 1491 544 1563 sententiis,
558 1489 697 1561 censuris,
711 1499 740 1548 et
755 1487 852 1566 poenis
865 1503 882 1545 a
894 1481 976 1560 jure,

182 1598 228 1657 rel
238 1595 275 1656 ab
290 1593 405 1655 homine
422 1592 525 1670 quasis
540 1591 708 1662 occasione,
725 1589 771 1648 rel
792 1604 885 1648 causa*
899 1587 974 1661 letis,

181 1707 208 1757 et
227 1693 420 1764 indicassem
439 1691 642 1772 promulgatis,
662 1689 748 1750 etiam
764 1688 878 1759 talibus,
898 1703 974 1763 qua·

182 1814 250 1854 runs
276 1792 418 1852 absolutio
450 1802 599 1871 reservata
626 1788 794 1868 simpliciter
823 1787 921 1858 iuret,
942 1796 976 1845 ut

183 1894 349 1974 praefertur
379 1892 535 1970 apostolica
563 1889 763 1961 authoritate,
791 1887 920 1968 plenarie
932 1964 936 1969 .‚
948 1887 976 1951 iu

183 2005 308 2075 utroque
330 1993 395 2054 loro
410 1992 579 2064 ubsolr0,et
599 1988 849 2061 totaliterliber03
869 2004 905 2046 ae
923 2005 977 2045 su·

182 2115 234 2175 per
246 2112 430 2175 quacumque
442 2092 658 2171 irregularitate
670 2111 721 2170 per
733 2109 792 2162 eos,
810 2099 978 2166 cuiquem,

184 2197 258 2277 libet¹
276 2213 379 2258 eorum
398 2192 614 2273 quomodolibet
636 2203 785 2253 contracta
810 2187 979 2268 simpliciter

182 2299 211 2357 in
227 2308 352 2373 utroque
364 2294 430 2356 loro
445 2293 541 2372 quoad
558 2309 658 2354 omues
669 2292 796 2364 ordines,
813 2302 842 2351 et
858 2291 979 2350 illorum

182 2399 267 2458 etiam
288 2399 318 2457 in
336 2395 438 2456 altaris
456 2394 614 2456 ministerio
633 2393 671 2452 ad
698 2391 873 2472 pontificalis
894 2387 978 2451 cilicii

182 2497 400 2570 execrationem,
423 2511 475 2553 uec
501 2512 558 2559 non
580 2492 800 2574 praesidendum
830 2491 980 2561 ecclesiis,

184 2596 376 2677 monasteriis,
390 2606 419 2655 et
434 2592 497 2654 aliis
511 2594 582 2655 locis
599 2594 812 2666 ecclesiasticis,
832 2593 980 2669 illaqueet

186 2699 304 2776 quaevis
332 2693 467 2764 beneficia
494 2694 686 2755 ecclesiastica
700 2737 709 2767 ,
724 2711 759 2754 ac
781 2707 987 2771 quoscumque·

187 2811 270 2859 actus
294 2795 484 2859 eacrceudmn
503 2794 836 2873 plenissimedispenso,
862 2792 981 2853 aboleo·

187 2918 244 2978 que
272 2910 302 2960 et
333 2897 413 2959 deleo
438 2912 552 2958 onmem
588 2894 774 2955 inhabilitatis
795 2905 823 2955 et
849 2893 980 2953 infamiae

188 2999 333 3061 tusculam
348 3017 382 3058 ex
396 2997 559 3076 praemissis
575 2998 803 3075 provenientem,
824 3011 882 3072 qua
904 3011 980 3071 quo·

188 3098 345 3161 modolibet
359 3097 482 3177 respersi
494 3098 596 3157 sormi.
612 3095 739 3157 Remitto
757 3088 873 3173 quoque
887 3096 939 3165 eis,
952 3105 981 3154 et

183 3218 287 3262 eorum
312 3199 446 3272 cuilibet,
466 3215 564 3258 omnes
585 3209 615 3257 ct
635 3198 765 3276 singulos
788 3197 903 3256 fructus
927 3212 979 3273 per

184 3320 232 3361 eos
248 3301 343 3359 iorsan
359 3318 393 3360 ex
413 3300 556 3373 ecclesiis,
576 3299 769 3369 monasteriis,
788 3307 817 3357 et
837 3294 980 3383 mueliciis

183 3401 381 3462 ecclesiasticis
392 3398 643 3477 qualitercumque
659 3417 751 3477 usque
766 3399 794 3456 iu
808 3396 892 3458 hodie
905 3398 979 3459 male

186 3511 346 3582 perceptos,
361 3518 477 3577 eosque,
493 3511 521 3560 et
534 3498 690 3578 quemlibet
705 3516 809 3559 eorum
825 3498 861 3556 ad
878 3498 979 3576 pristi-

187 3621 257 3662 num
277 3602 452 3662 innocentiae
472 3611 590 3672 statum,
616 3600 645 3659 in
667 3617 726 3677 quo
746 3610 829 3660 erant
849 3611 979 3677 tempore

187 3704 374 3771 correersiouis
388 3703 463 3762 sacri
482 3700 671 3780 bsptismatis,
692 3700 820 3780 plenarie
842 3701 979 3776 restituo,

186 3822 306 3884 repono,
319 3815 349 3864 et
362 3804 517 3880 reintegra.
536 3800 613 3861 Etsi
629 3801 682 3879 qui
696 3819 799 3861 eorum
809 3800 913 3870 iurent,
930 3800 979 3878 qui

185 3906 333 3985 specialius
362 3903 489 3972 absolvi,
515 3914 544 3963 et
569 3921 667 3962 secum
691 3900 847 3981 dispensari
866 3904 980 3980 aliaque

184 4007 339 4086 praemissa
350 4003 425 4078 lieri,
439 4003 536 4064 forsan
548 4006 651 4080 quovis
671 4015 815 4082 respectu,
832 4003 981 4063 desidera·

185 4105 490 4180 rcot,cuilibeteorum
503 4102 681 4176 concedunt
693 4104 838 4166 confessor
850 4104 979 4175 idoneus,

186 4225 273 4284 quem
282 4205 397 4267 duxerit
411 4203 576 4283 eligendum
594 4205 744 4284 presbyter
756 4207 920 4275 saecularis,
933 4207 978 4265 rel

185 4307 338 4386 religiosus
359 4300 489 4379 cujusvis
507 4304 630 4381 ordinis,
645 4306 731 4366 etism
747 4305 980 4378 mendicantium,

184 4426 256 4486 erga
268 4421 418 4486 personam
431 4406 562 4483 eligentis
573 4406 602 4465 in
615 4407 781 4468 innovanda
789 4406 981 4492 *ebsolutioue

186 4508 406 4588 dispensatione,
424 4505 592 4579 abolitione,
611 4518 640 4569 et
662 4508 843 4568 restitutione
864 4506 981 4587 preedi·

187 4610 357 4684 ctis,etiam
370 4606 580 4669 criminibuset
592 4609 721 4669 censuris
735 4607 914 4688 specificatis,
928 4625 980 4668 ea-

187 4713 251 4775 dem
272 4727 392 4791 prorsus
412 4711 575 4789 plenissima
597 4722 626 4771 et
646 4710 777 4771 absoluta
792 4720 930 4789 potestate
950 4720 980 4769 et

186 4813 362 4874 urrthoritate
379 4810 551 4889 irrugantur,
566 4829 624 4888 qua
639 4811 746 4890 fungor
763 4826 836 4890 ego,
848 4821 880 4869 ut
890 4808 981 4870 chri-

190 4914 376 4983 siricarius,
396 4910 531 4990 Peuique
551 4930 711 4986 antecessor,
730 4912 800 4972 nihii
819 4911 930 4990 penitus
952 4911 981 4969 in

187 5015 245 5076 hoe
267 5012 443 5078 reservando
463 5010 520 5095 (l).
822 5004 834 5008 ⁴

229 5233 264 5292 (1)
281 5252 291 5272 ·
310 5229 373 5282 llais
391 5229 424 5280 de
442 5235 501 5280 tous
526 5229 565 5278 les
588 5225 716 5285 articleS,
733 5228 833 5291 ispius
855 5229 980 5292 singulicr

190 5309 459 5370 retrocesserunt
471 5320 520 5370 par
532 5307 557 5358 le
568 5307 629 5371 qast
648 5308 670 5355 le
682 5307 750 5372 Papo
763 5307 834 5358 lotar
846 5308 983 5361 accordoit

1721 246 1834 335 (arar)

1083 374 1167 449 ltem,
1182 394 1250 436 cum
1269 374 1390 438 Romani
1411 377 1563 449 Pontifices
1583 393 1646 460 post
1662 383 1782 459 aeditus,
1804 389 1833 449 in

1043 477 1202 537 erastinum
1212 480 1411 557 assumptionis
1425 484 1674 560 eorrrmnegutas,
1684 497 1713 546 et
1722 491 1831 548 consti·

1045 578 1165 638 tutioues
1181 579 1211 637 in
1227 596 1352 656 quarum
1372 579 1512 643 aeditiooe
1525 582 1655 645 adhiberi
1671 605 1832 649 consuere·

1044 690 1112 737 runt
1130 690 1309 759 opportunae
1320 681 1483 759 diligentiae
1500 695 1530 744 et
1549 684 1734 761 intervenire,
1756 708 1833 750 non-

1045 781 1127 850 nulli,
1136 780 1169 842 de
1181 781 1285 841 eisdem
1295 783 1529 846 cardinalibuset
1539 787 1602 847 aliis
1613 787 1759 850 Romanae
1769 790 1833 853 Cu-

1048 881 1106 939 riae
1124 881 1292 942 officialibus
1310 902 1360 962 per
1378 902 1408 944 se
1426 887 1629 948 consueverint
1642 888 1746 951 aedera
1763 891 1835 951 alias

1047 982 1169 1058 regulas
1193 993 1221 1042 et
1242 984 1478 1059 constitutiones,
1497 988 1523 1047 in
1546 1007 1671 1066 quarum
1694 992 1836 1054 seditione

1044 1099 1179 1161 persaepe
1193 1093 1272 1144 tauta
1286 1095 1422 1145 accurata
1440 1086 1586 1166 diligentia
1598 1109 1655 1151 non
1668 1091 1835 1167 adhibetur,

1047 1200 1155 1256 voveo,
1174 1180 1257 1259 juro,
1276 1196 1304 1245 et
1325 1187 1463 1264 promitto
1487 1189 1515 1248 in
1543 1189 1598 1264 his,
1617 1210 1692 1270 quae
1716 1213 1769 1273 per
1787 1210 1834 1256 nse

1044 1284 1106 1345 aedi
1122 1286 1285 1364 continget,
1298 1288 1440 1348 clausulis
1455 1300 1484 1349 et
1498 1292 1747 1353 constitutionibus
1770 1306 1835 1375 post

1044 1385 1169 1465 primam
1184 1386 1353 1449 seditionem
1368 1390 1493 1464 solitam,
1510 1408 1657 1471 nunquam
1669 1394 1836 1456 cardinales

1045 1486 1201 1561 includere,
1214 1488 1265 1548 nisi
1282 1490 1348 1550 illae
1359 1491 1527 1552 eorumdem
1540 1492 1736 1556 Cordinalium
1748 1495 1835 1556 lavo·-

1045 1607 1108 1649 reru
1127 1601 1312 1662 concernunt,
1328 1592 1373 1652 vel
1391 1590 1458 1653 illue
1472 1592 1506 1654 de
1528 1596 1646 1657 consilio
1665 1597 1835 1657 eorumdem

1045 1687 1252 1763 Cordinalium,
1269 1707 1318 1752 seu
1340 1691 1459 1770 majoris
1475 1695 1565 1772 partis
1577 1713 1680 1756 eorum
1694 1684 1835 1758 aederen-

1046 1799 1093 1850 tur
1115 1787 1170 1869 (de
1195 1808 1255 1868 quo
1275 1803 1385 1852 constet
1409 1811 1462 1872 per
1483 1793 1720 1876 subscriptionem
1743 1797 1834 1856 trium

1044 1888 1176 1966 priorum
1196 1887 1332 1949 ordinum
1353 1890 1521 1951 eorumdem
1542 1894 1571 1951 in
1592 1893 1793 1955 constitutione
1807 1904 1836 1954 et

1045 1991 1147 2068 regula
1157 1990 1198 2049 sie
1207 1988 1324 2074 aedita),
1336 2002 1366 2052 et
1376 1992 1411 2052 ad
1422 1991 1630 2055 cancellariam
1643 1996 1835 2075 Apostolicam

1045 2089 1191 2168 legendae,
1205 2093 1483 2161 transmitterentur:
1504 2095 1531 2154 in
1550 2095 1606 2157 hoc
1622 2097 1838 2157 vicecancella-

1044 2191 1101 2264 rio,
1115 2203 1145 2253 et
1162 2191 1224 2270 ejus
1245 2195 1448 2255 locumtenenti
1469 2197 1625 2257 concedens
1647 2205 1679 2256 ut
1706 2198 1835 2274 aliquam

1046 2293 1193 2372 regulam,
1204 2304 1233 2354 et
1247 2294 1488 2370 constitutionem,
1500 2299 1529 2357 in
1541 2316 1597 2376 qua
1608 2296 1772 2358 Cordinales
1783 2317 1835 2358 ex·

1045 2396 1390 2473 pressenominarentur,
1410 2397 1540 2459 savorem
1562 2415 1664 2461 earum
1686 2416 1742 2458 non
1763 2416 1836 2458 eon·

1046 2489 1224 2566 cernentem,
1246 2494 1273 2554 iu
1294 2495 1392 2556 eadem
1413 2495 1591 2559 cancellaria
1613 2517 1669 2559 uon
1690 2499 1836 2578 permittat

1045 2598 1198 2676 publicari,
1220 2596 1317 2656 necin
1336 2595 1411 2658 libro
1427 2600 1596 2677 regularum
1618 2602 1678 2659 eiras
1693 2601 1836 2672 annotari,

1045 2711 1074 2761 et
1089 2699 1314 2772 describi,dum,
1326 2705 1480 2777 et'qnoties
1499 2701 1534 2761 de
1551 2717 1688 2762 consensu
1707 2701 1836 2780 ipsorum

1047 2800 1245 2862 cardinalium
1261 2801 1334 2861 lucta
1353 2818 1409 2860 non
1429 2802 1566 2874 iuer·it,et
1586 2821 1637 2881 per
1653 2812 1711 2863 tres
1725 2803 1838 2881 priores

1047 2902 1183 2962 ordinum
1198 2900 1366 2962 eorumdem
1389 2918 1445 2961 non
1462 2901 1635 2981 subscripta.

1091 3003 1174 3075 ltem,
1188 3019 1256 3062 cum
1270 3020 1304 3062 ex
1319 3005 1500 3063 concessione
1512 3004 1680 3082 specialium
1703 3021 1838 3064 reserva·

1050 3108 1160 3165 tionum
1186 3122 1262 3191 quas
1288 3105 1400 3165 romani
1425 3103 1577 3166 Pontifices
1606 3105 1839 3183 praedecessores

1048 3206 1116 3280 mei,
1131 3217 1159 3268 ct
1175 3207 1345 3286 praesertim
1359 3206 1406 3268 iel.
1428 3225 1487 3268 rec.
1506 3206 1604 3266 Sixtus
1619 3205 1697 3286 Papa
1716 3218 1838 3285 quartus

1049 3495 1176 3545 d’avance
1189 3455 1207 3555 xfa
1223 3499 1283 3546 tous
1300 3500 1339 3546 tes
1355 3493 1506 3545 Cardioaux
1523 3491 1655 3551 electeurs
1672 3488 1840 3539 l'absclutioa

1050 3574 1149 3624 enuere
1163 3609 1171 3635 ,
1187 3578 1213 3624 et
1238 3587 1300 3624 sans
1318 3585 1437 3632 reserre,
1453 3572 1486 3621 de
1504 3575 1563 3621 tons
1580 3571 1618 3619 lea
1635 3570 1732 3618 crimes
1754 3565 1840 3630 qu'ils

1051 3654 1208 3715 pourroient
1225 3653 1298 3702 avoir
1314 3650 1434 3709 commis,
1450 3651 1536 3712 quelle
1553 3649 1639 3711 qu'en
1655 3645 1694 3704 tut
1711 3644 1841 3695 l'euormi·

1051 3733 1084 3792 tc,
1096 3735 1122 3781 et
1139 3731 1227 3794 quand
1244 3732 1275 3780 iis
1292 3732 1406 3780 soroiont
1424 3729 1456 3780 de
1473 3732 1565 3777 nature
1583 3739 1597 3775 a
1614 3739 1646 3774 ne
1663 3723 1774 3787 pouvoir
1785 3722 1841 3772 cire

1049 3812 1199 3873 perdoanes
1228 3810 1272 3872 qu'
1282 3808 1361 3871 apres
1377 3818 1430 3858 une
1446 3806 1611 3857 enunciatioa
1627 3815 1764 3867 expresse.
1790 3801 1842 3852 lloe

1049 3891 1158 3952 pereille
1175 3901 1312 3952 promesse
1329 3887 1451 3938 sembloit
1467 3885 1597 3936 contenit¹
1610 3896 1662 3934 una
1682 3881 1843 3933 eveutacite

1050 3974 1077 4020 et
1094 3983 1144 4032 peu
1163 3967 1306 4035 honorabis
1315 3968 1350 4015 du
1363 3965 1457 4016 besoin
1469 3965 1546 4029 qu'ils
1563 3962 1701 4026 croyoient
1713 3973 1746 4010 en
1757 3959 1841 4009 avoir.

1050 4075 1078 4084 —
1092 4049 1139 4098 Cet
1151 4046 1242 4097 article
1256 4058 1288 4095 ne
1308 4057 1335 4094 se
1353 4049 1447 4093 trouve
1465 4044 1539 4106 point
1555 4042 1621 4092 dans
1633 4042 1671 4090 les
1684 4039 1798 4090 Annales
1809 4037 1841 4087 de

1046 4125 1182 4190 liapnatdi.
1202 4146 1211 4167 ·
1228 4126 1259 4160 ¹-
1275 4122 1345 4172 lleec
1363 4121 1472 4172 notabat
1483 4121 1518 4172 De
1530 4117 1841 4183 precaremurcuns·

1049 4209 1142 4268 simus,
1158 4207 1183 4256 ia
1202 4202 1296 4256 notitia
1313 4206 1390 4266 quem
1408 4200 1506 4264 publici
1522 4199 1591 4258 iuris
1611 4195 1735 4255 faciebat,
1753 4205 1843 4251 maan·

1048 4288 1172 4350 scriptor.
1188 4284 1271 4335 codic.
1288 4283 1371 4334 diaria
1389 4279 1515 4331 Burcardi
1543 4275 1735 4328 continentium
1763 4278 1790 4324 et
1816 4275 1842 4323 iu

1047 4366 1123 4428 Regia
1139 4363 1300 4414 Bibliotheca
1312 4360 1415 4410 Parisiis
1427 4358 1597 4409 existentium
1609 4354 1707 4415 (Notice
1717 4354 1753 4402 du
1768 4352 1843 4402 lour-

1047 4445 1090 4494 uol
1106 4445 1136 4494 dc
1152 4441 1268 4493 burcord
1278 4439 1365 4490 Mottrc
1375 4439 1417 4488 des
1426 4435 1582 4488 Coremouics
1593 4435 1622 4483 dc
1639 4433 1663 4482 io
1679 4429 1798 4491 chapelle
1808 4431 1843 4478 da

1045 4525 1113 4585 Papa
1129 4522 1219 4583 depuis
1239 4519 1310 4571 sisu
1328 4518 1358 4568 W
1369 4518 1462 4580 jusque
1476 4528 1493 4565 o
1508 4514 1575 4565 lates
1596 4513 1645 4571 lli,
1667 4511 1697 4559 ln
1711 4509 1843 4560 volumine

1046 4603 1142 4664 primo,
1154 4613 1210 4663 pag.
1222 4597 1411 4662 ruspensem
1422 4595 1522 4646 titulus:
1533 4594 1633 4644 Notr'caa
1645 4594 1667 4640 st
1678 4588 1790 4639 cetroitr
1800 4588 1843 4636 des

1045 4679 1199 4730 Manuacritr
1210 4675 1240 4728 dc
1251 4677 1277 4727 lo
1288 4674 1437 4736 bibliotequc
1447 4674 1481 4724 du
1493 4672 1546 4730 lici,
1556 4671 1596 4719 leis
1610 4681 1646 4718 ιιιι
1662 4666 1757 4718 comitc‘
1769 4664 1844 4716 ctobli

1045 4769 1095 4820 por
1109 4756 1142 4808 So
1153 4755 1260 4820 llojastc
1270 4755 1334 4804 dous
1350 4752 1502 4803 i'Acodemie
1518 4750 1605 4810 ropote
1620 4748 1663 4799 der
1679 4741 1843 4804 inscriptions

1047 4841 1071 4888 ct
1081 4836 1256 4887 belles-latirus.
1271 4835 1343 4884 Paris
1361 4835 1429 4885 1787.
1444 4858 1473 4869 —-
1485 4830 1535 4880 Sed
1553 4831 1779 4891 perperam3ncm
1796 4819 1845 4869 ab·

1049 4916 1145 4967 solutio
1167 4916 1245 4978 pleae
1261 4914 1295 4964 ab
1311 4914 1381 4963 omni
1398 4912 1493 4973 culpa,
1510 4919 1558 4958 nec
1574 4919 1626 4956 non
1644 4903 1678 4954 ab
1694 4900 1764 4963 omni
1786 4901 1845 4947 rin·

1048 4997 1108 5046 culo
1126 4992 1379 5045 excomunicationis
1392 4996 1419 5042 et
1433 4985 1567 5039 interdicti
1581 4989 1608 5035 et
1626 4981 1767 5037 similibus,
1784 4977 1847 5027 Car·

1049 5074 1174 5125 diualium
1191 5074 1217 5122 in
1230 5073 1354 5122 conclave
1366 5070 1460 5133 Papam
1471 5066 1630 5128 eligentium,
1640 5064 1666 5110 et
1679 5057 1845 5109 conurmauo

1051 5155 1200 5217 regularum
1209 5149 1399 5211 cancellariae,
1410 5151 1470 5198 suat
1482 5148 1507 5195 et
1519 5144 1623 5194 luerunt
1641 5149 1747 5200 semper
1761 5134 1845 5197 primi

1052 5238 1127 5285 actus
1143 5230 1273 5283 contracte
1289 5230 1395 5279 noviter
1407 5222 1555 5277 electi.lloc
1571 5221 1649 5283 igitur
1665 5215 1777 5268 articulo
1793 5223 1844 5262 non

1054 5325 1124 5363 nova
1141 5323 1194 5368 res,
1212 5308 1260 5360 sed
1278 5310 1368 5356 torma.
1442 5353 1445 5360 ,
