3780 6030
183 278 223 339 iu
641 277 922 344 rudruicat'us
937 277 1170 342 induruerit
1191 275 1352 339 (iuravi.

183 412 317 476 inmane
340 427 369 478 et
393 427 459 496 post
478 415 631 496 prandium
653 428 796 477 venerunt
820 417 857 476 nd
876 416 972 477 *Pala-

185 514 257 574 tium
273 517 374 594 plures
387 536 422 578 ex
443 517 506 576 itit.
525 516 656 578 Dominis
671 517 882 589 cardinalibus,
904 516 973 595 qui·

183 613 238 675 bus
254 617 362 678 eiectus
377 618 503 696 signarit
521 618 742 696 supplicationes
757 619 932 693 officiorum,
945 630 973 680 et

187 718 314 778 aliorum
333 735 389 796 pro
407 716 476 791 suis,
495 728 524 778 et
544 716 692 778 distribuit
710 718 750 778 eis
765 730 859 808 terras
873 730 902 780 et
920 738 973 780 ca·

184 827 246 877 stra
267 835 324 878 uon
344 829 439 877 tamen
457 817 591 879 omnibus
611 818 812 879 cardinalibus
829 818 913 898 juata
927 832 973 882 te·

183 934 283 978 norem
310 918 508 996 capitulorum
535 917 769 997 supradictorum
782 940 792 992 ;
821 918 870 980 sed
900 921 972 980 nulli

184 1015 384 1096 supplicationi
395 1016 451 1076 luit
464 1015 506 1082 bis
525 1017 625 1077 dicbus
643 1017 720 1091 slata,
732 1017 781 1078 sed
796 1019 825 1079 in
839 1019 973 1080 omnibus

152 1100 158 1115 ⁴
182 1117 397 1196 postmodums
418 1116 453 1177 D.
464 1117 583 1179 Datario
604 1120 853 1197 presentatis,luit
874 1121 969 1200 posita

181 1217 248 1279 data
280 1217 335 1280 diei
366 1218 569 1280 coronationis.
600 1218 804 1280 Seuerissimus
832 1220 972 1281 Dominus

182 1328 279 1379 noster
299 1320 419 1391 electus,
438 1319 527 1399 elegit
549 1330 576 1379 et
597 1319 749 1399 deputarit
770 1321 799 1380 in
820 1319 973 1380 Datarium

181 1435 268 1477 suum
289 1417 326 1477 ii.
346 1417 382 1478 P.
404 1417 440 1477 D.
473 1419 666 1480 Antonianum
692 1422 858 1502 episcopum
877 1422 974 1482 Vinii·

181 1517 339 1579 miliensem
354 1516 425 1578 alias
444 1518 645 1593 antidotarium
663 1538 758 1581 suum.

222 1618 355 1679 Fuerunt
374 1619 459 1679 etiam
479 1618 606 1698 deputati
627 1622 755 1699 quiaque
773 1641 807 1683 ex
826 1621 889 1681 itii.
910 1622 974 1682 Do-

180 1715 264 1776 minis
284 1716 504 1791 cardinalibus,
526 1720 577 1798 qui
600 1722 839 1794 coronationem,
862 1731 892 1783 et
918 1739 974 1803 pro

180 1836 214 1877 aa
235 1819 395 1879 necessaria
417 1818 599 1892 ordinarent,
622 1821 751 1883 videlicet
777 1821 973 1883 bitumini

78 1960 80 1966 .
181 1917 214 1978 S.
236 1912 345 1992 Marci,
367 1918 399 1978 S.
428 1919 510 1982 Petri
531 1919 568 1979 ad
590 1921 730 1996 Vincula,
752 1922 972 1996 Ulixbonensis,

181 2015 336 2091 Senensis,
364 2029 394 2079 ct
415 2018 447 2078 S.
471 2017 593 2100 Georgii
613 2019 824 2097 Camerarius,
845 2041 973 2101 quorum

180 2275 373 2338 correquisitis.
384 2305 415 2317 -
432 2277 488 2328 Dua
504 2279 623 2329 orinalia.
643 2305 672 2317 -
688 2279 770 2331 Unum
787 2283 930 2335 sabasium.
943 2312 973 2321 -

180 2354 252 2404 Duae
264 2367 375 2418 mappae
387 2369 487 2419 parrae
499 2371 548 2420 pra
561 2372 651 2410 measa
663 2359 772 2412 domini.
784 2389 814 2399 —
829 2362 973 2414 Duodecim

187 2435 327 2495 mappulae
342 2448 442 2497 parrae
453 2449 502 2496 pra
514 2437 614 2488 eodem.
630 2441 789 2500 -Quatuor
800 2445 972 2508 manutergia.

183 2536 215 2548 —-
231 2509 285 2562 lina
301 2524 385 2576 cappa
401 2528 450 2577 pra
466 2518 643 2568 conclusistis.
660 2545 689 2555 -
707 2518 778 2569 Duae
795 2522 882 2582 petiae
903 2525 973 2575 telae

183 2590 216 2639 ad
232 2592 386 2654 tergendum
404 2598 499 2644 tassas.
516 2620 548 2632 -
563 2595 674 2659 Tapetia,
688 2625 719 2634 —
737 2596 788 2650 [lna
814 2613 894 2664 capsa
916 2604 973 2653 sire

184 2668 324 2719 lonearium
346 2683 394 2734 pro
412 2673 531 2723 vestibus
556 2676 675 2735 domini,
692 2680 811 2738 caminis,
827 2676 972 2742 succinctis,

182 2748 288 2800 tobaliis
304 2751 337 2801 ad
360 2754 550 2816 extergendum
568 2757 669 2816 risum,
684 2762 710 2807 et
727 2759 880 2812 anacletus.
891 2760 972 2813 Unum

182 2830 333 2879 mantellum
360 2831 509 2883 assistentis
532 2847 591 2884 aum
608 2848 657 2886 suo
673 2840 824 2900 cappuccio.
851 2862 883 2876 -
903 2841 974 2901 Qua·

184 2913 245 2960 tuor
267 2912 383 2961 scutulas
398 2912 598 2965 vconfectionum
619 2929 669 2978 pra
691 2918 843 2968 munitione.
860 2945 890 2956 -
921 2918 973 2970 Una

182 2989 293 3038 scutella
316 2992 548 3052 pinoccblatorum
567 3021 599 3032 -
614 2996 794 3058 blarzapaues.
816 3025 846 3037 -
874 2999 975 3050 Canna·

183 3066 268 3117 zionit
279 3095 309 3104 -
321 3069 461 3121 Discatelli.
476 3099 507 3110 -
519 3071 593 3124 Unus·
605 3069 681 3137 panis
698 3075 731 3126 da
749 3089 910 3127 zuccaro.-
922 3078 975 3131 Una

184 3160 266 3209 parva
284 3152 363 3199 scala.
374 3177 405 3186 -
416 3151 496 3203 Unum
515 3156 671 3205 martellum.
683 3185 713 3196 -
722 3157 805 3208 Clavi.
816 3185 847 3195 -
862 3158 973 3222 Spanum

183 3247 215 3266 ·-
226 3228 359 3278 acasium.
375 3255 407 3267 ·-
417 3231 590 3296 scriptorium
607 3248 666 3285 cum
689 3239 855 3300 temporina,
870 3238 993 3298 tarsici,

184 3305 243 3365 bus,
260 3311 362 3369 peanis,
380 3311 498 3370 calamis,
515 3317 541 3363 et
556 3309 706 3367 calamario.
724 3343 754 3354 -
769 3315 839 3367 Unus
856 3321 974 3380 quintet-

183 3399 233 3436 nus
250 3388 357 3436 abactae
374 3389 406 3438 ad
423 3391 713 3445 scribendum—Cera
731 3397 822 3446 rubea.
843 3412 876 3435 -··
893 3396 973 3448 Unum

184 3465 300 3515 buccula.
322 3493 351 3503 -
368 3466 419 3517 Una
434 3470 529 3531 pelvis.
545 3499 575 3509 —
590 3473 641 3522 Sex
658 3479 772 3526 tesscae.
791 3503 821 3513 -
838 3477 889 3527 Sex
915 3489 975 3529 sou-

185 3545 276 3594 teilae.
292 3572 322 3583 -
338 3545 390 3596 Sex
407 3550 547 3599 scutellini.
563 3578 592 3588 -
608 3550 689 3603 Unum
706 3555 852 3619 Salterium.
871 3584 900 3594 —
911 3556 974 3607 Cul-

186 3623 240 3673 telli
256 3624 290 3673 ad
306 3625 487 3677 scindendum.
504 3654 535 3665 -
550 3629 680 3681 Cultelllni
697 3647 747 3696 pro
764 3647 854 3684 mensa
865 3636 972 3686 domiai.

185 3728 217 3741 «-
233 3701 393 3754 Corollaria.
410 3732 441 3742 -
461 3707 604 3758 Furcellae.
622 3736 651 3746 —
667 3711 736 3762 Disci
753 3714 785 3763 ad
800 3700 971 3770 scindendum

186 3792 327 3842 promensn
343 3785 448 3835 domiai.
469 3812 501 3823 -
521 3786 662 3851 Duopaaai
680 3792 714 3841 ad
730 3793 975 3844 mundandumcul·

185 3861 273 3912 telios.
290 3888 317 3899 -
337 3862 487 3915 Decretum·
500 3892 531 3902 -
545 3865 707 3921 Decretales.
719 3897 749 3908 -
759 3874 863 3922 sextus.
876 3899 901 3908 —
917 3872 974 3923 Cle·

186 3942 333 4001 montinac,
349 3949 376 3992 et
393 3945 435 3993 alii
453 3949 480 3995 et
497 3947 540 3995 alil
558 3948 619 3998 libri
632 3951 665 4001 ad
686 3952 847 4011 voluntatem
864 3953 972 4004 domiui.

185 4045 217 4056 -
232 4019 287 4070 Dua
304 4021 444 4073 breviaria.
465 4050 497 4062 -
513 4026 567 4077 Duo
584 4028 673 4079 baschi
699 4031 846 4080 malrasini.
870 4031 973 4081 -Duo

186 4099 277 4150 tlascni
291 4105 367 4151 aceti.
379 4129 409 4139 -
421 4102 503 4155 Unum
519 4118 568 4155 aas
585 4104 866 4160 olil.·-llna'iuceraa.
877 4135 908 4147 -
919 4110 973 4160 Duo

186 4180 353 4231 candelabra.
370 4209 400 4218 -—
417 4183 511 4234 Decem
529 4185 612 4236 llbrae
629 4188 798 4239 candelarum
816 4203 865 4251 pro
884 4202 973 4239 measa

90 4308 92 4315 ,
185 4256 291 4308 domiai.
299 4285 327 4297 -
338 4261 409 4314 Duae
426 4264 510 4314 librae
527 4266 696 4317 candelarum
714 4282 865 4331 parvarum.
877 4270 972 4319 -Duo

189 4338 429 4392 intertiata—Duo
440 4347 571 4406 quinteral
582 4354 670 4399 cartae
687 4351 803 4400 streties.
816 4376 849 4388 -
862 4350 919 4399 Duo
929 4349 975 4399 lla·

187 4419 243 4468 salii
260 4419 345 4470 carui.
361 4448 388 4457 -
402 4422 593 4478 Duaeaaraliae
609 4431 778 4479 cristalliaae.
796 4456 825 4466 —
841 4431 974 4480 liicclteria

189 4525 221 4537 ,..
235 4498 306 4549 Duae
318 4503 467 4563 aquaricias
480 4506 631 4570 plenaapro
644 4509 795 4560 munitione.
807 4534 839 4548 -
850 4510 902 4561 lina
914 4524 973 4561 con·

187 4579 236 4628 aba
252 4593 303 4641 pro
318 4581 438 4631 lavandis
455 4583 535 4634 rebus
551 4590 601 4635 eta.
783 4585 786 4590 ’

226 4659 310 4731 ¹Terror
323 4674 385 4712 aero
400 4662 540 4725 animulae,
555 4667 609 4717 siue
628 4668 800 4719 inventarium
822 4681 910 4720 rerum
931 4681 977 4730 per

187 4740 327 4793 &amatam
347 4745 532 4804 pariendarum
554 4758 602 4806 pro
624 4745 712 4810 lutuno
728 4748 861 4810 Pantitae,
878 4749 907 4797 de
927 4760 977 4808 quo

187 4833 269 4883 supra
285 4822 326 4886 [ol.
345 4824 425 4886 tuat
440 4824 544 4882 mmtio,
560 4825 619 4874 tutis
636 4828 688 4895 rst,
703 4826 774 4876 ultra
789 4839 903 4876 mansam
919 4837 978 4876 eune

189 4904 244 4951 suis
260 4902 413 4964 trispedibus
430 4906 452 4952 et
467 4916 554 4964 panno
570 4917 685 4964 rosaceo,
697 4905 823 4966 dequibus
838 4907 865 4967 pit
877 4906 977 4957 mentio.

230 4983 399 5046 Campanella
414 4987 539 5045 argentea
555 4983 674 5033 inaurata
691 5011 721 5021 -
737 4984 897 5035 calamariae
917 4998 976 5036 cum

190 5063 307 5122 calamis,
318 5062 412 5125 pennis
430 5065 593 5125 tommentis,
612 5063 763 5119 lorsicibus,
780 5067 977 5128 temperaturis,

190 5147 217 5194 et
233 5157 295 5194 cern
317 5145 409 5196 rubea·
427 5170 457 5181 -
473 5142 543 5194 Unus
558 5143 714 5205 quinterous
730 5145 838 5194 abactae
855 5144 888 5194 ad
912 5147 976 5194 scri·

190 5223 314 5274 bandum.
326 5250 356 5260 -
367 5223 447 5274 Duum
461 5223 630 5284 horologium.
641 5223 739 5272 -Tria
747 5223 871 5274 scabella.
882 5250 912 5260 -
923 5223 976 5274 Una

191 5303 268 5354 sedes
277 5305 377 5368 papalis
389 5304 489 5366 pulcra,
499 5304 588 5352 reluta
604 5303 753 5352 cremosino
764 5308 901 5366 cooperta,
913 5305 975 5353 alias

192 5384 337 5448 apta‚quod
348 5383 464 5435 Pontifex
476 5395 534 5432 cum
546 5380 680 5445 stangisin
691 5385 832 5446 capaciori
845 5387 937 5447 possit.
947 5411 973 5420 ·-

1719 266 1828 351 (rur)

1040 433 1180 479 consensu
1199 412 1294 474 omnia
1315 409 1448 470 ordinata
1468 416 1536 467 sunt
1555 417 1585 467 et
1604 424 1655 486 per
1679 404 1827 476 mesnili-

1039 518 1136 588 citeta,
1155 511 1243 594 prout
1261 511 1379 572 iuferius
1399 518 1564 590 annuatur.

1080 615 1142 678 Pro
1162 612 1347 675 coronatione
1368 607 1496 690 paranda
1515 603 1658 697 suntid).
1670 648 1678 662 .
1692 648 1722 663 ..

1082 717 1135 776 Die
1167 725 1272 775 octava
1296 707 1466 789 septembris
1497 705 1751 768 concordaverunt
1782 722 1828 764 se·

1040 815 1159 878 cretarii
1187 825 1216 876 et
1241 812 1372 886 advocati
1399 827 1487 890 super
1512 805 1721 888 praecedentia.
1740 814 1826 884 prout

1040 917 1114 977 inira
1135 915 1258 975 dicetur.
1778 918 1780 920 ’

1082 991 1301 1081 Dominicaxu.
1316 1007 1419 1072 mensis
1427 1018 1511 1087 sept,
1525 1006 1657 1068 amnibus
1669 1023 1725 1085 pro
1739 1023 1828 1066 coro·

1040 1118 1154 1178 natione
1174 1111 1321 1175 Pontificis
1340 1108 1491 1182 ordinatis,
1515 1107 1548 1167 S.
1569 1108 1605 1166 D.
1626 1104 1660 1166 ll.
1685 1106 1828 1166 innocen·

1041 1217 1098 1277 tius
1123 1216 1201 1294 Papa
1229 1230 1300 1273 riri.
1326 1212 1452 1280 ainictu,
1479 1207 1558 1279 alba,
1586 1207 1724 1286 cingulo,
1745 1207 1827 1276 nala,

1039 1316 1173 1396 pluviali,
1200 1312 1309 1382 rubeis,
1329 1322 1359 1371 et
1379 1311 1467 1369 mitra
1487 1307 1635 1388 pretiosis,
1655 1304 1826 1367 descendam

1041 1415 1075 1477 de
1089 1414 1205 1475 Palatio
1218 1412 1255 1472 ad
1270 1411 1419 1471 basilicam
1437 1408 1469 1469 S.
1484 1408 1565 1471 Petri
1579 1406 1634 1467 sub
1648 1405 1829 1474 baldachino,

1040 1514 1120 1594 quod
1140 1532 1193 1593 per
1215 1512 1370 1572 nobiliores
1391 1510 1548 1573 Curiaect
1569 1505 1712 1568 Oratores
1727 1516 1828 1585 porta·

1040 1615 1140 1686 batur,
1161 1611 1350 1692 praecedente
1369 1611 1478 1683 Cruce,
1505 1619 1534 1669 et
1553 1616 1618 1689 post
1637 1625 1707 1673 eam
1725 1605 1829 1667 Cardi-

1041 1717 1153 1778 nalibus
1174 1717 1203 1775 in
1224 1724 1328 1775 aarum
1349 1714 1458 1793 cappis,
1479 1723 1508 1774 ct
1528 1710 1664 1791 praelatis
1689 1708 1778 1769 etiam
1802 1708 1828 1766 in

1040 1817 1099 1877 suis
1121 1815 1218 1894 cappis
1234 1812 1408 1874 Pontificem
1441 1810 1641 1890 mouentibus,
1662 1807 1830 1871 officialibus

1041 1934 1160 1995 quoqne
1174 1915 1307 1976 similiter
1325 1915 1353 1972 in
1372 1913 1432 1972 suis
1444 1911 1546 1973 oraim
1558 1921 1588 1974 at
1604 1911 1669 1972 loco
1683 1910 1831 1980 euntibus,

1042 2027 1076 2096 ut
1095 2014 1317 2095 alias,pernanit
1336 2013 1374 2072 ad
1394 2013 1519 2092 priorem
1544 2022 1659 2092 portam
1679 2010 1830 2071 Palatiiin

1043 2279 1124 2347 Unum
1135 2293 1181 2343 par
1191 2279 1331 2342 caligarum
1344 2279 1421 2341 pauni
1429 2279 1600 2336 resecetsire
1611 2279 1714 2341 sergiae
1726 2277 1830 2341 rubeae.

1042 2359 1160 2412 —Uaum
1169 2372 1217 2422 par
1229 2358 1406 2409 sandaliarum
1416 2357 1534 2420 ejusdem
1543 2358 1622 2420 penul
1632 2369 1690 2406 cum
1699 2369 1780 2406 cruce
1790 2370 1830 2405 au·

1043 2452 1088 2490 rea
1106 2442 1269 2502 supertexta.
1287 2465 1317 2474 -
1334 2435 1387 2488 Una
1403 2439 1511 2488 camisia
1529 2438 1588 2488 alba
1603 2449 1681 2486 nova.
1694 2462 1725 2472 -
1742 2435 1796 2484 Dna
1807 2434 1829 2484 di

1042 2519 1140 2582 ploidis
1152 2517 1264 2568 sataninl
1277 2517 1338 2568 albi.
1349 2542 1378 2552 -
1394 2515 1447 2568 ilua
1464 2518 1549 2569 vestis
1565 2517 1623 2567 alba
1638 2516 1718 2578 panai
1729 2514 1774 2564 ilai
1785 2526 1829 2564 seu

1043 2601 1191 2661 sergiae-
1201 2595 1282 2647 Daum
1293 2597 1424 2658 cingulum
1435 2610 1494 2646 cum
1511 2595 1675 2648 inanimentis
1693 2595 1792 2645 aureis.
1801 2619 1829 2631 -

1043 2677 1123 2729 Unum
1152 2677 1314 2727 roccbetum.
1329 2702 1361 2712 -
1382 2676 1507 2726 liniatus.
1532 2703 1562 2712 -
1585 2675 1660 2726 niba.
1684 2701 1714 2710 —
1741 2673 1830 2736 Cingu-

1043 2758 1104 2807 lum.
1121 2783 1149 2793 -
1162 2756 1232 2806 Stola
1248 2756 1331 2805 rubea
1347 2768 1406 2804 cum
1424 2757 1513 2818 perlis,
1523 2756 1579 2805 slra
1592 2756 1657 2811 siue,
1668 2759 1749 2817 prout
1765 2758 1832 2817 tem·

1043 2849 1098 2899 pus*
1110 2837 1198 2899 exigit.
1217 2861 1248 2872 -
1264 2835 1380 2884 Pluviala
1391 2835 1501 2884 rubeum
1519 2847 1578 2884 cum
1599 2835 1746 2897 periisset
1768 2835 1830 2890 siaa,

1043 2921 1121 2978 prout
1138 2920 1243 2979 tempus
1261 2915 1379 2977 requirit.
1397 2939 1426 2951 —
1441 2914 1576 2982 Pectorala
1594 2914 1694 2977 papale.
1718 2939 1750 2950 —
1773 2913 1831 2962 Tria

1043 2994 1142 3045 biretis
1160 3007 1288 3055 rosacea,
1305 2994 1409 3044 sutlulta
1428 2991 1533 3053 luffeld,
1551 2994 1573 3043 si
1590 2995 1623 3042 sit
1641 2993 1753 3041 aestatis
1771 2996 1832 3040 tern-

1043 3088 1117 3138 pore,
1134 3076 1175 3124 vel
1194 3077 1215 3124 sl
1232 3075 1360 3138 hiemalis,
1372 3073 1505 3123 ermelinis
1517 3072 1646 3122 subducta
1659 3097 1687 3108 -
1701 3070 1783 3121 Unum
1795 3069 1832 3117 bi-

1044 3157 1141 3203 setium
1166 3153 1199 3203 de
1220 3152 1300 3203 sirico
1328 3152 1425 3202 album.
1448 3141 1578 3202 -blltra
1599 3152 1714 3213 tempori
1736 3161 1833 3199 coare·

1044 3234 1127 3283 nieas.
1139 3259 1169 3272 -
1181 3235 1252 3282 crux
1267 3233 1379 3295 papalis.
1392 3257 1423 3271 -
1434 3232 1534 3281 anulus
1550 3231 1694 3280 Piscatocis
1705 3228 1832 3279 rontiuais

1045 3311 1174 3363 defuncti.
1185 3338 1216 3348 -
1226 3312 1337 3361 Crouiea
1354 3311 1512 3362 Pontificum.
1525 3337 1553 3347 -
1563 3306 1644 3375 bipes
1654 3325 1704 3374 pro
1714 3311 1833 3361 aratione

1044 3395 1104 3441 ante
1121 3393 1202 3441 altare
1219 3391 1290 3441 beati
1307 3391 1375 3441 Petri
1393 3403 1473 3454 super
1490 3391 1602 3440 electum
1619 3390 1771 3441 Pontificem
1793 3389 1834 3439 di-

1043 3472 1139 3520 cenda.
1154 3500 1184 3508 -
1200 3472 1383 3522 Faidistorium
1401 3483 1461 3521 cum
1479 3472 1526 3519 siro
1544 3470 1660 3520 scabello
1682 3474 1709 3519 et
1732 3467 1833 3518 duobus

1043 3552 1159 3601 cussinis
1175 3565 1225 3614 pro
1242 3552 1335 3610 electo,
1353 3556 1381 3602 ut
1398 3557 1458 3601 ante
1475 3553 1558 3600 altare
1575 3550 1741 3612 praedictum
1760 3548 1833 3597 ineo

1043 3633 1218 3694 genuflectere
1235 3633 1330 3693 possit.
1672 3642 1675 3648 ⁴

1093 3713 1173 3763 Tenon
1196 3725 1257 3762 uero
1288 3711 1392 3762 cedulae
1419 3713 1472 3762 rive
1502 3710 1637 3761 inventarii
1671 3721 1762 3758 renim
1790 3719 1833 3769 per

1039 3792 1150 3843 Clericus
1175 3789 1396 3841 caerimoniarum
1424 3802 1472 3850 pro
1499 3803 1546 3839 suo
1570 3792 1593 3839 at
1621 3787 1759 3839 cmcuors
1786 3798 1833 3833 usu

1042 3855 1249 3932 pariendarum,
1276 3869 1308 3919 de
1332 3867 1479 3936 quaetione
1504 3862 1585 3929 supra
1608 3868 1636 3930 nt
1661 3865 1774 3923 mantio,
1800 3867 1833 3913 ta·

1043 3951 1075 3999 lis
1092 3952 1138 3999 eat.

1083 4029 1179 4078 Lectus
1195 4039 1254 4077 eum
1271 4028 1478 4086 linteaminibus,
1495 4031 1603 4090 coperia
1619 4029 1646 4077 et
1662 4025 1722 4074 aliis
1748 4024 1831 4075 locui·

1043 4113 1138 4177 utentis
1155 4134 1185 4146 -
1201 4107 1266 4158 Tres
1284 4113 1328 4159 aut
1344 4114 1457 4171 quatuor
1474 4108 1618 4169 lampades.
1630 4132 1655 4141 «
1678 4105 1730 4156 Una
1756 4117 1834 4167 aqua·

1043 4189 1102 4238 ritin
1119 4188 1179 4244 olei,
1195 4200 1271 4249 quam
1290 4190 1328 4237 eis
1345 4191 1494 4236 ministrent
1507 4185 1603 4250 ,Clerici
1621 4185 1757 4243 Camenae,
1777 4184 1834 4248 qui-

1043 4269 1093 4318 bus
1110 4280 1172 4318 aura
1190 4268 1324 4316 conclavis
1341 4271 1382 4316 est
1398 4262 1540 4316 commissa
1556 4275 1605 4328 pra
1622 4265 1799 4327 lampadibus.

1083 4346 1138 4396 Una
1148 4358 1228 4407 capsa
1245 4347 1287 4395 vel
1296 4346 1365 4396 duae
1380 4358 1431 4407 pro
1443 4344 1603 4406 reponendis
1615 4345 1728 4406 panibus
1740 4348 1768 4394 et
1785 4343 1835 4394 bu·

1040 4428 1155 4493 jusmodi
1167 4440 1236 4489 quae
1248 4427 1296 4476 lili.
1310 4426 1424 4483 Dominis
1432 4424 1615 4475 Cardiualibus
1631 4425 1740 4488 singulis
1757 4436 1834 4486 praa·

1043 4507 1094 4557 diis
1111 4511 1137 4557 et
1153 4509 1242 4557 coenis
1259 4507 1400 4568 supersint.

1086 4584 1137 4634 Una
1156 4586 1196 4636 rel
1213 4587 1303 4648 plures
1315 4599 1413 4646 paruae
1430 4585 1592 4640 butticellae‚
1602 4583 1723 4639 mundae,
1735 4589 1834 4630 vacuae

1043 4677 1093 4727 pro
1109 4664 1263 4726 reponendo
1280 4663 1341 4714 vino
1356 4665 1426 4726 quod
1450 4664 1634 4714 Cardiaallbus
1650 4668 1679 4712 ut
1696 4675 1776 4724 supra
1794 4675 1835 4710 su·

1045 4748 1145 4807 pereat.
1161 4734 1288 4794 ordinent
1304 4744 1374 4807 quad
1390 4745 1442 4795 duo
1459 4746 1501 4794 rel
1515 4750 1570 4794 tres
1587 4743 1731 4796 lamlliares
1743 4755 1835 4793 aarum

1044 4827 1122 4874 extra
1138 4825 1308 4881 conclavem,
1331 4825 1403 4875 boris
1424 4838 1523 4875 coenae
1545 4831 1571 4874 et
1597 4824 1700 4888 prandii
1729 4824 1835 4877 veniant

1044 4916 1093 4964 pro
1111 4903 1229 4964 reliquiis
1247 4905 1363 4965 carnium
1379 4910 1405 4954 et
1421 4906 1531 4955 aliorum
1543 4904 1835 4972 comestibilium,¹quae

1045 4987 1280 5045 supermanserunt
1297 4993 1323 5033 et
1340 4987 1494 5035 conservari
1512 4998 1563 5034 aon
1579 4987 1702 5047 possunt,
1720 4986 1835 5032 acextra

1044 5061 1171 5111 conclave
1187 5063 1367 5126 porriguntur.
1601 5113 1610 5137 ⁸

1085 5146 1122 5201 (i)
1133 5142 1263 5192 Adaotnta
1275 5143 1316 5192 bie
1328 5158 1342 5192 a
1353 5144 1506 5194 Durabardo
1516 5158 1564 5206 pro
1577 5144 1747 5193 caerimoniis
1758 5154 1837 5205 praa·

1044 5222 1221 5284 parandium
1238 5222 1383 5284 appendice
1400 5224 1568 5274 traslacaada
1590 5223 1688 5273 bonum
1701 5236 1762 5273 esse
1779 5223 1838 5272 axi·

1045 5303 1149 5351 stimant
1160 5314 1233 5365 ,cum
1252 5301 1277 5351 in
1287 5303 1475 5355 'coronationis
1489 5304 1667 5366 descriptione
1682 5303 1737 5354 lcrc
1747 5301 1836 5351 omnia

1046 5383 1156 5433 recitata
1173 5380 1269 5431 iterum
1288 5381 1350 5431 sint.
