3764 6036
32 254 144 341 (stoa)

34 390 113 469 quod
134 391 196 471 ipse
216 410 246 454 se
265 392 352 454 rivus
368 393 397 453 in
417 392 500 453 illum
518 390 700 472 projecerit,
721 414 737 454 a
756 395 828 474 plu-

34 491 117 552 ribus
136 487 370 576 judicatum(l).
401 570 403 573 .
669 552 675 557 .

97 592 152 654 Dic
166 591 293 666 sabbati,
308 592 528 672 decimaquarta
543 592 730 655 dictimeosis
744 592 827 674 upri-

34 693 101 767 lis,
131 692 160 753 in
194 693 315 755 ecclesia
344 704 502 754 conventus
528 694 633 754 Beatus
658 693 768 756 Mariae
792 693 826 757 de

34 793 190 867 Minerva,
211 793 324 875 paratis
356 795 470 871 circum
502 797 582 856 circa
614 815 666 877 per
700 794 826 880 chorum

35 896 186 957 intorticiis
205 905 234 956 ct
253 895 431 970 cumuletur,
452 897 541 976 pallio
562 895 686 977 desuper
707 897 826 976 posito,

31 1013 66 1056 ac
87 996 153 1057 aliis
180 1013 263 1057 mare
294 991 442 1067 consueto,
462 996 574 1057 habitae
595 1008 664 1057 sunt
687 998 825 1074 exequiae

34 1093 177 1176 praedicti
209 1092 387 1169 Laurentii,
409 1096 527 1174 ,quibus
555 1097 750 1158 interfuerunt
779 1095 824 1156 lli.

33 1196 69 1256 D.
91 1194 228 1256 Nicolaus
250 1194 284 1256 de
306 1195 419 1257 Ursinis
453 1195 580 1257 Pitiliani
609 1196 713 1258 comes
737 1194 826 1277 capi·

34 1299 314 1376 taueus‘qeneralis,
329 1297 502 1358 Franciscus
523 1295 597 1359 cibo
619 1295 694 1359 tilius
709 1297 825 1379 Papae,

33 1397 85 1476 qui
108 1395 199 1456 fllium
220 1396 289 1459 dicii
311 1395 462 1457 Laurentii
484 1397 570 1460 habet
586 1399 614 1457 in
635 1416 776 1471 uxorem,
796 1410 825 1471 et

32 1499 119 1559 multi
140 1498 190 1559 alii
205 1497 322 1561 Domini
336 1510 366 1559 et
379 1497 530 1573 Praelati3
551 1498 712 1561 cardinalis
727 1510 824 1559 autem

33 1599 69 1660 de
89 1598 209 1677 Medicis
226 1643 235 1673 ,
254 1609 284 1661 et
303 1600 351 1660 alii
367 1598 534 1661 cardinales
549 1617 606 1660 nnn
622 1601 823 1662 interfuerunt.

32 1700 150 1762 Missam
180 1701 341 1763 celebrarit
376 1699 412 1760 tt.
444 1700 532 1764 Pater
566 1701 708 1764 Dominus
741 1700 825 1762 Titus

31 1799 193 1883 Episcopus
213 1802 372 1865 castrensis
389 1803 419 1862 in
440 1799 646 1889 Patrimonio,
667 1803 716 1881 qui
737 1787 823 1862 etiam

33 1913 98 1982 post
111 1902 228 1963 Missam
244 1904 368 1966 absolvit
380 1923 432 1984 per
447 1922 535 1964 nnarn
557 1905 719 1966 orationem
743 1921 825 1964 more

31 2004 139 2066 solito:
161 2003 333 2066 distributae
351 2005 472 2066 ruerunt
492 2004 627 2066 candelae
649 2006 824 2065 interessen-

34 2105 108 2165 tium
130 2105 270 2176 cuilibet,
297 2104 457 2169 securtdum
485 2104 611 2185 gradum
637 2123 745 2178 suum3
773 2105 824 2164 baa

32 2201 97 2265 fleri
118 2204 186 2264 lecit
199 2204 358 2274 Honuirius
374 2204 566 2266 Tornabonus
584 2205 653 2266 dicti
672 2202 823 2265 Laurentii

32 2307 62 2364 in
83 2304 175 2367 Curia
197 2303 327 2366 Romana
342 2323 444 2366 curam
461 2305 587 2368 bahem:
611 2305 709 2365 nullus
730 2304 824 2365 inter·

30 2405 89 2466 luit
106 2404 226 2467 iustestis
249 2406 377 2489 restibus
400 2407 539 2479 indutus3
572 2405 743 2486 capitaneus
776 2415 825 2465 ta·

33 2524 99 2567 men
131 2505 302 2581 Ecclesiae,
332 2519 360 2569 et
390 2509 568 2569 Franciaeus
600 2506 697 2579 cibo,
730 2506 850 2576 induti¹

31 2607 155 2668 luerunt
170 2607 313 2668 mantellis
329 2609 423 2687 longia
438 2608 528 2686 nigris
549 2608 583 2669 de
604 2623 698 2686 panno
712 2624 824 2686 grosso,

34 2727 128 2788 usque
147 2708 184 2768 ad
204 2718 338 2781 terram,
370 2709 407 2768 ab
428 2708 568 2769 anteriori
591 2717 675 2789 parte
695 2708 803 2787 apertis
814 2752 824 2781 ,

32 2810 142 2890 quibus
173 2809 223 2873 illo
253 2828 336 2870 mane
373 2821 484 2873 tuntum
519 2809 564 2869 usi
597 2818 667 2891 sont
679 2831 690 2883 3
724 2807 824 2870 deinde

31 2909 208 2971 Franciscus
230 2910 413 2991 praedictus,
446 2920 523 2971 reste
546 2910 676 2971 violacea
697 2909 823 2971 obscura

33 3012 183 3090 usquead
203 3031 297 3092 genua
321 3011 367 3071 rel
390 3013 478 3082 ultra,
502 3009 620 3071 restitus
641 3021 695 3071 est.

98 3112 184 3174 Faria
199 3123 298 3183 sarta,
318 3127 376 3173 χιιι
397 3111 467 3172 dicti
483 3111 591 3171 mensis
606 3111 726 3190 aprilis,
745 3110 824 3170 circa

30 3213 136 3276 borant
154 3214 323 3293 vigesimam
339 3215 474 3293 primam,
486 3232 537 3292 per
553 3222 674 3292 portam.
681 3210 821 3273 viridarii

30 3317 75 3378 itt.
95 3317 236 3378 Hercules
250 3317 323 3375 'Dux
345 3317 498 3377 Ferrarius
520 3314 599 3383 venit
626 3314 662 3373 ad
687 3313 822 3387 Urbem3

30 3415 118 3493 cujus
139 3417 295 3480 adrentum
323 3417 379 3478 SS.
399 3417 435 3478 D.
457 3416 490 3476 tt.
516 3434 607 3496 nuper
637 3416 814 3494 intelligens,

32 3518 112 3578 misit
133 3517 160 3578 ei
182 3517 298 3578 obuiam
321 3537 413 3597 usquc
434 3515 612 3579 Florentiam
634 3527 663 3577 et
683 3515 763 3575 cirea
784 3515 820 3574 lt.

31 3619 64 3678 P.
85 3619 241 3679 Dominum
263 3617 418 3680 Nicolaum
443 3617 697 3697 archiepiscopum
716 3615 821 3676 Arela-

32 3730 152 3792 tensem,
167 3717 318 3780 Nicolaum
332 3717 537 3798 Apamensem,
551 3716 701 3779 etCelsum
714 3714 749 3777 de
760 3715 822 3776 Me·

31 3819 97 3880 linis
117 3820 309 3881 Feretranum
330 3820 499 3898 episcopos,
520 3817 570 3895 qui
588 3806 769 3877 recesserunt
787 3834 821 3876 ea

32 3920 114 3983 Urbe
130 3920 174 3981 die
187 3921 348 3993 mercurii,
370 3930 474 3997 quarta
493 3916 605 3995 hujus,
624 3936 698 3996 quas
719 3916 820 3978 deinde

31 4034 96 4103 post
117 4023 216 4102 plures
237 4021 298 4082 dies
329 4033 448 4081 secutus
467 4030 511 4082 est
529 4019 670 4080 Dominus
691 4017 820 4079 Dartlto·

30 4126 144 4186 lumeus
159 4124 296 4186 Morenus
309 4121 555 4185 Prntbunatarius
564 4120 747 4200 Apostolicus
757 4119 821 4182 Ur·

30 4226 75 4287 bis
97 4225 285 4288 Gubernator
300 4244 334 4287 ea
350 4225 492 4304 singulari
509 4210 678 4293 allectione,
700 4238 756 4281 non
768 4239 820 4300 per

32 4326 88 4387 SS.
111 4326 149 4387 D.
166 4325 200 4387 N.
214 4327 377 4406 specialiter
392 4326 516 4394 missus,
536 4321 586 4384 sed
600 4332 749 4400 tamquam
767 4321 821 4380 sub

31 4428 162 4491 dominio
183 4428 252 4489 dicti
273 4428 365 4488 Ducis
386 4437 481 4487 natus.
502 4426 579 4486 Huic
606 4424 680 4485 Duri
706 4423 821 4483 obvians

32 4537 176 4591 venerunt
198 4546 280 4607 unare
300 4524 385 4588 solitu
406 4528 530 4588 iustiliae
549 4525 772 4594 Cardinalium,
793 4533 822 4584 et

31 4630 88 4692 SS.
110 4630 147 4690 D.
170 4628 204 4690 tt.
228 4628 344 4709 Papae,
365 4640 394 4689 et
416 4629 500 4690 Sacri
522 4627 719 4689 cardinalium
749 4624 820 4687 col·

33 4734 112 4813 legii.
140 4730 325 4812 Receperunt
355 4729 452 4809 primo
479 4729 515 4789 ad
542 4772 695 4800 ......
723 4726 822 4788 deinde

72 4971 108 5032 (t)
123 4968 179 5019 Etsi
195 4968 222 5016 in
237 4966 328 5017 codice
346 4965 432 5028 aliqua
450 4962 650 5020 desiderentur,
667 4965 694 5009 et
710 4959 759 5008 alia
777 4958 822 5008 de·

32 5054 151 5113 turpata,
177 5052 265 5096 tamen
291 5045 425 5096 indubium
443 5046 484 5096 est
507 5039 686 5091 burchardum
711 5048 824 5102 narrare,

29 5129 134 5182 Petrum
157 5126 191 5178 de
207 5125 329 5184 Medicis,
347 5124 423 5174 tratri
447 5120 576 5172 cardinali
601 5116 758 5175 scribendo,
778 5127 823 5165 ne·

33 5207 183 5274 gligsntiam
192 5204 261 5254 Petri
269 5202 349 5253 Leoni
360 5202 393 5252 de
402 5201 532 5251 Laurentii
543 5202 627 5247 morte
639 5206 787 5251 accusasse
797 5197 823 5243 et

34 5300 64 5337 cx
81 5282 229 5338 universali
247 5281 378 5332 sententia
395 5283 481 5344 ipsum
499 5279 602 5327 Petrum
619 5275 698 5327 Leoni
716 5287 768 5324 uon
788 5285 820 5324 ex

33 5367 163 5425 aalaidis,
181 5361 232 5418 sed
247 5374 280 5413 ex
298 5359 440 5412 homicidio
458 5358 537 5409 uitam
556 5355 662 5408 obiisse.

504 252 790 320 construentis
811 254 1037 319 tnnocssttrtt
1058 255 1210 322 octtvt.
1616 264 1677 331 tlt

895 395 1181 476 rerba'exponentcs.
1196 441 1203 456 .
1217 441 1224 457 .
1236 406 1300 456 tum
1308 396 1402 477 ipsum
1417 397 1490 459 inter
1505 416 1535 459 se
1551 399 1677 483 madium

894 493 1094 559 conduxerunt
1111 495 1149 556 ad
1170 495 1225 558 SS.
1248 496 1283 558 D.
1304 496 1561 579 tt..1²spae„qut
1589 519 1680 582 supra

895 594 1000 656 lobiam
1017 595 1119 657 Palatii
1133 616 1222 678 supra
1242 609 1356 678 portam
1376 609 1461 673 erat,
1481 602 1680 680 praesentiam.

893 694 972 774 Papa
988 696 1016 756 in
1032 695 1098 757 seda
1111 697 1259 759 succussa
1275 682 1454 772 cremeain'a,
1476 700 1506 759 ln
1527 700 1679 762 rocchetta

892 794 992 856 sedens
1007 839 1016 868 ,
1036 797 1145 877 recepit
1160 797 1270 860 Ducem
1285 811 1353 861 ante
1365 819 1394 861 se
1411 800 1593 880 genuflexum
1614 803 1679 882 pri·

893 913 941 956 mo
957 896 993 955 ad
1009 897 1087 977 pedis
1102 899 1246 973 osculum,
1258 899 1359 962 deinde
1377 901 1413 961 ad
1427 920 1541 977 manus,
1557 901 1681 964 Sanctae

892 998 1058 1059 Anastasius
1078 998 1106 1058 c't
1128 998 1238 1061 Ursino
1257 999 1462 1064 Cardinalibus
1473 1002 1684 1083 praesentibus,

893 1097 942 1174 qni
964 1115 1033 1157 curn
1056 1097 1197 1160 Ponticae
1217 1112 1301 1161 erant
1315 1119 1371 1161 una
1388 1121 1457 1163 cum
1477 1103 1681 1166 Benermtano

891 1205 920 1256 et
935 1198 1066 1259 'Ascanio
1086 1199 1316 1273 cardinalibus,
1347 1202 1398 1280 qui
1420 1202 1522 1263 ibidem
1545 1203 1679 1264 eumdem

891 1296 1003 1358 Ducem
1027 1297 1184 1360 venientem
1206 1301 1299 1380 capite
1325 1301 1469 1364 detectum
1494 1313 1523 1364 et
1548 1303 1600 1383 ipsi
1628 1303 1682 1365 de·

892 1401 973 1459 tectis
995 1400 1136 1480 capitibus
1156 1402 1346 1463 associarunt.
1363 1402 1498 1463 Mandata
1516 1403 1570 1464 SS.
1585 1404 1623 1464 D.
1643 1405 1680 1466 tt.

892 1500 989 1559 locum
1010 1500 1074 1561 dedi
1094 1500 1168 1561 Duci
1201 1502 1230 1560 in
1251 1497 1376 1564 scabello
1396 1502 1602 1579 cardinalari,
1631 1506 1680 1565 ubi

892 1599 993 1674 sedit3
1027 1611 1089 1661 tum
1119 1601 1196 1682 Papo
1224 1603 1336 1683 recepit
1367 1604 1403 1663 ad
1439 1604 1519 1684 pedis
1546 1606 1680 1666 osculum

891 1699 1029 1762 familiam
1063 1702 1173 1776 Ducis3
1201 1721 1261 1781 qun
1286 1703 1365 1764 lacto
1389 1706 1515 1766 surrexit
1540 1705 1629 1778 Dux,
1652 1716 1681 1769 et

892 1819 960 1863 euru
985 1822 1020 1864 eo
1045 1803 1213 1865 cardinales
1237 1822 1335 1865 omnes
1361 1805 1524 1884 praedicti,
1550 1811 1703 1886 quurom'

891 1902 962 1977 duo,
978 1902 1114 1964 videlicet
1128 1904 1344 1964 Beneventanus
1376 1915 1406 1965 et
1427 1905 1566 1967 Ascanius
1586 1908 1679 1986 ipsum

871 2005 927 2089 ab
959 2005 1037 2065 illinc
1066 2022 1156 2082 usque
1189 2003 1224 2063 ad
1261 2005 1400 2084 palatium
1428 2005 1527 2067 Sancti
1565 2004 1680 2085 Marci,

892 2108 920 2166 in
954 2123 1012 2184 quo
1045 2104 1189 2184 hospitari
1212 2105 1351 2179 uolebat,
1385 2106 1460 2167 iuter
1492 2126 1522 2168 ss
1553 2107 1679 2168 medium

889 2205 1098 2276 associarunt,
1129 2205 1194 2264 aliis
1226 2204 1340 2266 duobus
1375 2204 1578 2268 Cardinalibua
1612 2224 1680 2268 curn

891 2305 1081 2365 Sanctissimu
1100 2304 1184 2364 Dum.
1208 2304 1314 2365 Nostro
1336 2307 1563 2368 remanentibus.
1585 2305 1682 2387 Equi·

890 2407 1017 2466 tavimus
1038 2424 1088 2484 per
1112 2416 1226 2485 pontem
1256 2403 1358 2465 Sancti
1384 2406 1509 2486 Angeli,
1535 2406 1678 2489 Campum

890 2507 1018 2577 Florae,
1040 2503 1159 2564 domum
1174 2503 1209 2566 de
1223 2504 1375 2578 Maximis,
1394 2505 1431 2566 sd
1452 2507 1575 2587 plateam
1596 2507 1683 2588 prin·

891 2607 990 2685 cipalis
1023 2606 1177 2666 introitus
1194 2606 1230 2665 ad
1262 2606 1412 2668 ecclesium
1446 2607 1547 2670 Sancti
1579 2609 1681 2671 Marci.

889 2704 1116 2766 Praecesserunt
1131 2706 1255 2768 familiae
1271 2704 1492 2782 cardinalium,
1514 2707 1614 2771 deinde
1634 2711 1683 2770 la-

892 2807 970 2867 milia
986 2806 1088 2879 Ducis,
1101 2806 1242 2889 Scutiseri
1263 2805 1369 2887 Papae,
1384 2819 1413 2870 et
1434 2808 1567 2882 comitis,
1582 2828 1681 2871 omnes

892 2908 956 2969 laici
988 2918 1017 2970 et
1034 2902 1095 2969 'non
1120 2907 1268 2979 Praelati,
1285 2919 1314 2968 ct
1341 2909 1468 2973 barones
1495 2909 1622 2970 Romani
1654 2923 1683 2972 et

890 3008 1003 3080 Ducis,
1025 3008 1100 3069 inter
1122 3026 1195 3087 quos
1218 3008 1310 3068 ultimi
1330 3021 1414 3069 erant
1426 3009 1530 3071 Comes
1554 3009 1682 3071 Pitiliaui

890 3106 1232 3188 CapitaneusUcclesiae
1261 3126 1278 3167 a
1309 3108 1416 3169 dextris
1446 3118 1475 3170 et
1508 3110 1681 3172 Franciscus

890 3206 963 3270 cibo
994 3227 1010 3268 a
1044 3209 1174 3268 sinistris.
1206 3208 1277 3270 Post
1309 3207 1420 3269 Ducem
1456 3219 1484 3270 et
1514 3208 1681 3272 Cardimlcs

889 3311 1060 3388 equitarunt
1082 3308 1203 3387 praelati
1225 3306 1349 3368 Palatini
1370 3320 1400 3369 et
1418 3305 1586 3383 01·atores;
1617 3320 1680 3372 tum

889 3411 939 3470 alii
961 3427 1043 3470 mure
1064 3409 1157 3469 solitu.
1176 3409 1244 3469 Dux
1262 3409 1376 3469 nullum
1396 3411 1558 3489 praelatum
1580 3429 1679 3472 secum

889 3510 980 3570 duait.
1013 3508 1175 3588 Episcopus
1206 3509 1375 3570 Mutinensis
1405 3507 1517 3572 Orator
1547 3507 1618 3572 suus
1650 3513 1679 3574 in

889 3609 969 3672 Urbe
993 3610 1134 3687 equitavit
1154 3610 1183 3670 in
1204 3604 1304 3670 ordine
1324 3628 1389 3693 auo,
1411 3621 1446 3671 ut
1465 3595 1587 3687 Orator,
1609 3631 1677 3674 cum

888 3709 952 3771 aliis
974 3707 1153 3771 Oratoribus
1181 3712 1327 3791 praelatis.
1354 3711 1445 3781 Extra
1472 3710 1594 3793 portam'
1624 3733 1681 3794 pa·

889 3811 949 3872 latii
970 3810 1070 3872 Sancti
1091 3810 1204 3883 Marci,
1226 3823 1380 3890 antequam
1403 3813 1523 3874 Curiam
1544 3815 1679 3887 intraret,

869 3909 872 3918 ‘
890 3914 977 3975 vertit
997 3932 1044 3984 se,
1065 3922 1093 3973 et
1110 3912 1222 3974 detecto
1238 3914 1333 3992 capite
1347 3912 1550 3974 Cardinalibu's
1568 3917 1678 3994 gratias

887 4013 970 4093 eqit,
992 4014 1042 4090 qui
1063 4022 1254 4087 recesserunt,
1268 4012 1452 4090 sequentibus
1471 4015 1546 4098 ipsos
1560 4016 1677 4095 praela·

888 4116 926 4174 tis
946 4112 1101 4184 omnibus,
1120 4113 1397 4190 quorumomnium
1420 4132 1565 4175 recessum
1587 4116 1677 4192 Dux,

889 4216 1048 4276 blrrettum
1062 4223 1177 4274 tantum
1196 4214 1226 4272 in
1245 4214 1338 4294 capita
1355 4213 1479 4289 habens,
1500 4227 1529 4277 et
1543 4218 1571 4276 in
1587 4196 1675 4280 manu

890 4314 1054 4395 cappellum
1073 4332 1173 4389 suum,
1194 4314 1299 4375 ibidem
1315 4316 1486 4395 expectari13
1509 4316 1610 4381 deinde
1630 4321 1677 4380 in·

890 4416 981 4476 travit
1001 4415 1141 4494 palatium
1164 4415 1353 4495 praedictum.
1375 4415 1480 4477 Eundo
1509 4417 1545 4478 ad
1573 4420 1678 4487 Ponti·

890 4515 990 4589 flcem,
1023 4526 1053 4577 et
1072 4515 1136 4577 inde
1155 4516 1325 4589 redeundo,
1358 4535 1393 4578 ac
1420 4520 1507 4581 etiam
1533 4541 1586 4601 per
1613 4523 1676 4583 rias

890 4617 1004 4677 strictas
1038 4616 1223 4695 equitando,
1258 4615 1422 4680 Cardinalis
1456 4622 1674 4685 Beneventanus

890 4709 1097 4799 praecedebat,
1118 4737 1204 4798 quem
1218 4720 1393 4797 sequebatur
1408 4721 1497 4794 Dux,
1517 4734 1548 4788 et
1564 4712 1675 4784 Ducena

890 4819 1051 4881 cardinalis
1071 4820 1220 4880 Ascanius.
1243 4819 1309 4880 Dus
1331 4822 1410 4882 venit
1424 4821 1460 4881 ad
1476 4822 1586 4886 Urbem
1606 4841 1675 4885 cum

890 4921 990 4982 salmis
1010 4937 1136 4992 χχχιιι,
1149 4920 1333 5000 equestribus
1343 4919 1543 5007 (Equitibusl)
1558 4925 1675 4988 circiter

891 5021 972 5096 200,
991 5022 1064 5083 inter
1086 5040 1161 5100 quos
1181 5032 1265 5082 erant
1285 5022 1432 5098 comites,
1449 5025 1595 5098 Barones,
1612 5025 1676 5086 Do·

891 5124 976 5195 ruini,
994 5134 1023 5183 et
1041 5122 1144 5184 milites
1166 5120 1281 5185 circiter
1304 5123 1505 5204 quadraginta.

953 5222 1103 5286 Dominica
1137 5224 1326 5298 Palmarum,
1361 5223 1575 5306 decimaquinta
1606 5224 1677 5287 dicti

892 5328 995 5390 mensis
1015 5327 1138 5406 aprilis,
1160 5327 1231 5390 Rer-
1263 5326 1405 5390 Dominus
1425 5325 1589 5391 cardinalis
1606 5325 1677 5389 Alc·

1392 5442 1424 5489 23
