3780 6030
41 268 152 353 (rma)

40 405 178 466 alliciales
199 414 367 481 sequentem
387 403 517 465 ordinem
530 406 737 477 observarent3
757 404 838 467 lnce·

39 503 143 564 derent
162 505 259 581 primo
280 502 392 563 Notarii
414 503 588 564 Auditorum
610 503 718 578 llatae,
739 503 838 566 deinde

40 603 261 663 Procuratores
268 601 628 675 Paenitentinriae,Clet·ici
640 604 756 683 registri
766 622 839 684 sup-

38 701 249 780 plicationum,
267 700 477 763 Sollicitatores
499 704 839 783 literarumapostolica·

37 818 118 872 rum,
146 798 363 861 Procuratores
383 800 546 863 audientiae
567 804 839 878 contradictarum,

37 899 208 979 Scriptores
239 899 514 972 Paenitentiariae,
546 902 769 964 Abbreviatores
805 904 839 965 de

37 1018 133 1079 parco
154 998 279 1068 minori,
302 999 439 1077 Magistri
461 1001 571 1078 plumbi
592 1002 761 1076 bullatores,
782 1002 840 1063 Se·

39 1099 161 1160 cretarii
182 1109 211 1159 et
232 1095 363 1157 advocati
381 1099 503 1170 mixtim,
517 1099 729 1162 Procuratores
747 1100 839 1162 Ordi-

39 1215 108 1257 num
141 1196 389 1267 mendicantium,
413 1197 627 1260 Procuratores
654 1199 839 1278 Principum,

39 1297 223 1358 Carbieularii
237 1307 318 1358 extra
330 1314 491 1368 canteram,
502 1295 645 1360 Oratores
658 1299 842 1378 Principum,

40 1397 171 1457 llurones
191 1407 261 1468 etc,
280 1395 437 1467 Cantores,
457 1395 592 1476 Accolyti
613 1398 840 1471 simsustes

38 1497 84 1556 alii
107 1513 193 1556 more
214 1496 309 1555 solito.
330 1495 363 1553 la
382 1496 565 1573 processione
587 1494 768 1572 hujusmodi,
782 1515 839 1558 non

38 1593 132 1654 inverti
152 1594 182 1652 in
204 1594 303 1670 aliquo
323 1592 399 1653 libro
424 1593 521 1653 locum
545 1593 663 1667 habere,
677 1606 729 1655 aut
747 1596 839 1656 inter·

40 1695 139 1755 renire
170 1691 336 1771 Scriptores
363 1694 516 1769 utriusque
546 1694 684 1772 registri,
711 1696 839 1756 notorias

39 1790 181 1853 Gamerae
202 1791 405 1870 Apostolicae,
426 1801 455 1851 et
476 1791 603 1852 notarios
625 1791 731 1854 Curiae
757 1793 839 1855 Cau·

39 1909 139 1950 saram
169 1889 309 1951 Gamerae
340 1889 544 1968 apostolicae,
574 1892 641 1952 licet
672 1890 838 1968 hujusmodi

39 1988 134 2048 officia
167 1989 225 2048 sint
256 1990 325 2048 satis
357 1987 499 2066 antiqua,
526 1987 613 2066 cujus
646 1990 688 2052 rei
721 2009 838 2052 causam

39 2086 156 2166 ignoro.

79 2189 171 2248 Feria
192 2198 281 2258 sexta,
303 2203 390 2248 xxvi.
406 2188 474 2248 maii
495 2187 561 2260 luit,
580 2189 732 2267 pubiicum
744 2191 840 2251 consi·

42 2287 167 2347 starium
187 2287 216 2345 in
238 2287 332 2366 prima
351 2288 422 2346 aula
451 2286 554 2347 Palatii
580 2288 741 2367 Apostolici
762 2290 839 2368 apud

41 2386 186 2446 Sanctam
207 2385 340 2460 Petrum,
360 2385 388 2446 iu
407 2404 466 2463 quo
486 2385 630 2446 Dominus
648 2387 790 2448 lohannes
811 2401 840 2450 et

41 2489 155 2566 collega
177 2505 259 2561 suus,
281 2485 423 2547 Oratores
441 2485 529 2565 Regis
549 2487 839 2567 Poloniae,praesta·

41 2597 107 2647 tunt
132 2588 247 2647 nonune
268 2585 357 2664 Regis
375 2587 421 2646 sui
453 2585 509 2645 SS.
532 2585 568 2645 D.
590 2585 625 2646 N.
648 2587 743 2666 Papae
767 2587 839 2648 obe·

41 2686 179 2750 dientiam
201 2685 338 2756 debitam,
354 2696 510 2748 asserentes
531 2685 732 2760 Karimirum,
748 2687 839 2748 Polo·

42 2788 102 2847 aiae
139 2785 277 2863 Regem,
301 2782 432 2863 profiteri
465 2785 664 2846 innocentium
692 2783 838 2847 Octavum

42 2904 146 2949 rerum
169 2883 277 2946 Christi
299 2884 442 2943 vicarium
465 2902 663 2945 successorem
683 2884 763 2947 Petri
781 2897 837 2948 etc.

41 2985 214 3047 Orationem
235 2983 304 3043 iecit
324 2981 490 3061 praedictus
522 2983 663 3044 Dominus
694 2983 840 3047 lohannes

37 3085 65 3145 in
101 3082 208 3142 habitu
234 3081 364 3142 clericali
391 3098 447 3141 uon
472 3080 623 3163 praelati(
642 3101 710 3143 eum
737 3085 840 3147 electio

36 3181 168 3261 Capituli
182 3198 239 3240 non
261 3180 308 3242 det
328 3179 469 3253 habitum,
484 3179 534 3240 sed
550 3180 651 3242 electio
666 3180 762 3261 Papae
773 3195 839 3243 tan·

33 3280 134 3362 tum),
148 3283 176 3339 in
194 3281 294 3341 habitu
306 3282 393 3342 etiam
411 3281 538 3358 clericali
554 3292 679 3354 tantum,
691 3295 724 3344 ut
738 3286 766 3344 in
785 3285 840 3345 ud-

39 3393 136 3444 reatu
159 3400 213 3441 suo
232 3380 343 3444 Urbem
364 3381 494 3440 intravit.
515 3382 610 3441 Finito
631 3382 747 3461 publico
768 3402 840 3444 cota

33 3482 171 3554 sistoria,
194 3479 363 3542 cardinales
383 3498 483 3540 anthes
502 3493 686 3543 accesserunt
705 3483 741 3541 ud
761 3483 840 3544 Pon-

35 3568 164 3653 tificem,
187 3581 237 3658 qui
259 3580 363 3641 ibidem
383 3578 527 3653 adstatim,
542 3581 577 3642 de
597 3583 717 3643 consilio
732 3583 839 3644 Cardi-

36 3683 166 3753 nalium,
188 3680 392 3761 pronunciarit
412 3693 546 3742 secrete.
567 3727 574 3741 .
598 3728 605 3740 .
629 3727 635 3740 .
659 3683 838 3762 praedictum

33 3781 76 3841 1).
108 3781 269 3842 iohannem
295 3783 419 3843 electum
446 3780 694 3843 Praemislieusetn
716 3796 750 3849 et,
772 3804 839 3846 eunt

39 3881 192 3942 Ecclesiae
224 3880 434 3942 Praemisliensi
456 3883 595 3961 praetecti
616 3885 645 3942 in
670 3885 838 3964 episcopum

42 3992 70 4043 et
92 3992 256 4060 pastorem,
276 3982 336 4060 ipso
355 3981 545 4059 personaliter
565 4001 664 4042 coram
686 4003 720 4045 eo
745 4002 840 4062 genu·

43 4079 117 4140 dexo
128 4101 140 4153 3
158 4079 258 4141 deinde
272 4080 392 4141 accessit
413 4080 520 4159 familia
539 4079 673 4143 Oratoris
693 4082 729 4141 ud
751 4101 840 4144 oscu-

44 4178 167 4238 landum
189 4177 274 4256 pedes
295 4179 400 4258 Papae.
412 4178 478 4247 Ouo
500 4180 588 4251 iacto,
608 4181 686 4260 Papa
702 4181 786 4242 rediit
804 4184 839 4242 ad

45 4297 194 4340 cameram
215 4296 309 4349 suam,
327 4279 384 4339 atio
401 4277 528 4340 Oratore
549 4282 639 4341 milite
658 4283 733 4342 laica
753 4300 841 4360 prae·

45 4377 95 4438 lati
118 4379 156 4437 D.
179 4377 273 4439 illecti
291 4380 370 4439 socio
386 4378 507 4438 astudam
524 4379 660 4459 pluvialis
678 4380 772 4459 Papae
788 4380 840 4440 de-

44 4478 166 4539 ferente.
193 4476 301 4538 Eadem
318 4477 363 4538 die
385 4479 533 4557 praelatus
554 4479 589 4538 D.
610 4479 755 4543 lohannes
769 4480 841 4543 Ele·

47 4588 111 4638 ctus
134 4576 362 4637 Praemisliensis
383 4577 451 4638 tecit
471 4580 524 4661 sibi
547 4579 608 4640 lieri
631 4599 792 4654 eoronam,
811 4593 840 4642 et

49 4677 162 4756 accepit
183 4675 314 4736 habitum
335 4679 465 4757 praelati.

86 4777 174 4837 Feria
191 4787 307 4853 quarta,
320 4779 421 4838 ultima
446 4780 547 4840 mensis
565 4781 642 4854 maii,
659 4781 841 4842 intraverunt

48 4888 105 4941 tres
127 4875 271 4939 Oratores
298 4879 385 4957 Regis
405 4880 546 4944 Franciue
566 4893 596 4945 et
616 4881 704 4943 Ducis
726 4881 840 4943 Letha-

51 4979 160 5056 ringiae
190 4997 244 5057 pro
266 4977 354 5039 rebus
376 4981 603 5058 particularibus
624 4981 661 5041 ad
683 4981 714 5041 S.
738 4982 772 5040 D.
803 4979 837 5041 ll.

52 5073 156 5156 Papam
172 5079 261 5152 missi,
275 5083 324 5157 qui
340 5098 358 5138 a
374 5079 544 5158 quibusdum
560 5082 673 5141 familiis
689 5091 838 5141 certorum

55 5173 245 5239 Cardiualium
265 5180 427 5241 amicorum
444 5200 564 5243 suorum
586 5183 694 5261 recepti
710 5182 838 5256 iurarunt,

57 5289 79 5336 et
94 5279 131 5338 ad
151 5279 253 5342 domos
273 5282 414 5341 associati.

536 267 817 333 autumaremus
837 262 1060 331 thnocanrtt
1081 265 1232 330 uertit.
1656 265 1695 326 'll

948 403 1011 463 lloc
1033 420 1128 463 mense
1150 402 1230 471 maii,
1249 412 1337 479 prout
1360 408 1456 480 postea
1478 401 1514 460 nd
1537 398 1646 463 Urbem
1665 419 1700 461 ex

908 500 1036 580 partibas
1058 500 1184 562 delatum
1206 500 1274 572 luit,
1292 498 1364 559 ller.
1382 501 1410 559 iu
1431 500 1549 562 Christo
1567 499 1654 561 Pater
1669 510 1699 559 et

907 600 1047 661 Dominus
1076 601 1112 660 D.
1148 598 1276 660 Thomas
1301 597 1377 659 tituli
1408 596 1506 658 Sancti
1534 596 1640 659 ciriaci
1671 597 1699 654 ia

908 692 1042 759 Thermis
1057 698 1214 778 Presbyter
1228 696 1388 758 cardinatis
1405 697 1617 758 cantuariensis
1631 696 1701 755 rul-

908 799 1019 876 gariter
1047 808 1252 877 nuncupatus,
1290 798 1319 857 in
1355 795 1457 874 Regno
1484 796 1606 873 Angliae
1641 793 1700 854 rita

911 897 1030 957 iunctus
1049 906 1104 969 est,
1120 893 1204 973 cujus
1219 896 1314 955 anima
1329 895 1491 974 requiescat
1512 896 1540 953 in
1562 912 1630 973 pace
1644 891 1700 974 (l).

948 995 1033 1056 Feria
1054 994 1188 1065 secunda,
1211 995 1310 1072 quinta
1341 992 1550 1069 mensis-junii,
1575 991 1647 1052 iles.
1672 993 1699 1050 in

908 1093 1025 1155 Christo
1048 1094 1188 1155 Poterat
1212 1093 1364 1166 Dominus,
1385 1093 1526 1155 Dominus
1558 1092 1702 1153 lohannes

908 1195 985 1255 tituli
1001 1193 1099 1254 Sancti
1110 1192 1242 1254 Marcelli
1253 1192 1411 1272 Presbyter
1426 1193 1588 1254 Cardinalis
1605 1192 1701 1252 Vene-

907 1304 955 1353 tus
974 1293 1140 1372 vulgariter
1159 1305 1358 1372 nuncupatus,
1377 1294 1454 1353 alias
1467 1294 1566 1353 Sancti
1588 1293 1702 1370 angeli,

909 1394 936 1454 iu
970 1405 1082 1455 secretu
1110 1395 1286 1453 consistorio
1313 1394 1426 1470 legatus
1458 1393 1492 1454 de
1526 1394 1615 1451 latera
1647 1390 1702 1451 itrit

908 1493 1070 1571 publicatus
1090 1511 1178 1571 super
1199 1503 1302 1570 gentes
1324 1510 1477 1553 armorum
1499 1489 1701 1552 Sanctaello·

908 1611 1008 1653 manae
1028 1592 1186 1653 Ecclesiae.
1208 1591 1246 1651 Et
1266 1590 1346 1652 finito
1363 1592 1534 1652 consistoria
1548 1590 1584 1649 ab
1603 1591 1700 1650 omni·

909 1691 963 1750 bus
983 1689 1341 1752 inchoamentorum
1360 1691 1396 1750 ad
1414 1692 1552 1770 palatium
1569 1708 1637 1751 strae
1651 1708 1703 1749 so·

908 1792 974 1851 litae
996 1790 1177 1850 habitationis
1198 1790 1312 1869 publice
1333 1793 1490 1851 associatus
1505 1808 1586 1850 more
1606 1790 1700 1850 solito.

949 1890 1101 1951 Dominica
1118 1907 1163 1952 rx.
1186 1889 1266 1968 julil,
1286 1889 1396 1951 Romae
1417 1894 1445 1951 in
1466 1892 1586 1952 ecelesia
1602 1890 1702 1950 Sancti

907 1990 1008 2053 tacoht
1043 1989 1077 2050 de
1099 1989 1207 2050 Galitia
1228 1989 1264 2048 ll.
1286 1991 1320 2049 P.
1348 1991 1385 2050 D.
1409 1991 1514 2053 Petras
1542 1989 1702 2070 Episcopus

908 2089 1077 2151 Ussellensis
1088 2089 1246 2150 celebrarit
1256 2090 1373 2151 lllissam
1385 2092 1541 2152 solemnem
1553 2089 1587 2150 de
1598 2099 1702 2149 actara

908 2189 1083 2249 visitationis
1104 2189 1208 2249 beatae
1229 2189 1340 2251 hiat-iae
1363 2191 1489 2269 Virginis
1510 2199 1630 2269 propter
1655 2190 1703 2248 vi·

908 2286 1042 2360 ctoriam,
1060 2305 1149 2365 quatu
1172 2287 1272 2348 babuit
1292 2289 1341 2348 lll.
1363 2289 1399 2347 D.
1422 2289 1621 2349 Ferdinandus
1639 2287 1700 2349 ilex

907 2385 1059 2465 Hispaniae
1078 2398 1181 2447 cantra
1194 2407 1293 2466 regem
1306 2387 1453 2449 Granatae
1469 2385 1621 2449 infidelem.
1634 2388 1704 2446 Post

908 2489 1070 2548 orationem
1092 2488 1168 2548 solit.
1193 2487 1263 2548 dixit
1285 2490 1445 2550 orationem
1467 2506 1523 2569 pro
1541 2488 1621 2567 llege
1648 2486 1702 2546 sub

909 2574 968 2648 ttno
989 2606 1042 2666 per
1058 2586 1109 2659 [).,
1129 2587 1208 2664 quod
1229 2600 1325 2668 postea
1341 2589 1412 2649 mihi
1433 2591 1529 2649 atinus
1548 2588 1704 2655 convenire

911 2688 1006 2747 risum
1027 2699 1078 2748 est.
1101 2686 1358 2764 Potuisseteuim,
1381 2702 1409 2751 et
1438 2692 1555 2764 melius,
1576 2689 1704 2766 qualibet

908 2788 1006 2846 oratio
1026 2786 1081 2846 sub
1101 2805 1156 2847 suo
1175 2809 1235 2868 per
1254 2789 1419 2850 Darniaunr
1446 2807 1500 2849 sua
1521 2787 1704 2850 conclusione

908 2885 1069 2946 terminari.
1091 2887 1289 2948 interfuerunt
1309 2888 1413 2949 ldissae
1438 2888 1503 2949 llll.
1532 2887 1595 2948 OD.
1616 2887 1705 2948 Vice-

908 2986 1101 3045 cancellat·ius
1120 3004 1188 3047 cum
1210 3004 1264 3048 xit.
1285 2989 1348 3047 aliis
1370 2987 1570 3048 cardinalibus
1588 3031 1597 3060 ,
1614 2999 1645 3048 et
1675 2989 1703 3046 in

907 3101 974 3144 saro
1002 3084 1096 3144 sactus
1128 3085 1183 3146 suit
1215 3085 1289 3165 ignis
1310 3098 1376 3147 ante
1396 3087 1502 3165 palatia
1521 3086 1643 3166 Papae,
1674 3099 1705 3147 et

907 3181 1107 3244 Cardinalium
1128 3227 1137 3256 ,
1167 3202 1201 3245 ac
1220 3185 1355 3264 pluribus
1378 3187 1442 3246 aliis
1473 3185 1543 3247 loeis
1564 3185 1653 3248 Urbis
1674 3187 1703 3246 in

909 3282 1103 3361 triumphum.

950 3382 1035 3442 Feria
1057 3400 1111 3455 ut,
1131 3383 1181 3443 ll.
1202 3386 1336 3464 augusti,
1358 3387 1437 3446 circa
1461 3386 1564 3466 horam
1588 3387 1703 3447 tertiam

909 3482 1159 3554 noctis,conclusa
1174 3485 1232 3545 luit
1244 3504 1299 3565 pax
1319 3487 1393 3547 inter
1414 3485 1469 3547 SS.
1491 3487 1526 3551 D.
1542 3486 1575 3546 ll.
1592 3487 1703 3567 Pupam

909 3594 939 3642 et
958 3582 1173 3644 Ferdlnandum
1193 3585 1312 3647 Siciliae
1336 3587 1457 3667 llegem,
1474 3598 1502 3648 et
1520 3587 1555 3648 de
1574 3589 1706 3666 capitulis

908 3681 993 3742 iactis
1014 3694 1134 3760 rogatus
1154 3684 1209 3745 tuit
1230 3685 1265 3744 D.
1287 3686 1441 3767 Philippus
1462 3687 1497 3748 de
1518 3687 1704 3749 Ponteeurro

910 3780 1049 3841 Caruerae
1068 3784 1249 3863 spostolicae
1268 3789 1404 3847 notarius
1421 3787 1477 3870 (D).

953 3946 987 4018 tt)
1003 3958 1182 4007 burchardum
1201 3959 1242 4008 hic
1260 3975 1274 4009 a
1292 3963 1405 4010 veritate
1418 3963 1558 4010 aberrasse
1571 3963 1704 4012 evincitur

912 4049 944 4084 ex
964 4037 1038 4085 titulo
1057 4039 1215 4098 sepulchrali
1234 4039 1259 4087 in
1277 4039 1421 4088 cathedrali
1441 4039 1597 4088 cantuariae
1609 4045 1704 4104 posito:

910 4117 960 4164 ihc
977 4125 1063 4164 sacar
1080 4119 1108 4164 a.
1127 4125 1215 4168 aaran
1234 4128 1267 4166 ar
1284 4121 1391 4168 boat).
1407 4121 1524 4168 Taoaas
1540 4123 1702 4169 Bauaoutatt

911 4203 1045 4251 auoausat
1060 4199 1119 4243 sac.
1136 4199 1160 4242 s.
1179 4199 1315 4246 hassale
1326 4201 1480 4247 Encaustus
1496 4202 1520 4246 8.
1539 4202 1655 4247 crattct
1673 4209 1703 4247 rtt

911 4274 1041 4322 Theanus
1058 4276 1226 4322 cenaturus
1244 4286 1278 4324 ar
1295 4282 1428 4327 nauatae.
1447 4287 1532 4326 nutus
1553 4285 1704 4327 succussit

912 4359 958 4407 out
977 4362 1063 4400 oatrr.
1077 4358 1314 4401 marahnurat
1329 4363 1399 4402 arao
1417 4356 1485 4404 tt86.
1502 4364 1584 4403 cutus
1597 4364 1702 4403 lature

912 4435 1102 4477 raorrrrrrua
1121 4427 1202 4476 Deus.
1219 4428 1255 4477 De
1273 4432 1320 4479 troc
1337 4431 1435 4480 Thomu
1453 4432 1627 4488 hoarcherto,
1644 4432 1703 4479 ittu-

912 4507 960 4554 stri
977 4518 1073 4567 genere
1090 4511 1217 4568 prugneto
1231 4544 1239 4567 ,
1254 4514 1377 4559 asserunt
1393 4511 1584 4561 britanicarum
1615 4524 1703 4559 rerum

912 4586 1080 4646 scriptores.
1112 4600 1213 4635 morum
1247 4591 1396 4652 integritate
1424 4596 1451 4640 et
1475 4592 1594 4640 doctrina
1625 4602 1707 4651 prae-

913 4664 1063 4723 claruisse,
1087 4663 1244 4714 Academiae
1272 4666 1414 4717 oxoniensi
1442 4669 1595 4718 cancellarii
1622 4667 1704 4728 gradu

912 4740 1080 4803 praefuisse,
1096 4742 1203 4804 hogttae
1221 4743 1358 4795 Primatem
1377 4747 1515 4803 extitisse,
1540 4745 1653 4794 ilenrico
1677 4751 1704 4795 et

913 4819 1035 4870 Odoardo
1063 4821 1087 4868 ia
1115 4820 1206 4870 eodem
1225 4824 1311 4885 aeguo
1333 4825 1523 4886 imperantibus
1546 4824 1706 4874 Canceltsrii

911 4899 1113 4962 consiliarilque
1130 4913 1225 4952 munus
1242 4904 1393 4965 explevisse
1411 4904 1590 4963 laudabiliter,
1602 4908 1706 4966 postra-

912 4991 965 5038 mo,
982 4979 1109 5029 iticcardo
1121 4979 1211 5030 'ltsrtio
1228 4982 1261 5031 ad
1279 4983 1371 5031 solium
1385 4987 1488 5038 evecto,
1501 4985 1599 5033 carceri
1610 4985 1707 5032 manci·

911 5062 1000 5121 patum
1018 5059 1100 5111 luisse
1117 5067 1239 5124 tauquam
1257 5066 1408 5125 suspectum
1427 5068 1452 5112 et
1471 5063 1582 5113 tiliorum
1599 5063 1704 5113 ilenrici

912 5142 939 5188 et
956 5138 1071 5189 Odoardi
1100 5139 1202 5191 lidelem
1235 5142 1394 5192 ministrum.
1413 5142 1505 5193 Paulus
1528 5142 1555 5191 ll.
1575 5144 1645 5192 ilium
1673 5145 1706 5193 ad

911 5217 1105 5269 cardinalatum
1122 5222 1255 5282 promovit
1273 5235 1339 5270 anno
1357 5223 1424 5272 tihi.

953 5301 989 5359 (ti
1005 5299 1110 5350 Consul.
1128 5301 1240 5364 append.
