3780 6030
42 252 154 337 (4484)

44 391 346 455 merrtevteeeomes
366 392 533 467 cardinales
562 392 711 472 adipsum
741 392 835 453 honu-

45 492 172 556 randum
192 503 222 553 et
244 491 449 572 recipiendum.
464 492 625 554 Cardinaiis
640 493 675 553 de
689 494 834 571 dragonis

44 593 97 655 isit
117 594 145 653 ei
167 593 284 653 obviam
305 611 357 673 per
384 611 475 654 uuum
496 595 629 667 miliare,
660 596 705 656 rel
731 595 834 666 cirea,

42 704 124 754 esu-a
145 703 277 772 portam,
303 691 465 754 cardinalis
488 713 560 756 reru
586 681 730 754 decamus*
745 713 834 775 expe·

43 795 138 853 eterit
158 811 226 855 eum
251 792 413 856 immediate
432 806 514 856 extra
533 806 671 874 portem,
696 795 745 853 ubl
766 813 834 854 cum

44 903 132 965 esset,
150 893 298 971 praefatus
314 891 489 955 Franciscus
510 894 690 956 aCardinaii
713 897 835 956 Ascanio

43 993 195 1054 osculatus
215 1005 270 1065 est,
289 1004 318 1055 ct
339 992 376 1053 ab
405 995 545 1055 ambobus
569 997 684 1056 nomine
712 996 833 1076 collegii

43 1103 201 1171 receptus:
230 1104 373 1154 verterunt
400 1095 487 1156 etiam
514 1096 540 1156 ei
563 1096 678 1156 ebriam
707 1096 834 1158 familiae

44 1191 170 1254 Sanctis.
193 1194 310 1254 Domini
335 1197 425 1256 nostri
446 1209 475 1257 et
496 1197 621 1257 aliorum
642 1196 748 1258 Rever.
771 1198 835 1260 Du·

43 1294 192 1354 mnarum
214 1292 431 1371 cardinalium,
452 1317 469 1356 a
491 1298 595 1376 paribus
616 1297 710 1359 dictus
730 1297 835 1359 Dumi-

44 1412 98 1455 nus
117 1394 296 1469 Franclseus
315 1395 428 1458 medius
453 1398 527 1459 iuter
549 1399 641 1459 dictus
662 1399 735 1459 duos
756 1398 833 1461 car·

44 1494 164 1568 dinales,
185 1496 235 1555 ulii
256 1513 326 1557 veru
347 1498 474 1576 quinque
493 1498 600 1577 singuli
616 1501 691 1560 inter
716 1501 833 1578 praela·

45 1608 87 1656 tos
111 1595 221 1656 Palatii
241 1606 271 1657 et
291 1592 433 1658 crateres
459 1598 587 1658 aliorum
613 1598 785 1677 Principum
803 1599 833 1657 in

43 1697 122 1760 Urbe
147 1697 382 1777 existentcs,uui
401 1697 517 1777 stipsis
537 1697 654 1759 ebriam
678 1710 830 1769 venerant,

44 1817 125 1859 more
147 1798 234 1859 solito
267 1815 359 1877 usque
382 1799 419 1858 ad
444 1799 588 1871 domum,
608 1799 670 1861 sire
690 1800 832 1878 palatium

44 1898 222 1962 Dreinos-um
249 1898 278 1958 iu
304 1897 415 1978 Campo
446 1899 552 1960 Florae
581 1917 636 1978 pro
659 1900 833 1961 habitatione

43 1999 172 2079 ejusdem
188 2000 326 2061 'Francisi
345 1997 523 2072 ordinatum,
542 1996 663 2060 fuerunt
674 1997 833 2061 honorifice

44 2099 190 2161 umctett.
543 2147 546 2151 .

81 2199 170 2260 Paria
192 2209 269 2260 sexte
293 2198 335 2259 94
361 2197 521 2260 decembris
540 2199 833 2278 ⁴vigiliailatiritatis

44 2299 158 2361 Domini
178 2299 276 2362 illustri
293 2299 361 2360 iesu
383 2298 506 2374 Christi,
522 2299 577 2361 SS.
598 2300 634 2361 D.
655 2300 758 2363 Noster
776 2303 832 2363 baa

44 2401 158 2461 biturus
180 2412 247 2479 post
267 2417 401 2479 resperas
428 2401 610 2462 collationem
634 2402 780 2481 publicam
802 2404 832 2463 in

42 2502 109 2561 aula
131 2500 249 2580 majore
262 2501 359 2580 palatii
379 2502 535 2579 Apostoiiel
553 2501 631 2581 apud
644 2502 678 2564 S.
698 2503 833 2577 Petrum,

45 2620 181 2683 resperas
201 2600 353 2663 'celebrari
381 2603 476 2662 rniuit
503 2604 531 2662 iu
555 2602 690 2683 'cappella
721 2599 832 2680 majore

44 2702 112 2763 dicti
138 2701 240 2781 palatii
264 2719 320 2781 pro
341 2699 452 2779 majore
482 2705 525 2764 rei
540 2705 776 2778 xcourumditnte,
797 2723 832 2767 ne

43 2802 237 2874 discedendo,
258 2813 287 2863 et
313 2802 473 2864 recedendo
493 2822 532 2865 ex·
547 2804 664 2867 basilice
690 2805 722 2866 S.
753 2803 833 2867 Petri

44 2906 166 2965 nimium
190 2904 330 2983 temporis
349 2902 585 2982 dispensaretur3
604 2894 703 2984 sicque
722 2907 833 2967 factum

43 3016 91 3065 est
123 3003 265 3083 vesperus
292 3002 457 3082 hujusmodi
488 3005 647 3068 celebrarit
660 3008 832 3068 solemniter

44 3102 282 3174 Sanctitas‘Sua,
300 3103 362 3182 ipso
379 3115 408 3164 et
428 3103 629 3167 cardinalibus
648 3125 737 3168 more·
749 3106 834 3169 solito

42 3205 215 3285 antiphonas
239 3214 269 3263 at
288 3203 346 3262 elia
366 3203 533 3282 dicentibus.
555 3204 690 3279 Quibus,
706 3206 741 3268 de
765 3227 834 3287 spe·

44 3306 107 3367 ciali
128 3301 282 3364 Pontificis
303 3302 428 3377 licentia,
447 3305 642 3367 interfuerunt
661 3308 835 3368 Franciscus

43 3403 72 3467 de
94 3404 248 3483 Aragonia
268 3412 297 3463 et
317 3404 447 3484 collegae
468 3405 524 3477 sui,
543 3406 723 3468 serenissimi
744 3406 833 3486 Regis

41 3505 162 3568 Siciliae
184 3503 326 3568 crateres
346 3505 498 3585 praedicti,
524 3507 592 3567 licet
613 3508 739 3568 nondum
761 3508 833 3571 obe·

41 3607 181 3668 dientiam
203 3605 235 3667 S.
254 3605 290 3666 D.
311 3604 346 3666 tt.
367 3604 592 3685 praestitissent,
613 3622 734 3689 propter
755 3612 833 3689 quud

36 3709 112 3769 alias
130 3707 162 3766 in
184 3706 334 3785 pubiicum
355 3708 453 3768 venire
473 3725 529 3769 non
551 3710 675 3770 licuisset
681 3732 692 3783 3
713 3720 743 3770 et
761 3711 834 3770 assi-

32 3809 126 3886 gerari
149 3805 243 3867 eidem
271 3807 350 3867 Dius.
378 3807 536 3869 Francisco
562 3810 682 3880 iocum,
703 3809 728 3869 si
755 3821 834 3873 recte

31 3909 171 3979 meusim,
190 3924 279 3987 supra
300 3908 437 3968 ultimum
456 3907 618 3969 Diaconum
639 3908 833 3983 cardinalem,

32 4008 177 4072 videlicet
197 4006 234 4067 tt.
252 4007 289 4068 D.
310 4007 492 4070 cardinalem
510 4011 755 4084 remoramina
774 4010 833 4089 ipse

30 4109 182 4170 mmmm
199 4120 297 4188 postca
314 4108 420 4170 dixerit
440 4110 603 4188 praefatum
624 4110 688 4172 Dan
709 4111 833 4171 Franci·

29 4227 123 4271 scum
138 4208 226 4269 aliter
240 4204 283 4291 (i)
297 4208 464 4270 locaturum
478 4210 565 4271 fuisse
582 4211 635 4292 (il.

78 4311 248 4384 Antequam
265 4305 432 4370 cardinales
453 4309 621 4372 Pontificem
639 4311 674 4371 ed
698 4330 831 4392 resperas

29 4429 71 4473 ea
100 4427 220 4470 amere
241 4409 410 4489 Pappegalli
431 4412 623 4483 associarent,
643 4413 752 4471 avisari
771 4412 833 4470 sin·

31 4512 127 4590 gulos
153 4509 231 4588 quod
252 4510 306 4570 sibi
323 4510 395 4573 duos
414 4512 579 4585 scutiferos,
599 4515 660 4574 sire
677 4513 834 4574 servitores

32 4613 195 4690 eligerent,
206 4611 256 4688 qui
271 4612 339 4690 ipsis
353 4611 387 4674 de
404 4614 511 4674 vincet
529 4632 605 4692 arpua
627 4614 656 4673 in
677 4612 834 4674 collatione

35 4713 199 4771 servirent.
210 4709 271 4771 Pro
285 4711 438 4793 collatione
450 4713 542 4791 igitur
553 4724 618 4792 pust
628 4732 762 4793 vesperas
776 4731 834 4792 pu·

40 4810 119 4872 blice
137 4809 279 4883 habenda,
300 4822 435 4890 peratum
463 4811 518 4872 fuit
543 4812 600 4874 buc
626 4813 737 4875 ordine.
759 4814 833 4873 Aula

40 4911 151 4990 prima,
161 4910 298 4972 videlicet
311 4927 426 4990 magna,
437 4913 534 4992 palatii
546 4913 686 4992 praedicti
700 4913 832 4975 ordinata

40 5010 98 5071 fuit
109 5011 182 5072 solio
196 5021 223 5071 et
238 5010 305 5071 sede
322 5010 484 5073 Pontificali
505 5023 534 5074 et
550 5015 675 5074 scamnis
688 5032 743 5094 pro
757 5014 834 5075 Car·

45 5107 242 5184 dinalibus,ac
255 5109 395 5172 viridibus
413 5113 524 5191 pannis,
535 5130 570 5173 ac
587 5113 612 5173 si
632 5114 662 5173 iu
683 5131 716 5174 ea
735 5114 834 5193 publi·

48 5225 113 5270 cum
125 5210 330 5271 consistorium
340 5211 482 5272 celebrari
495 5211 622 5287 deberet,
630 5214 833 5293 exceptoquod

45 5308 129 5384 pallia
149 5311 223 5370 sadis
239 5307 344 5388 Papae,
357 5321 386 5371 et
401 5311 535 5390 desuper,
550 5313 614 5373 elba
631 5312 762 5387 fuerunt,
777 5333 834 5378 neu

507 248 1030 319 contumacus-innocentii
1050 258 1201 324 cchVi.
1647 253 1694 343 69

903 393 1004 469 rubea,
1022 408 1051 456 et
1073 411 1188 477 praeter
1208 400 1256 461 iliu
1275 400 1360 473 infra,
1378 401 1461 480 juxta
1476 421 1591 465 scamna
1609 405 1686 468 Car-

902 492 1041 555 dinalium
1057 499 1085 556 in
1097 499 1228 578 upposito
1248 501 1324 577 ostii,
1338 521 1389 581 per
1410 503 1488 580 quod
1507 515 1571 584 post
1585 523 1688 567 ascen-

901 584 976 667 sum,
994 615 1029 655 ex
1049 595 1151 669 Curia,
1173 597 1221 658 ubi
1240 599 1405 662 cardinales
1419 621 1452 663 ex
1470 605 1551 682 equis
1566 604 1687 665 descen·

902 691 971 754 dere
990 694 1103 766 solent,
1117 697 1253 758 eamdem
1274 700 1354 760 illam
1377 702 1561 780 ingreditur,
1585 716 1688 783 parata

901 790 956 850 fuit
978 810 1034 852 una
1056 794 1200 856 credentia
1228 799 1286 859 alta
1307 811 1335 860 et
1357 817 1471 880 magna,
1484 804 1559 863 'ecto
1573 803 1686 887 gradus

902 889 1023 963 itabens,
1044 896 1120 954 vasis
1143 899 1287 974 argenteis
1311 900 1473 973 inauratis,
1498 920 1533 962 ac
1553 903 1689 964 cristallis

901 990 1225 1073 quibusdamopulentis
1243 999 1364 1068 munita,
1375 1017 1450 1076 quae
1468 1001 1554 1061 etiam
1572 1003 1689 1080 aliqua·

901 1089 967 1150 liter
987 1091 1017 1151 in
1040 1092 1116 1152 libro
1136 1095 1231 1171 primo
1250 1114 1314 1157 meo
1332 1097 1581 1160 caerimoniarum
1600 1120 1688 1164 manu

902 1207 964 1251 mea
982 1193 1091 1272 scriptu
1109 1193 1255 1272 designata
1277 1209 1328 1258 est.

940 1293 973 1350 ln
993 1293 1116 1354 secunda
1137 1297 1204 1355 nula
1226 1295 1294 1356 dieti
1307 1286 1419 1377 palatii,
1437 1299 1568 1362 videlicet
1584 1306 1688 1381 proxi·

901 1410 947 1451 ma
964 1389 1047 1469 juxta
1064 1394 1251 1473 praedictam,
1269 1409 1369 1475 perata
1390 1398 1443 1461 fuit
1463 1401 1517 1460 alia
1538 1401 1684 1463 credentia

900 1503 1035 1552 consueta
1055 1493 1160 1568 forma,
1175 1513 1320 1578 quae-pro
1334 1498 1365 1557 S.
1381 1497 1505 1562 Domino
1519 1513 1618 1563 nostru
1632 1523 1687 1583 pa·

900 1592 961 1651 rari
982 1594 1065 1665 solet,
1084 1607 1114 1654 et
1134 1613 1191 1655 uun
1212 1598 1297 1676 longe
1318 1597 1354 1656 ab
1377 1600 1424 1660 illa
1446 1599 1501 1661 alia
1524 1602 1610 1680 longa
1632 1623 1686 1682 pre

900 1690 963 1753 RB.
985 1692 1047 1753 DD.
1068 1693 1279 1768 cardinalibus,
1298 1696 1327 1757 in
1349 1700 1455 1776 quibus
1469 1701 1599 1762 ordinata
1619 1703 1688 1763 fue·

899 1803 979 1862 runt,
999 1805 1029 1853 et
1050 1795 1116 1852 rina
1137 1807 1249 1872 perata,
1271 1799 1473 1872 confectiones,
1493 1813 1521 1862 et
1540 1803 1688 1863 confecto·

900 1893 959 1964 ria,
974 1893 1088 1966 bacilia,
1111 1912 1187 1972 aqua
1202 1906 1231 1956 et
1244 1898 1300 1956 alia
1315 1913 1489 1978 opportuna.
1511 1901 1688 1964 Prasmoniti

898 1992 983 2052 etiam
1021 1993 1139 2055 fuerunt
1165 1992 1337 2057 cubicularii
1370 2011 1400 2059 at
1425 2002 1473 2063 aiii
1500 2000 1570 2079 quid
1594 2015 1688 2064 essem

898 2091 1016 2163 acturi,
1035 2109 1111 2170 quae
1131 2111 1166 2154 ex
1186 2094 1260 2154 infra
1287 2097 1444 2159 scribendis
1476 2102 1685 2180 intelligentur.

897 2190 1053 2252 Praeterea
1064 2179 1231 2254 ordiuctum
1242 2194 1347 2269 fuerat,
1358 2198 1436 2276 quod
1447 2203 1469 2259 si
1480 2198 1687 2277 ¹Sanctissimae

898 2291 1037 2352 Dominus
1060 2301 1156 2353 noster
1179 2312 1310 2372 vesperas
1331 2296 1359 2357 in
1381 2298 1413 2359 S.
1435 2300 1523 2361 Petro
1547 2302 1686 2365 voluisset
1756 2340 1763 2360 ·

899 2392 1050 2464 celebrari,
1062 2392 1139 2471 spuod
1150 2393 1205 2454 illis
1219 2393 1306 2457 finitis
1320 2409 1519 2462 reverteretur
1533 2402 1570 2462 ad
1588 2420 1686 2465 came·
1768 2399 1769 2403 ’
1851 2433 1857 2448 ·

900 2491 1115 2571 ramPapagaiii
1126 2493 1227 2555 ordine
1239 2509 1387 2572 consueto,
1399 2512 1428 2561 et
1439 2501 1687 2583 ibidem,deposito
1746 2534 1747 2537 ¹

899 2593 1031 2672 pluviali,
1051 2604 1080 2655 et
1101 2595 1189 2655 mitra
1210 2609 1453 2680 accepta,cappa
1474 2601 1508 2663 de
1530 2604 1688 2665 cremesino

899 2695 990 2755 exiret
1006 2693 1044 2753 ad
1062 2695 1158 2754 auiam
1178 2698 1355 2775 praedictam
1374 2701 1434 2762 sine
1450 2702 1536 2763 mitra
1553 2722 1609 2783 pro
1624 2704 1689 2765 col·
1813 2729 1815 2735 ·

900 2796 1005 2856 latione
1018 2796 1155 2857 iacienda.
1166 2797 1302 2876 Parparia
1314 2801 1448 2879 igiturin
1461 2805 1588 2883 cappella
1602 2823 1689 2885 prae-

899 2894 955 2955 fata
975 2894 1073 2969 finitis,
1094 2897 1126 2956 S.
1147 2896 1183 2956 D.
1201 2897 1248 2970 N,
1261 2898 1395 2980 depositis
1413 2904 1532 2982 pluviali
1546 2916 1575 2965 et
1589 2904 1688 2973 mitra,

899 3000 1009 3075 accepit
1030 3015 1150 3076 cappam
1166 2997 1201 3058 de
1217 3001 1377 3061 cremesino
1398 3015 1426 3064 et
1442 3004 1520 3064 venit
1532 3004 1570 3063 ad
1588 3005 1687 3065 aulam

900 3103 1035 3178 magnam
1063 3097 1239 3177 praedictam
1268 3118 1323 3178 pro
1355 3103 1508 3165 collatione
1535 3115 1689 3182 paratam,

900 3215 958 3261 uno
978 3217 1012 3259 er
1032 3196 1170 3277 episcopis
1190 3197 1406 3273 assistentibus,
1434 3201 1561 3263 fimbrias
1582 3221 1688 3283 cappae

899 3311 928 3361 ct
942 3300 1029 3361 simul
1041 3300 1187 3370 collectas,
1204 3299 1364 3373 deferente;
1379 3301 1495 3363 interim
1509 3304 1607 3376 etiam,
1618 3305 1688 3364 dum

900 3400 1031 3463 Pontifex
1051 3401 1178 3481 pluviale
1198 3412 1226 3461 et
1248 3402 1365 3465 mitram
1385 3403 1562 3482 deponeret,
1582 3404 1688 3466 Cardi-

900 3503 977 3562 nales
998 3503 1026 3561 in
1046 3502 1169 3562 scamnis
1189 3504 1249 3563 suis
1269 3514 1299 3565 et
1318 3499 1438 3584 praelati
1459 3524 1493 3566 aa
1511 3505 1689 3577 subdiaconi,

900 3600 1077 3674 Auditores,
1096 3603 1203 3665 clerici
1224 3607 1385 3679 camerae,
1405 3616 1434 3668 et
1454 3608 1579 3688 accolyti
1609 3616 1689 3668 extra

900 3702 1061 3763 cancellum
1076 3705 1227 3783 cappellae
1238 3723 1290 3765 sua
1305 3719 1474 3769 ornamenta
1493 3707 1690 3786 deposuerunt

899 3813 929 3863 et
949 3821 1053 3883 cappas
1073 3815 1250 3885 acceperunt
1270 3817 1429 3882 consuetas,
1452 3818 1486 3887 et
1496 3809 1525 3866 in
1546 3809 1587 3867 eis
1607 3806 1687 3867 Pon·

900 3901 1006 3964 filicem
1026 3904 1112 3966 solito
1125 3904 1227 3967 ordine
1241 3909 1430 3969 associarunt.
1450 3909 1481 3968 S.
1496 3907 1620 3968 Domino
1634 3923 1689 3966 no·

899 4015 962 4064 etro
982 4004 1011 4063 in
1030 4006 1103 4066 solio
1119 4007 1274 4067 constituto
1298 4019 1327 4068 et
1345 4009 1471 4080 sedente,
1489 4021 1691 4070 remanserunt

900 4102 978 4183 apud
998 4123 1065 4164 eum
1082 4103 1216 4167 &nensis
1231 4117 1261 4168 et
1282 4106 1314 4167 S.
1331 4106 1461 4186 Georgii,
1475 4107 1595 4168 Diaconi
1611 4107 1690 4169 car·

900 4206 1018 4279 «finales,
1039 4207 1199 4268 assistentes
1213 4223 1366 4286 quousque
1380 4207 1514 4268 Pontifex
1525 4225 1610 4267 suam
1625 4208 1690 4269 col·

901 4309 1036 4367 lationem
1058 4306 1230 4385 perfecisset.
1251 4306 1329 4367 Tum
1350 4307 1469 4368 accessit
1488 4307 1524 4369 de
1544 4307 1689 4369 credentia

900 4408 1004 4468 solium
1029 4406 1177 4468 Pontisseis
1198 4408 1279 4469 liius.
1300 4407 1337 4468 D.
1354 4409 1530 4470 Franciscus
1555 4409 1591 4470 de
1611 4413 1691 4469 Ara·

900 4511 985 4587 genia
1005 4508 1120 4569 Siciliae
1138 4521 1194 4570 etc.
1213 4508 1300 4588 Regis
1322 4509 1410 4582 lilius,
1430 4528 1537 4588 aquam
1555 4508 1688 4572 Pontifici

900 4607 1031 4669 daturus.
1054 4609 1118 4669 ileo
1143 4609 1245 4671 ordinm
1269 4610 1482 4690 procedebant:
1504 4614 1600 4691 prium
1630 4609 1689 4669 due

899 4711 1056 4771 servientes
1075 4727 1238 4783 armorum,
1259 4729 1334 4789 quus
1353 4713 1493 4790 sequebar
1508 4713 1568 4792 ipse
1582 4711 1690 4791 blagi-
1740 4742 1741 4747 .

900 4823 958 4873 ster
976 4812 1220 4873 caerimoniarum
1240 4813 1268 4872 in
1291 4830 1354 4874 meu
1374 4813 1565 4892 superpelicio
1575 4832 1586 4885 3
1609 4812 1689 4889 quod

901 4924 1008 4985 tamen,
1022 4915 1046 4972 ei
1065 4922 1143 4972 recte
1159 4911 1272 4991 judico,
1284 4911 1498 4973 convenientius
1517 4910 1688 4971 dimisissem

901 5031 969 5075 cum
989 5030 1115 5074 essemus
1140 5012 1189 5073 iric
1209 5021 1291 5073 extra
1312 5011 1408 5074 dirim
1426 5011 1511 5072 sicuti
1529 5021 1559 5072 et
1578 5011 1608 5072 in
1630 5027 1689 5091 pu·
1767 5008 1772 5017 '

900 5113 985 5177 blicis
1001 5114 1189 5182 consistoriis,
1206 5113 1236 5173 in
1257 5111 1361 5190 quibus
1383 5122 1462 5173 recta
1482 5111 1690 5192 superpelliciis

902 5233 959 5276 nun
974 5213 1085 5275 utimur
1095 5236 1106 5289 3
1123 5226 1185 5275 tum
1205 5215 1314 5280 electus
1332 5211 1538 5286 Tormceusis,
1550 5210 1688 5292 Magister

903 5317 1004 5378 domm
1023 5315 1143 5388 Palatii,
1165 5313 1299 5377 mantello
1322 5323 1433 5375 tantum
1455 5312 1571 5374 indutus
1600 5329 1689 5391 snpra
