3758 6030
65 375 137 455 quis
157 383 188 436 et
207 369 256 433 aiii
270 369 375 451 Legati
392 370 434 432 sic
452 370 551 434 iacere
569 381 790 434 eomuereruot.
809 393 851 416 -*-

61 475 224 539 videantur
244 473 525 551 omniaparamema
543 461 723 534 Pomibcatia
745 464 851 534 erile*-

64 575 155 655 gaiia.
178 593 219 618 -‘
238 570 414 633 Eaidistoria
446 570 505 633 duo
536 575 597 635 sine
628 570 759 635 scabellis
783 583 851 633 cum

67 692 175 737 eorum
204 671 345 744 amnui,
372 680 401 732 et
421 671 572 752 coopertis.
592 703 631 717 -
652 669 740 732 artua
766 672 853 733 altius

65 787 135 836 cum
157 773 283 834 scabello
294 769 304 846 ,
323 782 353 832 et
373 771 494 832 cussinis
512 771 634 844 duobus,
662 786 718 851 pro
740 773 853 832 casalem

65 877 148 938 none
177 872 252 953 Regi
272 871 410 933 serviens.
432 907 472 919 -
489 859 644 933 iriseutur
666 880 798 932 cantores
818 871 853 934 de

67 976 155 1037 iliissa
184 972 311 1053 Spiritus
344 969 445 1033 Sancti
466 972 607 1045 dicenda,
638 981 667 1032 et
701 970 779 1049 (prod
799 989 853 1051 pro

40 1144 44 1159 p
68 1075 190 1140 laetania
212 1072 287 1134 duos
307 1072 452 1153 deputent.
473 1105 509 1118 ω-
534 1072 677 1133 Pluriaiia
698 1070 763 1133 alba
785 1089 853 1132 cum

65 1159 170 1249 stolis,
186 1172 302 1234 amictis
328 1184 358 1235 et
378 1172 586 1253 superpelliciis
616 1173 655 1233 ita
676 1172 756 1252 quod
783 1173 852 1252 pul*-

62 1275 185 1338 clsriora
206 1274 342 1355 praelatis
362 1291 431 1335 cum
451 1272 562 1353 legato
584 1271 762 1336 venientibus
787 1289 853 1333 rau-

65 1388 187 1443 tuentur
198 1421 209 1452 ,
231 1379 383 1442 videlicet:

107 1475 338 1563 Aichiepiscopo'
356 1479 525 1542 i’atraceusi
545 1489 575 1541 et
606 1477 753 1559 Episcopo
773 1477 853 1539 Tor·
874 1498 875 1501 ¹

62 1581 182 1643 cellano
212 1612 253 1626 -
281 1581 425 1661 Episcopo
456 1580 618 1661 Saguntino
638 1614 678 1627 —-
710 1579 852 1663 Episcopo

59 1682 238 1744 Cotroneusi
256 1713 294 1727 -
317 1681 462 1763 Episcopo
491 1683 603 1744 Nolano
639 1712 675 1727 ··-
709 1681 853 1762 Episcopo

59 1781 218 1845 Catanensi
238 1815 276 1828 --
297 1781 445 1866 Episcopo
460 1784 701 1864 dicatispilosi-
718 1781 773 1863 (iii
795 1782 853 1844 duo

63 1883 159 1943 ultimi
182 1896 241 1944 uon
262 1895 402 1945 reueruut
415 1884 436 1965 ).

107 1984 317 2046 baldachinum
340 1984 624 2067 proiiege,l1issa
646 1983 748 2060 iioita,
771 1995 852 2047 extra

64 2095 182 2163 portam
197 2085 341 2150 ecclosias.
800 2107 802 2113 ·

109 2184 270 2247 Portitores
281 2174 458 2261 Euidaebini,
469 2196 498 2248 et
509 2197 614 2248 mutae.
632 2219 668 2233 -
684 2184 787 2266 Equus
799 2204 854 2267 pro
876 2195 877 2199 ’

66 2286 158 2367 Rege·
179 2298 309 2348 ornatus.
331 2285 450 2355 —Qut
480 2303 589 2367 equum
610 2286 698 2368 Regis
728 2287 852 2349 babeant

65 2388 202 2449 dextrave
232 2396 262 2449 et
293 2395 399 2449 mutae.
422 2418 462 2432 -·
482 2376 594 2460 Pataui,
627 2398 655 2451 et
686 2390 767 2469 palea
799 2396 854 2471 prb

65 2489 210 2563 eeclesia,
231 2490 340 2563 altari,
361 2497 390 2549 et
411 2480 560 2563 thalamo,
582 2490 703 2570 pallium
723 2509 780 2570 pro
803 2493 853 2552 al-

69 2589 241 2650 tari-Per
260 2607 347 2668 quam
367 2591 444 2651 riam
462 2600 490 2652 et
503 2607 562 2668 quo
573 2590 634 2653 ilex
652 2591 758 2675 debeat
769 2595 854 2672 equi-

67 2702 131 2753 tare
151 2701 216 2771 post
236 2693 463 2754 coronationem.
484 2725 526 2736 -
548 2689 654 2754 Omnia
685 2703 854 2773 paramenta

65 2791 247 2855 Pontificaiia
262 2803 292 2854 et
311 2810 367 2872 pro
385 2791 524 2854 ministris
541 2805 571 2854 et
588 2793 793 2855 assistentibus.
815 2827 853 2839 —

66 2894 196 2955 Seamna
222 2911 276 2974 pro
308 2893 444 2973 praelatis
466 2891 762 2955 -Oratoribus-
792 2890 855 2955 No·

67 2994 175 3056 bilibus
189 3006 218 3056 et
228 2994 397 3058 baronibus.
422 3027 459 3039 -
475 2994 657 3075 Deputentur
680 2992 737 3054 dua'
758 2992 849 3055 Nobi-

68 3096 109 3156 les
131 3096 181 3174 qui
199 3095 313 3175 singula
345 3096 409 3156 ioca
427 3097 569 3174 assignent
598 3114 633 3157 ex
652 3096 850 3156 commissione

67 3196 158 3276 Regis
179 3207 235 3258 ete.
259 3227 298 3241 ·-
318 3194 416 3258 Locus
440 3213 495 3276 pro
516 3197 707 3269 cantoribus,
736 3204 765 3257 et
783 3196 854 3276 pui-

66 3298 164 3378 pitam
189 3316 244 3377 pro
266 3297 350 3359 libro.
372 3328 411 3342 -
434 3297 500 3357 ilua
520 3296 643 3358 scabella
666 3296 768 3357 viridia
801 3304 855 3375 pro

67 3399 210 3478 praelatis
240 3396 314 3477 Regi
342 3397 544 3458 assistentibus.
578 3429 618 3442 -
649 3396 737 3457 atiud
765 3397 855 3458 simile

68 3517 124 3579 pro
139 3497 215 3557 libro
230 3497 368 3558 laetaniae
382 3497 503 3576 desuper
521 3497 855 3578 ponendo—Coeperta
904 3543 908 3549 .

67 3617 122 3678 pro
152 3589 315 3658 Pontificali
340 3615 392 3677 per
410 3594 558 3677 Legatum
586 3596 691 3658 utendo
727 3627 762 3638 —
797 3595 856 3664 Qut

49 3687 52 3691 ⁴
71 3698 224 3760 brachium
240 3707 269 3760 et
280 3698 422 3777 spatulam
436 3697 523 3777 Regis
538 3698 644 3778 possint
664 3697 697 3758 de
710 3696 787 3758 incili
804 3695 856 3758 dc·

74 3811 172 3880 tegere
191 3809 219 3859 et
241 3799 351 3860 nudare
372 3815 426 3878 pro
446 3800 580 3859 unctione
598 3797 737 3859 iacienda.

111 3901 275 3973 bombacis,
293 3910 322 3961 et
340 3901 518 3979 panniceilus
532 3917 587 3980 pro
604 3899 738 3960 unctione
758 3898 858 3978 ligone

68 4003 117 4063 da.
131 4035 171 4047 —
184 4002 317 4063 Hostium
332 4002 470 4064 ccclesiae
487 4008 515 4062 in
535 4020 617 4062 mane
631 4011 697 4063 ante
712 3998 786 4060 diem
802 4017 857 4060 cu-

69 4086 224 4167 stodiatur.
246 4134 282 4147 -
310 4101 490 4184 Daputenmr
521 4100 572 4180 qui
601 4101 735 4162 locandos
759 4101 855 4159 iutro·

69 4207 186 4267 mittant
198 4249 208 4279 ,
235 4215 263 4265 et
288 4214 442 4266 serventur
468 4206 563 4264 omnia
596 4203 661 4261 ioca
692 4199 776 4262 chori
801 4218 854 4281 pro

70 4305 232 4368 curialibus
250 4303 337 4383 Regis
363 4321 430 4364 eum
448 4301 528 4384 Rege
551 4302 745 4375 venientibus,
762 4311 789 4362 et
816 4301 856 4361 ita

71 4407 241 4469 ordinentur
261 4405 349 4484 quod,
362 4402 474 4484 Legata
488 4403 600 4484 parato,
616 4415 770 4481 antequam
791 4401 856 4462 offl-

71 4510 150 4568 cium
168 4506 359 4568 coronationis
375 4505 508 4586 incipiat,
527 4504 623 4565 omnia
650 4505 713 4564 ioca
734 4502 790 4562 sint
810 4499 857 4560 di·

71 4608 194 4669 atributa
218 4618 247 4667 et
276 4618 434 4687 occupata,
459 4624 494 4667 ac
523 4606 617 4667 omnia
644 4606 673 4664 in
695 4606 798 4684 quiete.
817 4634 855 4650 ·-

70 4710 253 4790 Deputentur
271 4708 361 4785 aliqui
383 4706 496 4769 Nobiles
516 4707 577 4786 qui,
595 4704 707 4787 Legata
721 4707 856 4779 intrante,

71 4809 185 4872 Nobiles
199 4822 229 4871 et
248 4810 375 4872 Berones
393 4808 592 4890 Neapolitanos
610 4818 639 4869 et
654 4809 726 4869 alios
741 4807 857 4882 iaciant,

73 4912 273 4972 commissione
292 4909 390 4990 Regis,
412 4928 466 4970 suo
489 4909 589 4971 ordine
605 4907 701 4970 debito
714 4909 856 4987 equitare:

74 5012 225 5085 scutiferi,
246 5023 275 5073 et
293 5009 401 5072 iumilia
422 5009 525 5090 Legati
541 5009 579 5070 sit
606 5008 765 5071 immediate
791 5019 856 5071 aute

72 5114 199 5174 Earoues
216 5146 255 5159 -
272 5112 438 5192 Responsio:
454 5111 524 5172 baec
539 5110 634 5198 omnia
649 5109 856 5171 commiserunt

73 5201 110 5272 ii.
129 5213 165 5273 Ι).
184 5211 264 5273 lulio
281 5212 416 5293 episcopo
434 5210 600 5292 i'ropiensi,
617 5208 754 5272 Sereniss.
767 5207 856 5289 Regis

73 5315 241 5394 cappellano
252 5312 355 5392 majori
366 5312 470 5376 ibidem
489 5315 711 5395 praesentiora
730 5329 799 5373 cum
815 5310 856 5372 eis

529 225 811 301 ranrmictrtis
832 224 1056 299 memnoni
1077 222 1202 295 SEXTI.

1638 224 1704 290 ‘585

918 372 956 433 aa
970 372 1125 453 mauras
1140 370 1227 432 esiam
1244 359 1396 450 repauso,
1411 368 1491 449 quoa
1509 376 1566 448 aaa
1584 374 1700 430 maun

918 474 1073 555 maembsa
1085 472 1202 552 'singula
1217 469 1384 532 ordinarent
1398 482 1426 533 et
1442 478 1584 552 oportune
1600 471 1704 550 prosi:

919 574 1029 635 darent.
1117 601 1140 609 π-

962 673 1021 734 Pro
1042 670 1088 732 die
1105 670 1247 733 adventus
1270 668 1371 750 Legati
1390 682 1588 733 convocentur
1607 673 1705 731 omnis

920 772 1069 853 religiosi,
1098 782 1127 833 et
1157 773 1256 833 clerus
1285 771 1408 832 civitatis
1435 768 1636 850 Neapolitanae
1665 768 1702 831 ad

920 873 1022 934 ituram
1043 881 1250 952 congruentem
1265 872 1301 932 ad
1317 872 1468 933 ecclesiam
1488 868 1704 950 Neapolitanam

919 991 955 1036 ex
969 988 1038 1053 qua,
1061 974 1123 1035 sola
1138 990 1226 1034 cruce
1252 973 1330 1033 iilius
1349 973 1486 1035 ecclesiae
1505 971 1703 1053 praecedente,

920 1074 1026 1136 radant
1052 1085 1133 1136 extra
1162 1085 1277 1154 portam
1304 1072 1471 1154 Capuanum
1493 1072 1594 1134 ordine
1611 1061 1704 1133 solito.

961 1176 994 1235 iu
1023 1175 1144 1238 ecclesia
1172 1173 1357 1254 Neapolitana
1387 1176 1415 1235 iu
1442 1173 1566 1236 introitu
1584 1180 1705 1254 paretur

922 1295 972 1335 vas
1001 1284 1093 1352 aquae
1120 1276 1284 1337 benedictae
1318 1294 1386 1337 cum
1404 1275 1566 1356 aspersorio
1595 1291 1707 1336 conse·

920 1378 1015 1438 nienti.
1028 1412 1067 1423 —
1085 1376 1283 1438 Thuribulum
1304 1393 1372 1437 cum
1395 1377 1465 1456 igni,
1484 1375 1617 1437 uaricula
1636 1392 1705 1436 cum

919 1477 1044 1540 incenso.
1065 1508 1102 1521 -
1123 1477 1292 1540 Pontifieale
1313 1479 1532 1560 propraetore,
1555 1486 1589 1536 ut
1610 1475 1706 1536 versi·

920 1578 1002 1640 culos
1015 1587 1044 1639 et
1058 1579 1218 1640 orationem
1237 1599 1271 1641 ex
1286 1597 1320 1641 eo
1338 1577 1422 1640 dicat.
1442 1611 1481 1622 -
1496 1577 1703 1640 Faldistoriuin

920 1694 987 1738 cum
1005 1679 1148 1752 scabello,
1167 1678 1286 1739 cussinis
1303 1689 1331 1742 et
1347 1691 1503 1761 cooperta,
1526 1688 1589 1741 unte
1610 1688 1706 1742 cornu

919 1777 1066 1859 Epistulae
1093 1779 1193 1841 altaris
1226 1797 1281 1858 pro
1301 1775 1412 1860 Legata
1433 1811 1471 1823 -·
1501 1777 1588 1841 titud
1614 1779 1708 1839 simile

920 1878 1111 1940 faldistorium
1128 1897 1195 1941 eum
1207 1879 1328 1940 cussinis
1339 1890 1368 1941 et
1383 1888 1519 1960 cooperta
1538 1889 1602 1939 onte
1616 1894 1709 1938 cornu

920 1979 1074 2061 Evangelii
1094 1999 1149 2061 pro
1166 1980 1257 2059 Rege,
1277 1980 1356 2059 quod
1375 1981 1416 2041 sic
1436 1981 1493 2042 erit
1507 1977 1545 2040 ad
1559 1979 1706 2039 sinistram

921 2081 1021 2163 Legati
1050 2081 1202 2162 genudcxi.
1230 2115 1269 2126 -
1295 2079 1384 2142 Liber
1415 2099 1483 2142 cum
1513 2080 1646 2141 oratioue
1674 2077 1709 2139 de

921 2183 1028 2246 Sancto
1047 2184 1187 2244 ianuario
1202 2201 1253 2262 per
1272 2179 1417 2262 Legatum
1438 2180 1565 2243 dicenda.
1591 2210 1629 2223 -
1647 2176 1709 2239 ile·

921 2297 1039 2367 putetur
1072 2283 1229 2346 carronieus
1262 2283 1398 2346 ecclesiae
1425 2281 1628 2362 Neapolitanae
1659 2280 1707 2357 qui

921 2386 1107 2447 thuribulum
1126 2382 1238 2466 Legatri
1256 2385 1286 2444 iu
1305 2383 1427 2444 introitu
1458 2380 1596 2444 eeclesiae
1621 2388 1709 2461 prac-

922 2484 1014 2548 dictae
1047 2487 1147 2549 oiierat
1179 2505 1233 2567 pro
1264 2483 1379 2546 incenso
1399 2483 1568 2564 imponendo
1589 2514 1629 2526 -
1651 2477 1710 2542 lla-

922 2587 1051 2667 sponsio:¹
1071 2588 1166 2649 omniu
1181 2586 1337 2669 praemissa
1349 2585 1558 2650 commiseram
1569 2582 1711 2663 Episcopo

922 2689 1072 2768 Tropiensi
1086 2699 1114 2749 et
1134 2689 1230 2764 mibi,
1252 2686 1416 2765 ordinanda
1434 2694 1462 2748 et
1483 2674 1658 2765 disponenda
1679 2692 1713 2743 ut

922 2806 1021 2868 supro.
1365 2867 1368 2871 Ι

970 2889 1137 2950 Praemissis
1172 2888 1263 2970 igitur
1292 2898 1436 2967 utsupra
1472 2886 1621 2958 narratis,
1655 2903 1708 2964 per

922 2991 1051 3052 dominos
1080 2990 1117 3049 ad
1142 3009 1175 3052 ea
1197 2989 1347 3068 deputatos
1379 2988 1501 3067 desuper
1528 2984 1711 3054 nominatos,

923 3091 994 3152 milti
1032 3092 1220 3162 commissis,
1261 3088 1416 3169 receptioni
1460 3085 1620 3148 Cardinaiis
1653 3083 1714 3145 Le·

923 3192 983 3271 goti
1011 3191 1137 3251 debitum
1165 3189 1295 3251 ordinem
1315 3189 1384 3251 dare
1409 3188 1543 3269 incipiens
1573 3205 1629 3267 pro
1647 3181 1713 3261 ejus

923 3291 1083 3371 receptione
1105 3337 1113 3364 ,
1148 3289 1201 3352 ieci
1235 3289 1399 3352 memoriale
1421 3287 1592 3367 hujusmodi
1614 3289 1712 3350 cond·

923 3392 1047 3453 dentiae:
1643 3410 1645 3417 ¹
1725 3465 1728 3472 Ι

968 3491 1053 3554 Ordo
1076 3482 1254 3570 reeipiendi
1271 3491 1346 3558 Rev.
1368 3491 1407 3553 Ι).
1424 3490 1597 3552 iohannem
1620 3488 1712 3580 titali

924 3592 957 3652 S.
973 3592 1137 3655 Susannac
1154 3591 1374 3673 Presbyterum
1394 3589 1611 3659 cardinalem,
1623 3587 1714 3675 diost·

923 3693 966 3754 tis
984 3692 1116 3773 Iieqalic
1133 3692 1313 3772 aalqariter
1328 3701 1552 3771 nuncupatam,
1572 3682 1711 3749 Siciliae

923 3802 982 3852 erc.
1004 3792 1158 3874 Leqatam
1178 3793 1222 3851 asi
1239 3794 1451 3855 coronandum
1472 3790 1712 3853 Serenis'simslm

919 3893 1111 3975 Alpinorum
1120 3893 1325 3955 Siciliae'etc.
1334 3891 1627 3974 iieqem‚Neapoliia
1639 3890 1715 3951 mii-

923 4015 988 4056 ssrm
1008 3995 1042 4055 iss
1058 3995 1194 4054 introitu
1217 3994 1261 4052 ad
1281 3990 1443 4054 ciuitatem
1461 3990 1713 4070 Neapolitanam.

965 4094 1112 4165 Praelati,
1134 4093 1267 4154 videlicet
1286 4092 1504 4173 archiepiscopi
1526 4099 1556 4152 et
1576 4089 1712 4171 Episcopi

923 4196 1007 4275 regui
1037 4195 1179 4276 praedicti
1200 4194 1227 4254 in
1250 4195 1366 4257 civitate
1395 4189 1581 4275 Neapolitana
1602 4193 1713 4254 cousti-

923 4299 980 4358 tuti
1002 4300 1192 4359 cumeorum
1210 4294 1353 4357 mantellis
1371 4304 1400 4356 et
1416 4294 1560 4374 capucciis
1581 4296 1610 4355 in
1628 4305 1713 4354 tran·

926 4416 1059 4459 seersum
1078 4441 1086 4469 ,
1107 4407 1137 4458 et
1159 4397 1295 4477 cappellis
1313 4414 1416 4458 eorum
1444 4393 1576 4476 dignitati
1604 4394 1713 4457 'conie-

925 4497 1066 4558 nientibus
1085 4494 1244 4581 quotquot
1264 4508 1330 4557 sunt
1345 4496 1429 4558 simui
1449 4497 1632 4576 equitantes,
1653 4485 1710 4555 bini

923 4607 952 4659 et
963 4599 1032 4672 bini,
1044 4597 1223 4678 dignioribus
1232 4616 1344 4679 semper
1356 4598 1604 4679 praecedentibus,
1616 4596 1714 4677 Lega-

924 4709 954 4760 to
968 4698 1082 4760 obviam
1100 4697 1225 4772 venient,
1238 4682 1331 4777 usque
1346 4699 1425 4760 circa
1438 4697 1469 4759 S.
1485 4699 1646 4769 lulianum,
1662 4698 1710 4757 ubi

924 4817 1002 4872 eum,
1012 4799 1107 4879 primo
1122 4818 1176 4878 pro
1187 4797 1320 4861 omuibus
1336 4790 1647 4876 loquente,bouoridce
1661 4816 1713 4858 re·

925 4902 1044 4984 cipient,
1063 4904 1157 4982 capita
1176 4901 1287 4963 detecta
1308 4900 1363 4960 sibi
1380 4900 1530 4960 dumtaxat
1546 4899 1714 4961 inclinantes

925 5004 1034 5083 absque
1065 5019 1166 5062 manas
1191 5001 1402 5089 porrectione,
1437 4998 1536 5062 deiude¹
1570 4997 1713 5080 Legatum

926 5106 1022 5187 ipsum
1037 5106 1115 5178 bini,
1135 5114 1166 5166 ut
1184 5113 1346 5176 venerunt,
1365 5104 1531 5182 sequentur.

969 5207 1176 5269 serenissimus
1192 5205 1253 5267 Rex
1273 5204 1435 5286 liphonsiss
1451 5204 1546 5266 reniet
1561 5204 1629 5265 cum
1648 5200 1713 5263 'Ea'-

925 5308 1046 5370 rouibus
1075 5309 1133 5368 suis
1170 5306 1286 5371 obviam
1318 5306 1395 5372 dicto
1424 5305 1593 5383 cardinali,
1621 5304 1714 5383 usque
