3780 6030
167 289 205 350 ιι
616 286 819 352 conemur
840 285 942 350 rosr
964 286 1113 350 srxvuu
1134 286 1334 358 uuluam.
1442 267 1445 274 ’

165 423 272 498 visset,
298 424 425 507 incepit,
456 435 486 486 et
513 435 686 506 prosecutus
719 435 762 488 est
794 426 954 487 orationem

63 584 67 591 .
166 543 248 586 nam
267 521 323 606 (ι).

205 626 238 686 lu
264 624 319 688 boe
344 625 440 697 mima,
460 632 490 684 et
514 623 578 683 aliis
597 634 665 685 octo
684 625 903 704 exequialibus,
920 633 954 685 ut

161 708 249 808 supra
265 724 425 798 celebratis,
444 723 564 803 praelati
580 722 687 787 Curiae
701 723 907 787 interfuerunt.

205 826 345 887 Sermone
367 823 457 898 finito,
482 824 657 904 egoaccepi
683 843 801 886 crucem
824 823 954 904 papale·

164 944 232 988 cum
244 945 298 988 suo
308 925 413 986 baculo
427 937 565 1005 argenteo
571 925 654 1004 juxta
669 928 759 987 altare
772 924 954 1005 praedictum

165 1036 381 1106 praeparatam,
391 1036 419 1086 et
428 1027 556 1105 processi
571 1044 672 1090 sersus
687 1036 800 1114 portam
817 1024 954 1088 eeclesiae

164 1127 355 1209 praedictam,
372 1137 401 1186 et
420 1127 571 1188 conclave:
596 1114 805 1206 praecedebant
823 1125 953 1187 scutiferi

164 1227 374 1298 cardinalium,
402 1227 498 1288 etalii
519 1227 692 1307 complures.
719 1224 886 1287 Cardinales
909 1244 955 1288 me

164 1327 326 1388 immediate
340 1326 549 1405 sequebantur3
558 1327 644 1407 primi
654 1327 913 1389 vicecancellarius
925 1337 955 1389 et

168 1428 381 1509 Neapolitanus,
396 1439 461 1508 post
475 1446 524 1491 eos
539 1427 588 1489 alii
601 1427 736 1509 episcopi,
751 1438 814 1489 tum
830 1428 956 1508 presby·

166 1533 352 1607 teri,taudem
366 1532 480 1594 diaconi
489 1532 769 1607 cardinales,omnes
779 1533 837 1594 bini
848 1542 877 1593 et
885 1532 955 1608 bini,

165 1634 289 1715 exceptis
310 1633 418 1695 ultimis
439 1633 626 1714 presbyteris,
639 1652 765 1712 quorum
786 1644 847 1696 tras
866 1636 954 1697 simul

147 1810 149 1815 .
166 1736 254 1796 ibant.
270 1733 409 1796 cantoms
429 1736 575 1815 cappellae
590 1745 716 1807 nostrae,
728 1745 756 1796 et
770 1735 901 1796 canonici
920 1754 954 1797 ac

165 1836 263 1896 clerus
277 1833 411 1894 basilicae
422 1833 586 1914 praedictae
601 1852 658 1896 nou
673 1834 868 1896 iuterfuerunt
882 1833 952 1896 huic

164 1934 351 2014 processioni,
370 1952 421 1994 nec
436 1933 544 2013 aliquid
561 1934 615 1994 luit
628 1934 657 1994 in
675 1952 710 1996 ea
731 1945 890 2007 cantatum,
904 1932 953 1995 sed

165 2035 276 2096 romani
291 2035 378 2106 cives,
393 2044 422 2095 et
437 2033 485 2094 alil
504 2033 531 2094 in
551 2051 674 2095 numero
689 2035 806 2114 copioso
821 2034 954 2096 circum·

164 2135 272 2195 dabant
292 2135 413 2212 quisque
430 2154 517 2196 suum
538 2146 744 2217 protectorem,
764 2137 902 2209 amicum,
925 2148 954 2198 at

163 2234 312 2297 dominum
333 2234 527 2312 cardinalem,
549 2236 647 2299 dantes
662 2239 702 2299 eis
720 2239 954 2319 supplicationes,

162 2349 193 2399 et
207 2340 278 2399 alias
300 2339 447 2420 petitiones
470 2358 526 2420 pro
551 2338 662 2411 officiis,
683 2349 713 2400 et
733 2339 795 2400 eliis
813 2340 953 2418 gratiisa

164 2457 241 2500 novo
261 2437 400 2501 Pontidce
418 2440 447 2500 ln
466 2439 598 2501 conclavi
624 2438 795 2511 obtinendis,
812 2449 842 2500 et
860 2438 955 2522 impe-

163 2539 282 2600 trandis.
306 2540 448 2618 Figuram
470 2537 609 2601 Crucidxi
627 2540 743 2619 portavi
765 2540 794 2600 in
816 2549 897 2601 retro
918 2543 956 2602 ad

163 2638 330 2700 cardinales
345 2657 474 2714 versum,
487 2657 523 2700 ex
535 2657 581 2711 eo,
598 2638 677 2718 quod
689 2638 718 2700 in
733 2638 789 2700 boc
800 2656 873 2699 casu
890 2641 955 2701 col-

26 2749 33 2774 ⁴
164 2739 270 2818 legium
282 2722 450 2799 Pontificem
462 2739 748 2819 repraesentatcum
755 2745 950 2819 pervenissem

165 2840 193 2898 in
208 2840 331 2919 primam
345 2840 442 2900 aulam
464 2838 622 2912 conclavis,
637 2841 666 2900 iu
684 2859 720 2902 eo
731 2850 814 2902 erant
835 2839 953 2909 circiter

165 2938 220 2998 tria
235 2938 325 2999 millia
345 2938 494 2999 bominum
509 2941 559 3017 qui
574 2957 625 3000 nos
639 2953 850 3020 praevenerant
855 2962 866 3015 3
887 2958 953 3003 narn

165 3037 412 3100 Vicecamerarius
426 3050 492 3101 ante
505 3040 656 3100 introitum
676 3050 810 3102 nostrum
829 3058 885 3103 non
900 3060 953 3103 ex·

164 3139 277 3216 pulcrat
287 3149 401 3218 gentem
412 3138 516 3201 ibidem
528 3141 802 3221 existentem‚neqne
813 3144 889 3202 viam
898 3162 953 3223 pro

165 3236 368 3299 cardinalibus
377 3250 407 3300 et
417 3241 487 3314 suis,
499 3243 637 3302 conclave
655 3242 765 3303 intrare
776 3242 953 3316 debentibus,

164 3330 350 3393 ordinaverat
372 3333 416 3393 vel
446 3334 652 3407 custodiverat,
683 3347 772 3414 prout
796 3355 831 3397 ex
858 3337 953 3399 udicio

164 3431 218 3490 sibi
232 3431 381 3492 incumbit
395 3432 530 3513 cappella
549 3445 643 3495 minen
660 3434 765 3514 major,
779 3435 807 3496 in
822 3438 953 3514 quaeel-

166 3528 244 3591 lulae
258 3541 342 3592 erant
356 3544 484 3612 paratae,
502 3546 531 3596 et
549 3534 747 3597 cardinalium
772 3538 954 3611 munitiones,

166 3640 196 3691 et
211 3649 258 3692 res
273 3632 393 3712 positae,
404 3633 500 3694 clausa
514 3646 588 3709 erat,
603 3645 659 3697 eta
677 3636 868 3696 servitoribus
878 3636 954 3699 car·

167 3730 468 3805 dinaliumettslodita,
481 3736 631 3816 quaeipsis
646 3746 745 3815 aperta
760 3735 823 3796 tait.
834 3736 953 3798 iuterim

166 3830 412 3893 Vieeeamerarius
423 3833 511 3895 Urbis
526 3853 594 3896 cum
606 3847 690 3915 gente
702 3846 730 3897 el
742 3836 884 3917 peditibus
894 3839 954 3898 anis

165 3931 272 4011 capulit
287 3931 321 3995 de
337 3934 467 3994 conclavi
487 3952 586 3996 omnes
604 3952 660 3996 non
679 3935 813 3997 babentes
831 3936 955 3998 interes·

165 4048 206 4105 se,
221 4030 386 4095 cardinales
402 4048 621 4114 praecesserunt
634 4038 671 4097 ad
688 4041 780 4100 altare
796 4034 889 4114 majus
907 4037 955 4097 di-

168 4142 232 4192 ctae
242 4132 360 4211 maioris
373 4137 530 4215 cappellae,
540 4136 618 4214 quod
636 4137 746 4199 nudum
761 4151 835 4214 erat,
844 4152 873 4202 et
883 4140 953 4203 nihil

167 4229 279 4309 penitus
305 4230 428 4312 desuper
447 4236 583 4313 positum,
598 4236 646 4296 ubi
658 4238 775 4317 absque
790 4240 847 4300 alia
866 4259 955 4301 reve·

168 4330 261 4391 rentia
281 4331 326 4390 vel
345 4331 541 4410 genttdexione
552 4336 614 4415 ipso
624 4339 709 4400 altari
722 4339 798 4400 locta
813 4337 855 4420 (et
869 4341 955 4414 male,

168 4428 252 4494 debet
266 4430 342 4493 enim
363 4430 425 4494 deri
445 4443 475 4494 et
493 4435 602 4496 cantari
622 4438 795 4513 versiculos,
809 4449 838 4500 et
861 4441 955 4502 oratio

137 4597 141 4607 ,
168 4551 219 4612 per
245 4533 373 4612 priorem
399 4533 624 4617 episcoporum)
647 4538 779 4600 iecerunt
810 4542 955 4602 circulum

209 4749 244 4809 (tl
265 4747 348 4799 lastis
371 4747 536 4799 solemnibus
552 4748 677 4800 defuncto
700 4752 818 4803 Pontifici
838 4755 957 4817 exactis,

168 4825 321 4877 Cardinalea
338 4825 371 4876 ad
388 4826 543 4877 electionem
559 4829 621 4878 novi
636 4828 765 4881 Pontiuets
782 4843 957 4883 concessuros

166 4906 321 4958 cuillelmus
338 4906 372 4957 de
389 4906 525 4969 Perreriie,
541 4906 623 4958 totius
639 4908 772 4960 Ecclesiae
788 4910 892 4960 nomiae
907 4923 956 4973 pro

171 4987 298 5036 concione
315 4986 445 5036 allocutus
460 4988 511 5044 est,
522 4998 619 5049 rogans
629 4990 659 5036 ut
669 4988 795 5051 optimum
807 4986 954 5038 Pontificem

169 5064 295 5128 flagitanti
307 5063 440 5115 Ecclesiae
451 5062 552 5125 darent,
562 5065 607 5127 qui
617 5065 717 5116 clerum
728 5066 756 5116 in
767 5071 885 5117 vetarem
898 5079 958 5117 saa·

169 5145 287 5196 ctitalam
305 5143 454 5209 rellnqsret,
469 5145 515 5208 qui
530 5146 622 5195 literas
638 5159 654 5194 a
669 5146 741 5196 clero
758 5146 898 5203 exulantes
912 5159 957 5197 re·

169 5221 298 5282 duceret,
314 5224 452 5285 pristinam
477 5222 664 5274 authoritatem
681 5223 866 5275 cardinalibus
887 5225 957 5287 apud

170 5302 279 5350 exteros
303 5300 458 5350 vindicaret.
484 5300 555 5352 llauc
578 5302 723 5353 orationem
740 5317 773 5355 ex
790 5305 839 5355 lts.
861 5305 956 5357 Codice

168 5377 241 5428 dedit
257 5378 389 5429 Msaraua
410 5380 525 5430 sacceas.
543 5383 602 5430 tom.
619 5381 636 5431 l.
653 5383 702 5433 eol.
720 5386 787 5436 1757.
804 5383 894 5434 Monoi.

1575 227 1580 237 ’
1698 287 1808 371 (rme)

1023 422 1074 503 ipsi
1088 423 1266 498 cardinales,
1277 435 1304 484 et
1320 434 1383 504 post
1398 422 1509 485 modica
1521 424 1621 498 rerba,
1636 425 1696 487 slve
1714 444 1806 506 pauca

1022 542 1074 603 per
1089 524 1363 586 Vicemncellarium
1378 522 1464 597 dicta,
1479 542 1552 604 quae
1567 538 1661 589 tamen
1677 544 1735 589 uon
1751 547 1808 588 au-

1023 623 1081 684 divi
1107 626 1152 686 vei
1174 624 1320 698 intellexi,
1341 634 1417 683 stans
1432 624 1461 684 in
1481 636 1607 694 remoto,
1627 629 1724 688 vocati
1742 641 1808 691 sunt

1022 741 1130 798 omnes,
1145 726 1194 802 qui
1210 724 1315 787 ibidem
1328 725 1357 785 in
1371 727 1451 799 aulo,
1462 728 1508 787 vel
1523 729 1600 790 cirea
1614 730 1740 809 reperiri
1753 748 1807 810 po·

1023 833 1141 885 luerunt
1162 825 1198 884 ad
1222 823 1389 898 secundam,
1408 828 1576 902 tertiumsi
1595 841 1734 908 quartam
1753 848 1808 891 eu·

1022 925 1126 986 stodias
1137 925 1270 986 conclavi
1280 923 1416 1004 deputati,
1431 927 1535 1005 quibus
1550 947 1651 990 eoram
1664 929 1807 992 cardina-

1026 1026 1112 1101 libus,
1135 1037 1164 1087 et
1183 1024 1305 1104 collegio
1322 1024 1471 1106 praedicto
1496 1029 1690 1110 congregatis,
1712 1030 1749 1091 lt.
1771 1031 1815 1091 ll.-

1023 1127 1292 1200 Vieecancellarius,
1306 1151 1308 1156 ·
1320 1137 1467 1206 tamquam
1493 1132 1577 1208 prior
1599 1129 1808 1206 Cardinalium,

1024 1230 1156 1290 recitavit
1179 1247 1228 1289 eos
1248 1226 1284 1286 ad
1306 1228 1467 1289 custodiam
1491 1231 1636 1291 conclavis
1657 1231 1808 1311 deputatos

1021 1348 1093 1403 esse,
1106 1340 1259 1410 propterca
1279 1329 1314 1391 dc
1332 1328 1453 1390 lidelitcr
1471 1330 1657 1393 eustodiendo
1670 1333 1809 1393 conclave

1024 1429 1128 1510 ipsum,
1148 1441 1177 1490 et
1199 1428 1365 1508 collegium,
1384 1438 1414 1489 ct
1436 1427 1592 1501 Palatium,
1611 1441 1639 1490 et
1661 1449 1718 1492 non
1737 1449 1809 1511 per-

1023 1529 1159 1591 mittendo
1183 1527 1383 1590 cardinalibus
1411 1530 1539 1607 aliquam
1568 1530 1668 1590 inlerrl
1696 1531 1809 1592 violeu-

1023 1631 1112 1704 tiam,
1142 1648 1176 1690 ec
1199 1630 1351 1691 canonicas
1372 1630 1530 1691 sanctiones
1557 1628 1713 1691 observare
1735 1631 1808 1692 vella

1022 1750 1109 1812 super
1128 1730 1184 1792 boc
1200 1729 1386 1810 disputantes,
1396 1728 1500 1807 jurare
1515 1739 1661 1811 oportere,
1677 1729 1734 1791 Sic
1753 1748 1809 1793 nos

1024 1834 1108 1896 Deus
1126 1833 1266 1916 adjuvet,
1287 1841 1318 1892 et
1340 1841 1450 1893 concta
1471 1830 1533 1892 Dei
1555 1830 1735 1911 Ecosqclio
1746 1852 1760 1902 ,-
1781 1842 1809 1892 et

1023 1946 1140 2015 recepto
1153 1953 1205 2014 per
1217 1917 1349 1994 eumdem
1360 1932 1636 1995 Vicemnceilarium
1651 1934 1809 2007 breviario,

1021 2044 1204 2096 accemerunt
1223 2044 1288 2095 aute
1304 2050 1371 2093 euru
1385 2032 1491 2112 singuli
1511 2035 1657 2108 custodes,
1669 2047 1701 2096 ut
1718 2052 1807 2115 supra

1022 2135 1148 2215 deputati
1175 2133 1278 2196 ibidem
1298 2146 1473 2215 praesentes,
1492 2146 1521 2196 et
1541 2133 1705 2215 genuflexi,
1725 2136 1810 2196 tactis

1021 2235 1174 2316 seripturis
1193 2232 1319 2296 eiusdem
1343 2233 1479 2295 breviarii
1495 2233 1636 2297 ambabus
1656 2236 1809 2310 manibus,

1022 2336 1179 2416 praemissa
1197 2355 1227 2397 se
1245 2335 1452 2397 observaturos
1469 2332 1656 2413 juraverunt
1675 2337 1752 2398 Turn
1772 2339 1809 2398 ad

1022 2455 1075 2496 sua
1093 2437 1155 2496 loca
1175 2435 1325 2497 redierunt
1338 2438 1455 2516 singuli,
1471 2449 1500 2496 et
1517 2436 1582 2498 ltlt.
1594 2436 1656 2498 llll.
1668 2436 1813 2498 Cardina-

1023 2537 1063 2598 les
1077 2537 1114 2596 ad
1128 2553 1195 2596 suas
1207 2554 1339 2599 cameras
1352 2557 1382 2600 se
1402 2550 1583 2618 receperunt.
1601 2537 1709 2601 Deinde
1723 2537 1761 2600 lt.
1772 2535 1809 2598 l).

1022 2636 1229 2704 camerarius,
1254 2650 1373 2718 accepto
1398 2639 1566 2709 interlicio,
1587 2638 1668 2698 nobis
1696 2639 1811 2699 clericis

1022 2740 1253 2801 ceremoniarum
1273 2739 1365 2817 ipsum
1385 2738 1604 2811 comitantibus,
1622 2750 1717 2799 toturn
1737 2755 1812 2798 con·

1023 2842 1105 2902 clare
1117 2839 1222 2900 circuit
1234 2840 1323 2901 etiam
1336 2858 1389 2918 per
1405 2842 1550 2899 caminum
1564 2839 1705 2901 secundae
1714 2840 1811 2912 aulae,

1022 2951 1051 3002 et
1076 2942 1105 3001 in
1129 2939 1241 3001 duobus
1261 2941 1333 3001 loeis
1357 2959 1413 3020 pro
1442 2942 1607 3001 nmasaariis
1624 2939 1757 3012 dimissis,
1776 2956 1813 3001 ne

1023 3041 1087 3119 quis
1112 3038 1217 3101 ibidem
1239 3050 1312 3101 esset
1329 3040 1511 3102 absconditus
1530 3041 1581 3119 qui
1602 3040 1733 3102 conclavi
1754 3056 1812 3099 nou

1023 3141 1139 3203 deberet
1159 3142 1306 3213 interesse,
1325 3153 1364 3213 et,
1385 3141 1496 3202 nemine
1510 3151 1637 3220 reperto,
1652 3142 1750 3201 clauso
1768 3150 1813 3201 cst

1022 3244 1166 3304 conclavis
1177 3254 1261 3323 porta
1272 3242 1383 3304 duabus
1393 3243 1549 3304 serraturis
1560 3253 1676 3323 praeter
1685 3241 1813 3321 sportel-

1023 3346 1096 3419 lum,
1112 3363 1240 3424 quarum
1250 3342 1404 3405 ambarum
1422 3343 1626 3403 clausurarum
1641 3343 1738 3403 claves
1756 3358 1814 3401 cu·

1022 3448 1114 3510 stodes
1125 3446 1162 3506 ab
1171 3456 1252 3507 extra
1262 3445 1333 3505 mibi
1343 3445 1571 3524 assignaverunt.
1587 3442 1718 3503 Habebat
1728 3452 1813 3520 porta

1021 3548 1082 3630 ipsa
1108 3549 1187 3609 cirea
1215 3547 1342 3627 medium
1371 3547 1542 3626 sportellum
1562 3543 1643 3622 quasi
1664 3541 1813 3619 quadrum

1022 3647 1149 3710 duorum
1175 3649 1359 3727 palmorum,
1380 3647 1425 3706 vel
1444 3646 1522 3706 eirca
1545 3662 1600 3723 pro
1618 3640 1814 3703 ministrandis

1022 3750 1140 3812 cibariis
1154 3760 1184 3809 et
1196 3747 1260 3808 aliis
1276 3745 1452 3819 necessariis,
1467 3744 1545 3822 quod
1565 3744 1678 3804 duabus
1693 3744 1814 3804 clausu·

1023 3853 1063 3912 ris
1081 3849 1263 3921 serrabatur,
1277 3864 1335 3907 una
1354 3846 1390 3907 ab
1405 3858 1499 3918 extra,
1516 3842 1602 3924 eujus
1622 3827 1736 3906 clavem
1756 3855 1814 3905 eu·
1843 3911 1844 3915 Ἰ

1022 3951 1116 4015 stodes
1135 3949 1276 4032 praedicti
1290 3949 1466 4021 servabant3
1483 3948 1540 4007 alia
1558 3945 1594 4006 ab
1610 3946 1703 4019 intua,
1727 3941 1815 4021 eujus

1023 4056 1135 4116 clavem
1146 4070 1201 4132 ego
1219 4050 1335 4113 retinui.
1349 4048 1416 4120 Quo
1428 4050 1505 4111 iacto
1520 4057 1660 4109 venerunt
1674 4057 1815 4108 cornutus

1023 4153 1221 4217 cardinalium
1239 4163 1320 4214 extra
1343 4150 1380 4211 ad
1403 4149 1577 4231 sportellam
1603 4166 1671 4210 cum
1696 4147 1814 4209 cibariis

1023 4274 1138 4329 eorum,
1163 4274 1236 4334 quae
1258 4273 1310 4316 nos
1328 4253 1432 4314 ibidem
1453 4252 1626 4332 accepimus,
1644 4261 1673 4312 et
1693 4249 1815 4329 singulis

1023 4356 1219 4420 Cardinalium
1230 4353 1419 4419 servitoribus
1434 4353 1659 4415 ministravimus
1676 4370 1712 4414 eo
1729 4351 1813 4413 ordi·

1024 4477 1070 4531 ne,
1087 4477 1173 4538 quem
1189 4457 1264 4521 inira
1284 4456 1434 4528 dicemusc
1457 4466 1487 4516 et
1504 4456 1638 4517 lecerunt
1657 4452 1813 4534 prandium

1024 4560 1090 4620 llll.
1114 4559 1176 4620 tlt).
1195 4557 1361 4621 cardinales
1370 4577 1381 4627 3
1403 4554 1502 4617 deinde
1526 4559 1681 4620 servitores
1695 4555 1764 4627 sui,
1785 4566 1814 4615 et

1025 4682 1077 4726 nos
1098 4680 1167 4724 cum
1183 4659 1258 4740 ipsis.
1271 4657 1364 4718 Erant
1378 4655 1454 4718 enim
1468 4658 1499 4718 in
1517 4658 1648 4720 conclavi
1662 4655 1727 4716 ltlt.
1749 4654 1812 4715 lit).

1024 4761 1190 4826 Cardinalas
1206 4776 1273 4820 xxv
1289 4775 1417 4836 quoram
1433 4758 1552 4836 quilibet
1567 4757 1639 4818 duos
1658 4758 1815 4817 servitores

1026 4862 1171 4932 babebat,
1198 4859 1319 4938 exeeptis
1348 4856 1550 4920 Mediolanensi
1575 4868 1604 4919 et
1634 4855 1814 4919 carondmsi

1024 4960 1227 5026 cardinalibus
1247 4956 1379 5033 infirmis,
1393 4975 1520 5036 quorum
1539 4958 1661 5036 quisque
1676 4967 1736 5019 tres
1757 4955 1815 5015 ba·

1026 5062 1119 5125 bebat.
1137 5061 1222 5125 Ultra
1239 5078 1312 5139 quos
1332 5058 1523 5120 interfuerant
1543 5057 1630 5118 abbas
1644 5057 1734 5118 sanati
1755 5055 1814 5116 Sa·

1027 5164 1157 5235 bestiarii,
1167 5161 1306 5233 Sacrista,
1319 5177 1387 5220 cum
1409 5174 1468 5217 uno
1484 5156 1604 5230 famulo,
1622 5157 1700 5236 quod
1718 5168 1814 5217 tarum

1027 5264 1083 5325 luit
1095 5274 1210 5344 praeter
1228 5261 1356 5331 solitum,
1369 5269 1399 5320 et
1416 5256 1559 5318 debiturn:
1574 5260 1641 5336 quia
1662 5259 1740 5318 solus
1761 5256 1815 5319 de·

1028 5366 1110 5427 bebai
1126 5366 1280 5432 interesse3
1297 5360 1407 5438 aceepit
1421 5368 1517 5420 atttem
1532 5356 1627 5431 illum,
1641 5370 1674 5420 ul
1689 5357 1742 5418 sibi
1758 5356 1813 5416 da·
