3764 6036
28 271 141 357 (rico)

29 413 112 487 storii
145 412 224 482 venit
245 409 282 470 ad
299 409 447 470 Palatium
468 421 502 470 ut
524 410 579 473 88.
608 409 643 469 Ι).
674 408 708 469 Ν.
734 410 818 472 inre·

29 513 112 573 niret.
175 549 178 556 ·

69 610 183 672 Eodem
204 627 271 670 sero
291 605 387 686 (teria
408 608 533 684 quinta,
556 610 694 689 vigesima
714 620 820 686 quarta

29 710 134 770 mensis
155 706 341 788 decembris)
362 718 427 787 post
449 710 679 786 vesperas,ensis
705 710 735 769 in
755 727 820 768 ma-

28 811 130 869 tutinis
152 806 240 885 hujus
261 809 354 867 noctis
382 826 482 867 cotum
505 807 561 867 88.
591 809 628 867 D.
648 808 683 868 N.
705 809 819 889 portori

29 911 145 981 solitus,
163 918 275 970 secreto
297 908 399 968 missus
423 908 478 968 luit
495 908 532 967 ad
550 892 696 969 cameram
715 909 818 968 Sacri-

29 1020 101 1082 stae,
117 1009 240 1079 etmihi,
255 1027 307 1086 per
325 1007 482 1067 Dominum
502 1009 713 1084 Beroardinum
728 1009 819 1070 Gam-

30 1110 111 1170 berio
122 1110 269 1170 secretum
292 1107 516 1183 cubicularium,
531 1109 717 1182 dictum,SS.
733 1110 767 1168 U.
785 1108 819 1169 tl.

32 1227 89 1270 non
113 1219 269 1293 venturum
292 1207 345 1266 bac
376 1218 460 1276 noete
478 1208 514 1267 ad
536 1210 726 1281 matutinum3
743 1209 820 1286 quod

30 1321 128 1370 tamen
146 1307 219 1368 mihi
239 1318 382 1369 secretum
398 1308 522 1370 retinere
542 1309 685 1370 deberem:
698 1309 823 1369 remansi

28 1410 131 1470 eadem
158 1416 243 1469 nocte
272 1408 299 1466 in
330 1409 437 1487 palatio
462 1410 619 1488 apostolico
648 1410 676 1468 in
707 1428 821 1470 camera

28 1505 114 1585 juxta
140 1509 232 1569 scalas
253 1526 286 1568 ex
309 1513 612 1588 camera-paromenti
640 1509 676 1570 ad
704 1510 821 1571 bortum

29 1620 177 1670 secretum
199 1607 386 1680 descendens,
400 1609 487 1670 solus.

75 1709 147 1769 Heri
165 1706 228 1789 (die
239 1711 332 1787 prima
348 1710 452 1768 mensis
469 1707 600 1784 januarii
615 1708 753 1791 )suerunt
770 1729 823 1771 re·

494 268 777 338 continuatus
798 271 1022 371 INNOCENTH
1043 268 1196 334 ocrivi.
1614 278 1675 338 tat

890 409 996 470 utitatis
1008 407 1086 469 Suae
1098 408 1201 488 collegi
1218 425 1319 471 versus
1332 411 1534 492 infrascriptos
1557 424 1586 474 et
1606 432 1676 476 ora·

886 509 987 580 tiones,
995 510 1056 585 qui,
1069 519 1098 569 et
1114 526 1187 586 quoe
1204 509 1274 570 huie
1287 510 1356 569 mibi
1371 513 1524 573 convenire
1540 513 1678 575 videbun-

887 619 947 679 tur,
963 617 993 669 et
1013 612 1182 669 ostensimns
1193 627 1252 682 eos,
1263 622 1291 671 et
1302 629 1350 671 eas
1368 610 1521 672 Sanctitati
1542 612 1630 688 Suae,
1645 625 1677 674 nt

876 707 1007 785 eligeret
1024 726 1059 768 ex
1078 709 1119 768 eis
1145 727 1217 786 quos
1238 720 1266 771 et
1290 728 1363 786 quos
1383 722 1438 771 ete.

928 807 1036 868 Eodem
1052 808 1096 869 die
1111 809 1205 886 prima
1220 806 1348 885 januarii
1366 811 1420 871 seui
1436 810 1588 889 prandium
1606 829 1674 871 cum

889 907 1084 970 cubiculariis·
1096 909 1225 981 secretis,
1248 917 1285 970 et'
1299 921 1418 989 peraeto
1436 912 1556 991 prandio
1574 910 1678 971 ostensi

888 1024 989 1068 versus
1014 1008 1178 1087 praedictos
1197 1027 1264 1068 cum
1289 1012 1466 1071 orationibus
1488 1011 1543 1072 88.
1571 1011 1607 1071 U.
1628 1009 1679 1085 ll,

888 1107 938 1184 qui
965 1126 999 1167 ex
1027 1106 1157 1168 versibus
1187 1109 1422 1187 elegitprimum
1444 1113 1501 1173 ubi
1520 1123 1678 1193 mapuael
1770 1177 1782 1190 ,

888 1206 1053 1267 mirabilia
1074 1217 1140 1278 etc,
1160 1207 1459 1281 tertiumdecimum,
1478 1209 1675 1283 undecimum,

888 1305 1196 1384 decimumquartum,
1213 1316 1242 1367 et
1263 1305 1600 1383 commemorationem,
1620 1311 1677 1380 ubi

888 1407 1082 1486 omnipotens
1094 1416 1240 1466 aeternae
1254 1405 1339 1468 Deus
1355 1417 1464 1470 inania
1475 1429 1541 1469 mea
1552 1419 1620 1481 etc,
1632 1408 1679 1468 di·

888 1506 970 1568 ceod.
994 1516 1027 1566 ut
1046 1523 1157 1584 supra3
1179 1516 1208 1565 et
1229 1506 1298 1581 quia
1318 1506 1457 1568 Dominus
1471 1508 1678 1581 bernardinus,

889 1607 1039 1685 episcopus
1059 1604 1193 1664 Pacensis
1211 1605 1299 1684 Regis
1316 1597 1469 1685 Hispaniae
1483 1604 1595 1668 Orator
1609 1605 1678 1688 (i),

890 1704 1006 1765 diissam
1026 1703 1102 1763 dieta
1123 1703 1173 1762 die.
1187 1704 1404 1778 celebraturus,
1422 1705 1580 1767 notificavit
1606 1706 1676 1766 mibi

32 1808 424 1889 speraesolemnesineadem
432 1811 653 1891 cappella‚Papn
665 1822 823 1891 praesente,
854 1799 859 1895 Ι
891 1804 947 1865 SS·
964 1805 1000 1864 D·
1013 1803 1046 1864 N·
1060 1805 1229 1865 concessisse
1254 1806 1331 1882 quod
1352 1806 1381 1865 in
1395 1805 1469 1866 dictu
1480 1806 1576 1877 Misso,
1590 1822 1678 1883 qusnt

32 1921 64 1971 et
84 1911 205 1971 offitium
217 1912 318 1989 agente
333 1929 414 1970 more
431 1923 568 1972 consueto
582 1933 592 1986 3
615 1912 718 1989 quibus
739 1910 824 1971 linitis

33 2010 93 2070 88.
115 2008 205 2079 nil.
226 2009 296 2069 dixit
323 2011 395 2069 mibi
418 2010 496 2088 quod
517 2012 666 2072 Dominicis
695 2013 823 2091 proximo

34 2110 132 2171 iturus
152 2119 225 2170 esset
246 2108 359 2189 publice
378 2110 414 2169 ad
434 2112 583 2172 ecclesiam
600 2113 703 2172 beatae
716 2112 825 2173 Mariae

34 2211 72 2272 de
90 2211 211 2290 Populo*
221 2210 258 2269 od
272 2210 388 2270 Missam
403 2212 558 2273 solemnem
571 2213 598 2270 in
615 2212 754 2273 bonorem
772 2211 824 2271 Uei

34 2330 92 2390 pro
114 2310 262 2389 triumpho
288 2329 340 2389 per
373 2310 500 2371 Serenis.
532 2312 640 2392 Regem
673 2313 826 2391 Hispaniae

35 2412 138 2473 habito
160 2421 263 2473 eontra
274 2411 382 2489 Regem
402 2410 545 2472 Granotae
552 2433 562 2485 ;
585 2424 736 2492 propterea
755 2430 828 2491 pro·

37 2512 168 2572 viderem
183 2528 257 2587 quoe
275 2511 384 2590 agendo
396 2524 585 2584 essene-nam
602 2513 629 2573 in
645 2524 727 2574 mane
743 2512 827 2573 Nati·

38 2613 138 2672 vitatis
172 2611 287 2671 Domini
318 2610 414 2673 Nostri
449 2612 517 2677 lesu
549 2613 656 2674 Christi
688 2612 828 2676 Oratores

36 2710 124 2791 Regii
138 2709 277 2789 praedicti
298 2713 475 2772 nunciarunt
488 2712 577 2774 eidem
600 2713 656 2773 88.
667 2714 702 2772 D.
717 2698 829 2774 n'tte·

36 2829 106 2889 gem
117 2810 249 2882 eumdem
259 2810 464 2890 Hispaiiiornm
475 2813 547 2871 duas
558 2810 689 2873 civitates
698 2831 825 2892 magnas,

38 2923 68 2971 et
95 2910 154 2970 dno
178 2910 283 2990 oppida
295 2953 304 2983 ,
336 2922 461 2972 cessante
486 2914 608 2973 alterius
639 2914 727 2993 Regis
749 2913 828 2974 Gro-

41 3022 125 3073 natoe
136 3011 251 3083 unione,
260 3010 472 3082 obtinuisse,die
483 3024 586 3088 quarta
600 3015 702 3073 mensis
714 3013 828 3074 deceni·

38 3110 102 3171 bris
113 3112 273 3189 praeteriti,
287 3110 655 3191 videlicet...Bascapolena,
666 3114 830 3174 lasTarer·

40 3229 92 3271 nas
112 3224 142 3273 et
161 3209 258 3286 Teroij
278 3210 334 3294 (d).
357 3213 449 3290 lgitur
464 3232 519 3292 pro
539 3215 730 3275 satisfactione
752 3215 829 3274 San·

575 3357 790 3366 *mma-›a-
797 3357 826 3364 ..-

83 3447 120 3500 (t)
144 3443 253 3494 Nomina
276 3442 317 3491 bic
333 3455 367 3492 ex
384 3443 485 3505 integro
497 3418 658 3506 deturpata,
684 3391 772 3494 nescio
797 3455 830 3492 on

41 3520 149 3573 restitui
166 3522 269 3583 possint
285 3524 444 3584 scriptorum
461 3535 549 3573 rerum
564 3524 772 3586 Hispanicarum.
783 3536 831 3572 au·

41 3605 113 3653 xiiio.
124 3601 194 3651 Haec
207 3605 346 3651 blentina:
361 3623 370 3644 s
385 3603 500 3666 {tepente
518 3603 648 3663 Hacenus,
658 3606 830 3666 cognomento

42 3682 139 3738 Senex,
157 3679 230 3728 urbis
246 3679 363 3740 (caprae
380 3693 412 3728 raa
428 3682 509 3742 copiis
530 3683 682 3733 Ferrliaaudi
697 3682 767 3744 Rapis
789 3682 832 3730 ob·

43 3768 146 3816 sessos)
170 3758 339 3818 Praeiectus‚
364 3759 397 3807 ad
418 3773 495 3822 quem
517 3761 604 3811 bellici
629 3765 706 3812 etiam
729 3763 831 3823 imperii

43 3851 147 3888 summa
170 3837 296 3893 redibat,
313 3839 443 3901 colloquio
459 3840 543 3890 llexus
560 3841 674 3891 Galerrit
697 3840 831 3890 Cardenus

44 3914 213 3977 Promagistri
231 3915 410 3979 legionensis,
427 3931 486 3967 cum
503 3919 547 3968 diu
565 3924 713 3971 sustentare
730 3923 831 3982 potuis·

44 4001 103 4056 sel,
123 4009 152 4045 re
170 4007 229 4044 cum
247 4008 295 4044 suo
312 3999 399 4058 Rege,
415 3998 459 4059 qui
483 3998 596 4049 Guidixii
622 4003 695 4058 erat,
717 4000 833 4049 comuni·

44 4078 120 4131 cata,
139 4072 298 4122 deditionem
317 4074 402 4122 iacere
423 4075 568 4125 constituit.
592 4065 640 4127 iles
658 4076 831 4138 comparanda

43 4152 173 4201 miraculo
191 4153 245 4199 risa
263 4153 360 4200 nostris
377 4157 427 4202 est.
444 4154 642 4219 Condiliooibus
654 4155 738 4216 pridie
752 4168 831 4204 nonas

43 4229 201 4280 Decembris
218 4234 383 4292 nuncupatis,
399 4233 452 4282 Rex
470 4230 617 4295 Reginequ'e
634 4234 758 4294 triumphi
775 4246 834 4294 per·

45 4309 122 4358 simili
146 4320 242 4370 pompa
264 4310 289 4356 in
312 4307 405 4359 Urbem
428 4311 470 4361 die
494 4313 614 4377 proximo
644 4313 739 4360 invecti
763 4316 831 4360 sunt.

42 4388 152 4437 Ueditae
172 4386 246 4435 Urbis
267 4401 338 4445 cura,
356 4389 478 4440 Carsolae
497 4393 628 4450 antelato,
650 4391 745 4453 Diegbo
762 4391 833 4439 blen-

44 4467 140 4523 dozae‚
156 4466 301 4515 Cardinnlis
317 4470 454 4530 Hispaniae
473 4470 546 4521 tratri
564 4469 713 4519 concredita
732 4473 779 4516 cst.
797 4467 832 4516 Ea

45 4545 187 4596 tormidine
205 4546 284 4594 mulla
301 4547 399 4595 circum
417 4548 514 4610 oppida
531 4550 600 4598 ultro
613 4542 709 4603 dedita,
718 4544 833 4602 obsides,

45 4625 230 4682 trumentum,
246 4629 272 4673 et
289 4626 337 4678 alie
355 4639 422 4688 quae
439 4630 497 4678 usui
520 4628 625 4686 tarent,
643 4626 736 4675 offatim
756 4637 835 4686 proe-

45 4702 168 4753 buerunt.
187 4703 315 4763 Taberna,
331 4705 422 4764 Seron,
438 4707 508 4768 quod
526 4709 620 4755 mirere
638 4706 758 4767 amplius,
772 4703 834 4751 Gul-

47 4782 158 4839 dixium,
178 4782 352 4844 bimarisque,
363 4798 429 4846 quac
447 4786 594 4834 diuturnam
613 4783 775 4833 obsidionem
794 4784 835 4828 to·

48 4861 135 4911 lerare
164 4862 332 4923 potuissent,
358 4874 390 4911 ne
413 4866 511 4912 tentata
537 4864 641 4924 quidem
664 4861 835 4916 defensione,

51 4941 105 5001 ipso
122 4941 233 4989 Seniore
249 4939 316 5002 Rege
333 4940 465 4998 dedente,
482 4946 585 5003 captaev
596 4944 665 4991 sunt.
686 4940 726 4990 Ad
750 4939 836 4988 Alme·

53 5019 113 5066 riom
135 5012 397 5080 Regem'barbarum
415 5022 440 5069 in
457 5026 544 5070 cestra
569 5022 729 5073 venientem,
745 5016 837 5067 Perdi·

56 5095 151 5145 naudus
170 5098 224 5145 Rex
242 5095 335 5146 obvius
351 5097 462 5160 benigne
480 5100 596 5159 accepit,
614 5100 731 5157 paralum
752 5096 835 5154 impc-

56 5178 108 5222 rata
126 5175 233 5231 lacere,
249 5187 327 5235 seque
346 5180 372 5225 et
389 5190 435 5226 sua
453 5177 561 5225 victoris
582 5175 708 5222 voluntati
725 5175 835 5233 permit·

58 5253 116 5302 lero.
131 5255 278 5304 Accessere
295 5259 434 5315 praeterea
451 5257 476 5305 in
491 5256 619 5304 victoriae
646 5254 745 5314 partem
768 5250 835 5298 duee

61 5341 127 5384 sices
136 5334 335 5397 munitissimae,
343 5336 407 5387 locis
419 5338 487 5385 inter
498 5347 527 5385 se
539 5334 703 5394 coniunctae,
716 5334 835 5390 marique

891 1904 1049 1972 deoctura
1082 1904 1181 1964 Sancti
1207 1905 1344 1965 iohannis
1368 1904 1569 1985 Evangelistae
1601 1907 1680 1966 cele·
1750 1939 1753 1943 «

892 2005 974 2066 brari
1011 2005 1115 2066 debere
1146 2005 1278 2065 ordinari
1308 2023 1375 2066 cum
1407 2006 1678 2070 commemoratione

892 2105 1047 2166 innocentii
1069 2102 1186 2179 Ueteri,
1200 2115 1229 2166 et
1244 2106 1372 2166 oratione
1388 2106 1472 2168 Deus
1490 2107 1548 2187 qui
1563 2104 1678 2167 salutis

893 2216 1049 2277 aeteruue,
1069 2214 1157 2285 prout
1177 2205 1206 2263 in
1223 2201 1392 2276 Ordinatio,
1415 2205 1561 2267 diceretur
1576 2215 1681 2282 quarta

893 2305 987 2364 oratio
1008 2322 1063 2383 pro
1085 2307 1145 2382 ipso
1176 2303 1334 2376 Pontificc,
1356 2306 1504 2382 et'quinta
1525 2324 1580 2385 pro
1601 2304 1681 2383 Rege

893 2416 924 2465 et
944 2404 1053 2485 Regina
1074 2392 1240 2483 Hispaniae,¹
1256 2405 1312 2464 dixi
1327 2405 1383 2465 88.
1402 2406 1437 2466 U.
1457 2404 1492 2466 N.
1508 2408 1537 2466 in
1552 2406 1680 2485 cappella
1724 2456 1727 2463 .

894 2504 1093 2566 inconsuetum
1126 2505 1242 2565 omnino
1272 2524 1354 2578 esse,
1375 2517 1404 2568 et
1430 2518 1545 2586 praeter
1575 2505 1681 2565 bonam

895 2608 1036 2667 rationem
1047 2649 1057 2679 ,
1079 2624 1134 2684 pro
1157 2623 1340 2685 quocumque
1361 2608 1463 2687 Rege,
1484 2609 1570 2669 etiam
1589 2608 1684 2686 impe-

896 2719 1005 2781 ratore,
1024 2718 1076 2775 aul
1094 2714 1282 2785 truncumque
1302 2708 1358 2768 alio
1377 2716 1429 2788 per
1444 2708 1597 2787 specialem
1610 2723 1683 2766 ora·
1739 2706 1741 2710 ’

896 2811 1002 2871 tionem
1027 2810 1200 2889 deprecari,
1227 2809 1344 2888 dempto
1364 2808 1458 2869 officio
1484 2808 1539 2869 diei
1564 2806 1683 2869 Veneris

897 2910 994 2971 Sancti
1007 2932 1016 2984 3
1034 2921 1185 2989 propterea
1201 2909 1407 2973 inconveniens
1422 2928 1493 2981 esse,
1507 2907 1585 2986 quod
1596 2925 1685 2987 prae.-

896 3011 971 3074 (Ucia
1005 3010 1101 3070 oratio
1132 3029 1185 3089 pro
1220 3011 1427 3089 Hispaniarum
1454 3008 1534 3087 Rege
1560 3007 1684 3067 dicatur.

897 3110 1053 3189 Respondit
1072 3111 1214 3170 Snncdms
1233 3110 1293 3170 Suo
1315 3110 1390 3170 idem
1410 3108 1464 3168 sibi
1477 3107 1614 3178 rideri,et
1628 3123 1684 3165 non

898 3215 1067 3273 concessisse
1090 3210 1167 3288 quod
1191 3210 1318 3283 dicatur,
1340 3209 1389 3271 sed
1412 3207 1531 3269 Oratori
1562 3207 1685 3268 commi·

899 3354 1035 3364 -ι
1592 3349 1683 3359 ——QO

898 3440 1083 3495 imminentes,
1100 3437 1273 3494 Almunoear,
1289 3436 1334 3484 ubi
1358 3436 1429 3498 Regii
1450 3436 1598 3485 Maurorum
1627 3433 1687 3482 lbe-

900 3519 969 3567 sauri
985 3518 1123 3578 cultusque
1140 3528 1201 3566 esse
1218 3520 1403 3575 consueverat,
1414 3520 1441 3565 et
1456 3513 1608 3570 Salobrena,
1618 3524 1686 3574 quse

899 3597 1035 3647 veteribus
1057 3594 1205 3645 Selambina
1229 3597 1255 3643 ln
1278 3596 1389 3644 Uestalis
1406 3595 1439 3644 ad
1462 3606 1534 3643 mare
1558 3592 1684 3642 ibericum

899 3675 961 3734 luit,
979 3677 1043 3724 locis
1061 3674 1163 3733 arduis,
1180 3687 1211 3722 ea
1235 3673 1397 3732 munitione,
1415 3678 1442 3723 ut
1467 3685 1556 3734 regum
1574 3670 1632 3718 liliis
1660 3674 1686 3717 ct

898 3755 1025 3805 tratribus
1049 3752 1248 3811 custodiendis,
1266 3755 1381 3802 carceris
1399 3755 1482 3801 instar
1502 3753 1581 3799 esset.
1601 3770 1611 3791 ι
1630 3750 1686 3796 ΜΑ-

899 3846 992 3894 stant,
1009 3835 1043 3884 Do
1057 3834 1131 3883 rebus
1146 3826 1290 3895 Hispaniae]
1308 3833 1348 3882 lib.
1365 3832 1436 3882 XXV.
1446 3842 1501 3892 cap.
1512 3829 1573 3878 Xlll.
1589 3827 1688 3889 pleb,

900 3915 925 3964 in
942 3913 1080 3976 Hispaniae
1094 3912 1252 3971 illustratae,
1268 3924 1312 3960 seu
1328 3912 1429 3973 Urbium
1444 3920 1581 3968 rerumque
1597 3906 1690 3966 Hispa·

898 3995 1023 4041 uicorum.
1042 3991 1251 4049 Academiarum,
1268 3989 1488 4046 bibliothecarum,
1506 3987 1635 4036 clarorum
1652 3985 1692 4032 de-

899 4071 972 4130 nique
988 4070 1014 4117 t'rt
1031 4067 1100 4117 omiti
1116 4067 1309 4128 disciplinarum
1326 4077 1414 4129 praere
1430 4065 1585 4125 scriptorum
1594 4061 1689 4111 Aucto·

899 4159 939 4198 res
955 4148 1022 4196 uarii
1037 4145 1217 4207 chronolopici,
1235 4144 1357 4201 historici,
1374 4145 1469 4204 parlim
1486 4142 1544 4190 editi
1559 4151 1627 4188 nuuc
1637 4139 1692 4200 prl-

900 4239 993 4285 mum,
1014 4225 1110 4286 partim
1133 4224 1278 4282 auctiores,
1294 4214 1456 4281 melioresque
1479 4218 1540 4282 lacti
1561 4218 1645 4267 studio
1669 4219 1691 4266 el

901 4319 974 4367 opero
1000 4310 1131 4353 nannete
1152 4307 1279 4351 Scnorri.
1301 4299 1462 4362 Francoforti
1490 4299 1557 4350 1608.
1574 4299 1633 4345 tom.
1653 4292 1692 4343 W.

900 4386 967 4444 part.
979 4384 1024 4429 uli.
1040 4409 1066 4418 -
1082 4380 1160 4428 Paulo
1178 4385 1253 4428 aulea
1266 4384 1355 4428 auctor
1372 4377 1523 4427 asserebat:
1537 4396 1547 4416 ·
1562 4372 1690 4422 Almeriae

901 4462 972 4512 locus
990 4461 1112 4508 finitimae
1130 4458 1210 4514 adila,
1224 4458 1333 4509 Taberna
1349 4471 1396 4505 arx
1415 4459 1465 4505 situ
1483 4449 1692 4514 inexpugnabilis

900 4538 1065 4601 prohibebat.
1096 4559 1106 4579 ·
1134 4537 1217 4585 Locus
1240 4536 1380 4586 Burcbardi
1399 4532 1613 4596 corruptissimus
1641 4529 1690 4576 bac

902 4619 1052 4667 narratione
1077 4615 1271 4672 restituendus,
1288 4628 1346 4664 crim
1365 4614 1478 4663 dubitari
1495 4623 1546 4660 nan
1564 4607 1647 4671 possit
1658 4618 1690 4654 ex

902 4696 961 4746 dala
979 4697 1076 4749 mensis
1093 4697 1119 4742 et
1137 4692 1209 4750 anni,
1227 4697 1253 4742 et
1271 4706 1304 4742 ex
1322 4694 1391 4741 clara
1408 4690 1589 4741 enunciationc
1601 4685 1694 4735 civila-

903 4778 935 4825 lis
953 4775 1104 4829 Tavernoe,
1120 4772 1152 4821 de
1169 4785 1220 4819 una
1238 4771 1382 4831 eademque
1400 4782 1428 4817 ro
1450 4767 1598 4827 Scriptores
1622 4761 1691 4822 loqui

903 4855 1027 4902 voluisse.
1045 4850 1131 4900 Facile
1155 4850 1232 4911 igitur
1248 4847 1414 4897 burchardus
1437 4845 1555 4906 scripsit:
1573 4861 1584 4885 ι
1603 4841 1690 4890 Alme·

904 4934 986 4989 riom,
1003 4929 1178 4985 Salobrenam,
1197 4926 1344 4976 Tabernam
1362 4930 1389 4974 et
1404 4924 1495 4973 Seron.
1515 4941 1525 4962 ·

944 5014 979 5071 (2)
995 5009 1169 5059 bernardinus
1186 5006 1354 5055 Garvaiallus.
1373 5007 1514 5069 blasiani,
1526 5000 1561 5049 De
1581 4997 1631 5046 rab.
1648 4994 1694 5045 tti-

903 5104 975 5153 spaa.
992 5090 1030 5136 tib.
1048 5086 1116 5137 XXV.
1130 5098 1189 5146 cap.
1204 5084 1253 5133 ΧΠ.
1268 5083 1434 5132 burchardus
1452 5083 1519 5130 liunc
1538 5079 1693 5130 Oratorem,

903 5182 963 5231 pap.
976 5171 1029 5218 ibt.
1042 5167 1088 5215 col.
1105 5166 1136 5227 ll,
1154 5163 1293 5227 appellavit
1312 5160 1436 5210 Uoroard.
1458 5159 1490 5208 de
1506 5156 1638 5218 Solabpm.
1654 5151 1692 5200 lix

905 5249 1018 5297 Uariana
1040 5247 1117 5307 igitur
1140 5242 1321 5305 corrigendum
1347 5242 1373 5289 in
1397 5237 1557 5290 Uoroeioliua
1571 5270 1578 5294 ,
1594 5233 1635 5283 vel
1658 5231 1689 5280 de

906 5323 1033 5386 Corvajul.
