3758 6030
25 235 146 321 (ttae)
511 236 797 308 courtmatrut
818 241 1044 309 tnuxtnnttt
1064 236 1190 305 satri.
1608 243 1674 309 Μ

27 375 130 456 pluras
158 374 322 446 llanretos,
350 376 502 439 mantellos
517 395 586 440 suos
611 378 741 442 diversos
758 392 824 442 ante
889 358 1071 440 incesseram
1100 376 1130 438 io
1163 393 1218 438 ano
1242 373 1344 440 babitu
1376 377 1543 455 quotidiana
1569 380 1677 460 nigro,

29 495 61 539 aa
78 476 159 554 equis
177 476 308 538 ferentes
889 480 971 540 ardre
993 476 1079 540 solita
1098 520 1107 550 ,
1128 484 1278 554 mortemer
1299 493 1348 539 tert
1368 475 1397 539 ia
1419 477 1518 540 babitu
1539 480 1674 557 tunam,

70 576 344 655 ratisponam.
360 577 823 650 martii,lestnm8.'l'bomaede
890 577 939 638 alii
960 586 1027 662 aeto
1049 575 1184 639 simili-ia
1206 574 1309 637 habitu
1332 594 1389 640 ano
1403 579 1570 656 quotidiano
1591 581 1678 661 nigra

30 678 161 755 Aquino,
179 677 251 739 lies.
279 680 309 739 ia
327 675 445 741 christo
462 677 497 738 P.
517 677 552 740 D.
570 678 657 743 Titus
674 680 823 760 episeopus
888 673 972 739 mora
987 694 990 699 ’
1004 677 1088 740 solito
1120 672 1292 753 seaceatea':
1322 676 1523 743 interfuerunt
1553 680 1679 744 familiae

34 777 213 850 matianis,
230 774 388 840 celebrant
408 777 525 841 illesam
543 781 700 846 mamam
729 781 824 844 loeo·
885 795 939 840 aex
959 775 1046 841 ller-¹
1066 773 1128 837 DD.
1157 770 1360 840 'medimnum
1374 814 1388 847 ,κ
1415 776 1547 842 uidelicet
1579 779 1679 847 &acti

32 878 120 940 ciaaia
141 879 245 941 Doctae
277 877 385 941 llariae
417 879 615 945 Minervae'm
648 880 823 960 paramentis
890 875 971 939 Petri
991 875 1029 934 ad
1060 875 1211 947 Vincula,
1227 875 1482 952 Racltauateasis,
1507 878 1679 953 ianamsis,

29 977 106 1039 albis
129 987 186 1039 etc.
213 977 282 1041 Post
304 978 449 1063 bacchum
477 978 723 1059 Presbyteroram
747 977 824 1043 Car·
889 968 1109 1050 Beneventani,
1131 974 1261 1043 statiua
1298 979 1462 1045 bawmiao
1476 970 1498 1053 ,Χ
1517 990 1547 1043 ct
1579 979 1680 1048 Sancti

31 1076 176 1138 diocliam
191 1079 248 1140 luit
274 1079 351 1140 alind
370 1095 521 1142 namnum
539 1079 655 1144 bamam
673 1079 824 1150 intraver·
895 1075 1033 1156 Georgii,
1052 1095 1088 1139 ac
1108 1077 1214 1139 fratres
1234 1095 1270 1142 ea
1289 1097 1338 1143 sax
1359 1078 1570 1153 cooaeotibm,
1591 1071 1686 1143 ride-⁴

32 1197 124 1253 sam,
143 1198 235 1259 usqua
249 1181 289 1241 ad
319 1182 427 1243 ostiam
444 1181 472 1240 in
492 1199 559 1259 qno¹
576 1181 648 1243 sedit
676 1182 823 1262 episeopus
890 1176 959 1239 licet
990 1177 1113 1242 Sanctae
1142 1177 1266 1242 ceciliae
1294 1175 1384 1260 (tituli
1414 1179 1448 1242 D.
1471 1180 1677 1265 Beneventani)

32 1277 247 1343 bombariemia
270 1279 381 1344 Orator
406 1281 493 1359 Regis
518 1281 677 1353 Franciae,
705 1292 734 1341 et
760 1289 823 1359 post
891 1278 1055 1351 nnec-vae,
1072 1277 1218 1350 Aracaeli,
1240 1277 1339 1344 Sancti
1356 1281 1532 1360 dramatici,
1553 1279 1678 1345 Sanane

29 1399 100 1442 earm
141 1382 385 1463 drchiepiaeopos
422 1382 588 1445 vianensi·
608 1401 642 1445 ex
675 1382 824 1444 voluntate
893 1377 1002 1442 Duriae
1018 1379 1053 1440 de
1069 1378 1199 1458 Populo,
1225 1379 1349 1444 Sanctae
1370 1381 1480 1447 nactae
1507 1381 1678 1462 Praaapoa·

28 1480 151 1543 Domini
181 1480 382 1563 Neapolitani,
412 1494 441 1546 et
473 1482 622 1556 ennena,
653 1486 703 1562 qni
738 1484 823 1564 primi
890 1481 991 1553 tine,
1022 1491 1052 1545 et
1073 1480 1172 1543 Sancti
1203 1479 1358 1554 ilarcelli,
1384 1500 1419 1546 ae
1448 1484 1547 1547 cieras
1577 1480 1679 1560 Sancti

30 1591 193 1654 venerant,
215 1594 243 1643 et
258 1602 326 1646 enm
350 1586 389 1646 eis
403 1583 527 1647 Praelati
544 1582 684 1664 praedicti
704 1602 739 1647 ae
764 1582 824 1665 ipse
889 1577 984 1640 iliarai
1006 1597 1074 1643 cum
1093 1580 1206 1644 duobus
1226 1580 1453 1656 Parrocbiaale,
1473 1581 1530 1645 aab
1550 1598 1679 1661 qaorum

32 1679 249 1745 {ambas-imis
270 1687 349 1747 polus
362 1696 444 1747 epm,
468 1684 536 1747 Post
556 1684 704 1749 hanchu'.
724 1685 825 1749 diepo-
891 1679 1046 1760 partucltia
1062 1678 1166 1742 damu!
1187 1678 1374 1745 habitationis
1391 1681 1524 1745 defuncti
1539 1682 1678 1747 etitluai:

35 1780 155 1844 norrun
167 1785 294 1864 positam
315 1784 372 1847 init
389 1787 483 1848 simile
502 1805 651 1848 scamamn
676 1804 767 1865 usqae
787 1787 825 1849 ad

33 1886 143 1945 catium
175 1903 230 1965 pro
259 1884 392 1950 omnibus
412 1886 516 1958 iaicis,
550 1889 578 1948 in
611 1906 671 1966 qno
692 1887 765 1949 aedit
785 1886 823 1947 D.

33 1983 142 2047 Petrus
156 1982 282 2069 Duaicb,
297 1984 406 2049 Orator
418 1986 539 2050 comitis
553 1986 676 2049 Palatini
681 2008 692 2059 3
710 1987 770 2059 aed,
789 1985 825 2051 i-

33 2082 266 2164 nitoilrangelio
278 2105 333 2165 pra
348 2105 480 2149 sermone
494 2086 645 2160 audiendo,
652 2087 725 2150 certi
741 2106 825 2166 prae-

35 2185 108 2257 lati,
126 2185 180 2263 qui
197 2184 302 2247 ibidem
324 2196 405 2255 aratra
434 2189 597 2249 cancellum
619 2197 725 2259 erant,
747 2205 825 2264 aaa

32 2305 103 2350 ruam
125 2286 240 2364 aliqum
261 2286 359 2348 aedera
379 2287 432 2349 ieci
453 2298 517 2368 post
531 2290 698 2368 episcopum
713 2284 825 2350 Orata·

30 2405 113 2459 rear,
133 2398 165 2450 et
183 2387 442 2467 Arcbiepiscopum
456 2433 466 2460 ,
482 2389 553 2449 alios
567 2397 632 2468 post
645 2388 681 2449 D.
700 2386 824 2451 Petrum

30 2483 146 2554 anich
177 2487 360 2566 praelatum,
394 2489 444 2566 qni
464 2488 507 2550 sic
539 2498 709 2551 manserunt
732 2506 826 2566 usqne

33 2586 72 2646 ad
96 2584 181 2649 iiaem
200 2587 307 2648 officii:
340 2588 486 2649 incensum
507 2599 536 2651 et
558 2608 658 2668 pacem
680 2608 737 2652 aaa
761 2588 825 2652 dedi

32 2697 115 2747 extra
138 2687 263 2748 altorum
282 2686 502 2760 cardinalium,
522 2690 590 2768 qnia
606 2692 634 2749 in
656 2690 748 2752 choro
761 2690 826 2752 ira·

38 2798 121 2848 trum
143 2787 216 2848 nulli
239 2788 283 2849 rei
298 2789 393 2868 pauci
413 2790 533 2869 praelati
559 2800 651 2851 erant.

76 2888 161 2949 Faria
180 2888 317 2963 sacuam,
331 2907 379 2953 xt.
402 2891 505 2953 menam
527 2893 647 2965 martii,
668 2891 747 2954 eirca
769 2889 826 2953 lto·

32 3005 100 3049 ram
122 3005 193 3052 xxr.
216 3001 364 3067 portatum
394 2990 451 3052 init
479 2992 516 3051 ad
543 2991 706 3054 ecclesiam.
723 2991 826 3052 beatae

38 3087 148 3149 llariae
165 3089 200 3149 de
214 3090 358 3163 Aracaeli,
369 3091 561 3171 sepeliendum
582 3092 698 3164 ibidem,
719 3108 826 3170 carpus

41 3189 191 3267 qnondam
204 3189 239 3249 D.
255 3190 399 3254 Dominici
417 3191 451 3253 de
472 3192 549 3254 illari
563 3193 713 3253 ianuensia
731 3192 826 3271 patrui

34 3289 130 3352 Rern.
147 3290 181 3350 D.
199 3289 362 3353 cardinalia
378 3292 572 3355 Betterentani
592 3294 642 3372 qni
658 3291 727 3355 abiit
743 3303 827 3354 nocte
850 3354 853 3362 ,

40 3389 329 3469 praeterita·liomae
352 3391 382 3451 in
403 3392 708 3453 demonstrationis
737 3410 827 3463 anae,

35 3489 92 3550 sita
114 3490 189 3550 inter
210 3492 359 3553 ecclesiam
384 3490 531 3555 biinervae
550 3503 580 3558 et
601 3492 720 3554 damaim
742 3491 827 3574 idag-

35 3591 206 3658 dalenorum
232 3611 283 3671 per
304 3586 461 3655 serrimrea
483 3606 513 3656 et
543 3595 715 3658 domesticos
738 3598 830 3675 snos,

36 3693 107 3772 quia
134 3694 255 3755 Fratres
275 3697 408 3758 Aracaeli
430 3697 586 3758 rotun-ona
619 3695 690 3759 illud
710 3707 828 3776 portare

42 3804 203 3861 asserentes
221 3816 252 3857 ae
281 3813 337 3856 aaa
363 3815 423 3858 essa
448 3796 598 3872 techinae,
616 3798 829 3861 cresconiana

41 3895 193 3958 dumtaxat
214 3908 343 3976 portare:
364 3906 582 3978 praecesserunt
604 3916 656 3963 xa.
672 3900 828 3973 intarticia‚

39 4015 114 4074 quae
130 4008 285 4076 paruerunt
299 4014 355 4059 xx.
375 4017 410 4060 ex
435 3998 625 4063 santiliaribns
649 4000 772 4075 stabuli,
800 4012 829 4063 et

37 4097 86 4156 alii
114 4096 207 4159 Rern.
227 4097 264 4158 D.
282 4097 446 4162 cardinalia
476 4100 689 4172 Beneventani,
710 4112 739 4162 et
752 4120 829 4163 cor·
853 4158 857 4165 ,

36 4216 91 4275 pus
110 4199 201 4260 meari
231 4211 405 4261 sunt-xva.
436 4200 658 4279 consanguinei,
678 4212 707 4263 et
730 4202 829 4264 affines

40 4297 192 4370 defuncti,
211 4299 317 4378 singull
338 4300 373 4359 ab
396 4317 454 4363 aaa
483 4302 636 4379 praelato,
662 4320 680 4361 a
706 4302 829 4363 sinistris

35 4400 101 4459 anis
120 4398 271 4472 associati,
291 4396 423 4461 videlicet
438 4400 511 4462 Rev.
534 4400 561 4461 in
593 4388 829 4481 Christo³patrea

36 4498 72 4560 D.
91 4499 278 4572 tretsrmsis,
294 4499 473 4574 Thebarum,
491 4512 520 4563 ct
539 4499 749 4564 cnsantiaensis
770 4501 829 4564 dr·

38 4600 224 4680 chiepiaaopi‚
240 4600 277 4661 D.
295 4600 465 4662 Dominieas
485 4602 585 4675 Dorio,
601 4601 741 4664 Dominus
763 4601 829 4666 Oli·

40 4702 139 4762 verius
164 4701 199 4764 tle
217 4702 308 4775 ilari,
324 4704 359 4763 D.
378 4703 462 4771 Paris
485 4705 521 4767 de
539 4704 632 4776 llari,
652 4705 688 4765 D.
706 4705 836 4765 Franci-¹

36 4821 106 4864 scus
121 4802 301 4874 Buciardas,
317 4794 454 4865 Carlinas
468 4804 584 4885 cigala,
610 4803 675 4867 Dan
694 4804 829 4867 Gberar-

40 4904 97 4966 dns
115 4905 299 4978 Usuernaris,
314 4905 351 4966 D.
369 4905 499 4966 Hilarius
512 4907 645 4981 Gentilis,
663 4909 698 4968 D.
718 4908 830 4988 Zacca

39 5006 100 5066 rias
117 5004 152 5065 dc
166 5005 260 5077 Muri,
277 5006 313 5066 D.
327 5006 457 5069 Andreas
472 5007 580 5079 Scalia,
596 5007 750 5088 Philippus
764 5009 830 5071 lila-

37 5106 151 5178 rnffna,
171 5105 288 5167 Marcus
307 5106 341 5170 da
354 5107 521 5180 Formriia,
539 5109 680 5169 Amoniaa
694 5107 829 5173 Galmdas

36 5217 66 5268 et
84 5207 119 5268 D.
140 5205 251 5268 ilarius
277 5204 422 5281 illillians3
440 5227 513 5286 qnos
530 5208 704 5273 orantisne
730 5210 828 5289 plures

37 5319 218 5378 mercatores
237 5307 402 5373 lanaenses.
421 5308 513 5370 Primi
532 5318 592 5370 tres
611 5309 829 5392 archiepiscopi

894 1779 1001 1858 quibm
1027 1779 1064 1843 id
1079 1799 1131 1860 per·
1155 1798 1293 1845 cursores
1314 1781 1370 1843 SS.
1391 1782 1428 1845 D.
1450 1782 1484 1845 ll.
1507 1783 1602 1864 Papae
1622 1783 1679 1847 boc

894 1882 978 1943 mane
998 1880 1056 1940 luit
1079 1881 1260 1954 minantum,
1290 1883 1357 1945 data
1374 1887 1415 1948 eis
1436 1903 1492 1964 pro
1525 1902 1572 1948 me
1589 1885 1680 1948 aeba-

892 1980 962 2044 dula
983 1983 1091 2047 tenoris
1112 1984 1256 2060 munemis
1273 1993 1329 2046 ete.

936 2083 1022 2143 Feria
1044 2082 1143 2155 unia,
1167 2100 1227 2148 xn.
1249 2084 1361 2156 martii,
1376 2083 1481 2163 festum
1496 2084 1528 2149 S.
1543 2082 1683 2165 Gregorii

896 2180 1003 2261 Papae,
1014 2182 1086 2246 ilar.
1098 2182 1134 2244 D.
1145 2183 1272 2264 Baptista
1292 2181 1560 2258 titalicanctornm
1571 2175 1684 2250 loban-

896 2282 941 2344 nis
961 2296 990 2344 et
1022 2279 1107 2347 Pauli
1130 2284 1286 2366 Presbyter
1319 2286 1481 2351 caraunus
1513 2286 1550 2348 de
1569 2284 1683 2350 Ursinis

897 2383 1061 2464 vulgariter
1083 2395 1277 2465 nuncupatas,
1302 2376 1423 2459 Danaae,
1446 2386 1612 2450 iaecclesia
1633 2402 1685 2448 aaa
1799 2398 1802 2405 ’

894 2484 1073 2550 Sanctorum
1094 2483 1232 2550 lobannis
1250 2495 1288 2561 et⁸
1296 2484 1379 2548 Pauli
1400 2485 1634 2566 praedictorum,
1647 2485 1684 2545 in

895 2585 1073 2649 lliaaoaatus
1086 2586 1189 2647 ordine
1201 2598 1269 2651 tnnc
1285 2588 1468 2658 corruiturus,
1480 2605 1532 2666 par
1544 2586 1581 2649 li.
1595 2586 1628 2651 P.
1644 2585 1681 2646 D.

895 2687 1037 2749 Thomam
1052 2686 1222 2767 episcopam
1234 2686 1419 2752 Dolenensern
1429 2686 1465 2749 de
1482 2687 1684 2751 commissione

896 2799 925 2851 et
946 2787 1062 2849 licentia
1084 2787 1278 2866 specialius.
1293 2787 1330 2849 D.
1352 2786 1387 2848 ll.
1406 2787 1501 2867 Papae
1519 2804 1608 2867 snper
1627 2785 1684 2849 bac

898 2888 1051 2973 praedicto
1071 2887 1218 2951 cardinali
1247 2889 1371 2952 oraculo
1392 2890 1476 2951 rivae
1510 2889 1591 2951 racis
1612 2905 1686 2953 aaa»

894 3006 996 3062 cessa,
1020 2989 1171 3051 ordinatas
1190 2988 1246 3049 init
1271 2990 1300 3048 in
1321 2989 1536 3069 presbyteram.
1556 2988 1590 3048 ln
1618 2988 1686 3069 pria

894 3089 949 3150 mia
969 3093 1049 3150 circa
1070 3089 1163 3153 altare
1183 3098 1331 3169 prostrata
1355 3084 1478 3153 inerunt
1499 3088 1556 3151 tria
1577 3098 1686 3169 tapete,

901 3188 1030 3267 undique
1044 3191 1244 3269 cooperantis3
1266 3191 1359 3253 altare
1376 3200 1511 3272 paratum
1530 3189 1585 3253 luit
1598 3207 1685 3254 ,mora

896 3289 1014 3363 debito,
1036 3307 1104 3351 cmo
1125 3310 1174 3354 sex
1195 3291 1393 3365 candelabris,
1413 3302 1442 3354 et
1463 3308 1553 3356 cruca
1574 3290 1681 3355 media.

901 3391 934 3452 ln
955 3390 1050 3453 media
1078 3392 1187 3453 Altaria
1206 3387 1493 3456 ordinata'ioeaant
1512 3393 1608 3455 omnia
1630 3409 1685 3471 pa-

898 3503 1028 3555 ramenta
1041 3491 1184 3557 Diacaaia
1203 3491 1386 3557 Pontificalia
1406 3512 1463 3580 pro
1480 3497 1616 3574 episcopa
1630 3512 1685 3557 or·

896 3592 1049 3667 dinatore,
1066 3605 1095 3655 et
1114 3611 1208 3656 amau
1226 3592 1378 3673 Evangelii
1394 3595 1490 3659 amaia
1515 3605 1684 3679 pmamenta

896 3692 1033 3755 Duronia
1049 3713 1104 3774 pro
1118 3693 1284 3766 cardinale,
1299 3694 1433 3760 videlicet
1452 3695 1585 3768 amictas,
1606 3694 1683 3770 alba,

896 3797 1073 3875 cingulum,
1105 3796 1292 3877 manipulas,
1319 3797 1418 3870 stola,
1447 3807 1475 3861 et
1506 3795 1683 3869 dalmatica,

902 3915 937 3959 ac
957 3899 1044 3961 mitm
1066 3898 1207 3977 simplex,
1227 3883 1422 3963 faldistorium
1455 3898 1484 3958 in
1505 3916 1597 3959 cornu
1618 3887 1685 3977 epi·

902 3998 992 4059 stolae
1013 4016 1069 4077 pro
1097 4001 1255 4078 episcopa,
1286 3997 1326 4064 ita
1356 3998 1434 4076 qaod
1460 3999 1489 4061 ia
1520 4017 1554 4060 ea
1584 3997 1684 4060 aeduis

900 4099 1028 4174 tribuna,
1049 4098 1141 4160 obora
1156 4099 1264 4161 faciem
1288 4111 1415 4162 uerteret
1426 4143 1435 4173 ,
1455 4113 1485 4162 et
1505 4101 1612 4180 populo
1630 4119 1683 4161 re-

897 4217 968 4273 aes,
988 4200 1148 4261 scabellum
1169 4218 1226 4279 pro
1248 4199 1394 4261 cardinali
1417 4200 1446 4260 ln
1466 4219 1559 4262 corna
1582 4199 1683 4263 Eran-

897 4301 968 4378 geiii
986 4301 1147 4372 anteriori,
1167 4301 1206 4359 ita
1240 4299 1319 4377 qnod
1341 4300 1502 4363 cardinalis
1533 4303 1562 4362 in
1582 4321 1618 4365 aa
1634 4318 1684 4365 ae-

901 4402 969 4464 deas
990 4400 1092 4462 laeiem
1116 4419 1222 4468 nerana
1250 4405 1418 4480 episcopum
1440 4402 1581 4475 haberet,
1599 4414 1628 4464 et
1647 4401 1684 4462 ad

897 4505 1042 4564 sinistram
1064 4503 1176 4564 ntur-e:
1198 4502 1343 4565 credentia
1365 4520 1422 4564 aaa
1445 4515 1546 4584 parata
1566 4515 1609 4566 eat
1630 4521 1686 4582 pro

856 4683 858 4686 ι
895 4605 1058 4677 ambobus,
1081 4604 1110 4665 in
1128 4616 1289 4683 quaerant
1312 4607 1367 4668 tria
1387 4606 1512 4679 bacilia,
1533 4623 1603 4671 cam
1624 4605 1682 4667 tri·

896 4705 949 4767 bas
971 4704 1139 4766 buccalibas
1161 4701 1253 4786 (sotis
1272 4715 1367 4769 tamen
1386 4704 1487 4767 luisset
1502 4705 1536 4768 da
1550 4704 1682 4788 duobos)

900 4807 1029 4885 quinque
1058 4806 1228 4884 mappulae,
1250 4806 1377 4869 medulla
1392 4806 1491 4886 panis,
1512 4807 1609 4868 oleum
1631 4820 1685 4867 ca·

899 4908 1158 4980 decarminornm,
1180 4907 1303 4969 baculus
1324 4908 1495 4986 pastoralis,
1516 4926 1605 4970 cama
1620 4926 1683 4969 ‘aaa

901 5011 1057 5081 curtiaae,
1078 5008 1153 5069 calix
1166 5025 1243 5068 eam
1270 5010 1336 5089 rirao
1356 5019 1385 5068 et
1406 5028 1503 5087 uqnu,
1519 5028 1559 5092 ac
1582 5018 1684 5089 patena

897 5109 992 5173 bostis
1015 5110 1136 5190 desuper
1159 5109 1252 5188 posita
1268 5107 1365 5171 danda
1385 5108 1532 5171 cardinali
1551 5110 1581 5171 in
1601 5109 1684 5172 ordi-

880 5216 881 5225 ’
898 5213 1012 5273 natione
1024 5234 1035 5286 3
1050 5210 1155 5291 quibua
1169 5208 1355 5289 datiapostea
1369 5210 1530 5285 cardinali,
1542 5212 1684 5274 aracussi

897 5313 1016 5377 calicem
1048 5324 1079 5376 et
1104 5312 1201 5375 amori
1234 5311 1355 5375 ironiam
1368 5333 1379 5386 3
1414 5331 1449 5374 ac
1480 5313 1564 5393 pacui
1597 5313 1683 5378 aliam
