3764 6036
188 273 250 334 lid

188 425 251 485 quo
273 406 386 486 penitus
408 405 481 466 nihil
504 403 604 464 habuit
623 447 631 477 ,
653 421 747 481 neque
766 403 873 464 bonurn
908 421 977 463 ver·-

149 542 154 549 ·
187 513 267 572 bum.
285 510 379 572 Rediit
403 512 442 570 ad
462 510 572 573 Urbem
593 528 610 569 a
631 508 761 588 Neapoli,
783 508 907 568 secunda
931 508 976 567 die

186 612 327 672 februarii
350 612 378 670 in
400 629 474 671 sero.
496 609 602 672 Litoris
616 608 803 689 Imperatoria
819 607 860 667 sic
872 625 980 687 supra·

188 712 327 791 scriptum
341 722 414 771 erat:
428 707 980 787 SerenissimoPrincipiFerdinan·

190 815 230 873 ala
245 811 326 894 ‘Repe'
339 811 476 872 Siciliae
488 820 543 871 etc.
557 810 656 891 fratri
672 819 778 870 nostro
793 809 959 870 carissimo
966 829 979 879 ς

188 911 292 971 litteris
319 910 407 989 liegis
431 909 630 970 limrrnnorum
661 909 890 987 suprascriptum
916 916 980 968 erat

175 1006 358 1085 hujusmodi
372 1029 379 1068 :
394 1008 601 1070 Serenissimo
615 1007 763 1086 Principi
774 1006 980 1067 Ferainomto

187 1110 268 1191 Regi
288 1109 466 1170 Siciliaeet
484 1108 683 1169 Hierusalem
704 1108 935 1187 consanguineo
950 1117 980 1167 et

190 1210 350 1290 confratri
364 1216 474 1271 nostro
497 1209 672 1270 carissimo.
690 1205 805 1267 Literna
816 1207 907 1266 Ducis
925 1205 981 1267 dl-

188 1309 263 1369 herti
284 1330 314 1371 se
333 1310 571 1370 intitulabantur:
586 1309 676 1368 llius.
699 1307 849 1387 Prr'rrcipi
862 1307 981 1368 Ferali-

187 1410 379 1492 nandolieqi
390 1406 744 1489 NeapolitanoDomino
759 1419 787 1467 et
797 1406 979 1469 Carissimo.

187 1508 301 1571 Literae
322 1510 485 1589 praedictae
507 1520 564 1570 tres
583 1506 655 1566 mihi
678 1506 760 1566 datae
781 1507 900 1567 luerunt
923 1527 977 1585 per

186 1610 222 1669 D.
244 1612 457 1688 Hieronymum
484 1609 645 1669 Balbnnum
683 1607 737 1667 SS.
760 1608 797 1667 l).
819 1605 853 1666 tl.
884 1607 978 1686 Papae

187 1714 377 1772 secretarium
399 1711 608 1790 consignandae
628 1710 784 1782 Heraldo,
807 1728 857 1786 per
884 1710 978 1788 ipsum

191 1812 266 1890 Regi
288 1812 473 1891 Neapolitano
494 1812 672 1884 deserendae,
693 1823 722 1872 et
745 1811 976 1890 praesentandae:

192 1913 299 1990 ligatae
319 1924 417 1972 nutem
433 1923 517 1973 erant
532 1913 617 1973 airnul
642 1914 671 1973 iu
695 1930 752 1972 tina
775 1912 888 1981 charta,
905 1930 979 1989 quae

190 2010 367 2089 hujusmodi.
380 2015 657 2093 suprascriptionern
676 2012 824 2074 habebat:
847 2012 981 2073 [literne

188 2114 325 2174 Serenis.
340 2113 546 2193 Imperatoris
558 2126 587 2175 et
602 2115 697 2196 Iieqis
709 2115 933 2181 Rornanorum,
941 2132 979 2173 ac

187 2212 474 2276 trecensibus
497 2215 598 2277 Ducis
621 2215 797 2283 Senoniae,
812 2215 868 2293 qni
888 2213 979 2273 babet

187 2316 285 2394 liliam
302 2314 510 2394 imperatoris
523 2316 557 2375 iu
570 2334 712 2385 uxorem,
724 2315 767 2374 arl
776 2311 979 2393 Reqcrrrliea·

87 2476 91 2480 .
186 2416 364 2495 politanum
381 2416 569 2495 deferendae
583 2434 640 2495 per
652 2414 825 2475 Heralrium
839 2413 979 2491 Impera·

194 2517 286 2577 toris.

229 2613 357 2674 Sabbata
378 2614 429 2674 ua.
456 2614 532 2674 uteri,
547 2614 652 2675 mensis
670 2611 803 2690 januarii
825 2615 853 2672 in
874 2631 956 2673 mane
968 2658 977 2688 ,

85 2767 91 2776 .
187 2716 245 2776 luit
265 2715 436 2775 convocatio
454 2715 585 2775 oninium
602 2715 802 2776 cardinalium
818 2716 845 2774 in
866 2716 978 2775 Palatio

188 2817 379 2896 Apostolioo‚
402 2835 471 2876 cum
493 2816 548 2902 SS.
566 2816 601 2875 D.
621 2815 678 2890 N.;
700 2827 729 2879 et
748 2816 814 2896 ipsis
835 2815 978 2875 notificata

188 2935 240 2997 ρετ
274 2917 463 2978 Sanctitatem
492 2917 583 2977 Suam
612 2918 768 2978 concordia
790 2936 840 2997 per
870 2917 978 2996 Regem

187 3020 339 3098 Hispaniae
360 3017 456 3078 habitn
479 3037 547 3078 cum
567 3018 648 3097 Rege
665 3018 821 3092 Granntae,
837 3019 888 3096 qui
901 3018 979 3077 oiri-

189 3121 252 3192 tati,
273 3131 379 3201 etxtoto
391 3138 481 3199 regno
498 3119 760 3193 Granntnecessit',
774 3121 874 3180 lavore
894 3120 980 3198 Regis

187 3210 366 3303 Hispaniae,
396 3236 545 3286 reservato
566 3227 618 3286 sibi
640 3227 767 3304 quodam
790 3225 979 3301 comitatulo

189 3325 328 3405 Hispania
336 3346 345 3397 3
369 3345 443 3403 quae
463 3344 537 3387 nora
560 3327 623 3388 heri
647 3347 762 3406 vespere
784 3327 901 3387 luerunt
927 3345 979 3405 ρετ

191 3424 333 3487 Oratores
353 3426 442 3504 lingis
463 3428 592 3487 nuntiata
615 3427 770 3488 Sanctitnti
793 3427 870 3488 Suae
883 3449 895 3500 ς
921 3427 980 3486 tun

190 3539 341 3606 propterea
370 3527 475 3587 ibidem
504 3530 532 3587 in
562 3532 786 3607 congregatione
807 3528 979 3601 decretum,

190 3627 269 3705 quod
293 3627 366 3687 teria
399 3627 524 3687 meranda
547 3629 708 3690 immediate
729 3630 883 3708 sequenti,
905 3647 979 3707 quae

189 3729 247 3791 erit
276 3729 381 3789 festum
421 3727 624 3788 Conversionis
651 3728 682 3789 S.
709 3731 795 3790 Pauli
819 3731 979 3813 'Apostoli‚

189 3828 273 3888 blissa
296 3827 430 3889 solemnis
450 3828 479 3887 in
495 3827 612 3889 basilica
631 3829 662 3890 S.
678 3830 759 3892 Petri
780 3841 980 3891 extramuros

189 3931 288 4001 Urbis,
298 3912 332 3991 de
345 3929 459 4009 Spiritu
471 3928 592 4000 Sancto,
603 3949 654 4008 per
666 3932 793 4008 aliquem
805 3932 980 4011 praelatum,

189 4032 266 4112 Papa
288 4042 317 4093 et
339 4031 538 4092 cardinalibus
560 4033 767 4110 praesentibus,
790 4034 817 4092 in
840 4032 979 4092 honorem

189 4133 242 4195 Dei
262 4133 474 4202 celebraretur,
492 4133 529 4191 nd
549 4133 639 4194 instar
655 4132 744 4210 hujus
759 4134 886 4194 alterius
907 4133 980 4192 blis-

190 4253 239 4296 sae
258 4253 366 4313 parrae
385 4236 415 4293 in
437 4236 556 4295 ecclesia
569 4236 673 4306 beatae
690 4235 800 4296 Mariae
816 4235 850 4296 de
866 4235 980 4313 Populo

191 4335 356 4397 celebratae.
372 4334 438 4395 cum
455 4335 559 4397 eisdem
577 4335 741 4406 versiculis,
760 4346 788 4396 et
803 4335 867 4394 aliis
884 4336 911 4393 in
923 4332 981 4394 line

191 4438 293 4498 Missae
309 4448 378 4497 tune
393 4436 488 4496 dictis:
511 4435 567 4495 suit
587 4447 740 4515 propterea
760 4436 838 4495 dicta
860 4433 978 4493 basilica

192 4538 223 4598 S.
239 4538 322 4596 Pauli
344 4536 526 4607 ordinatam
539 4547 651 4614 parata,
674 4545 761 4615 prout
781 4532 980 4613 aliasquundo

193 4637 247 4699 SS.
270 4638 306 4697 D.
321 4635 356 4696 li.
379 4637 409 4695 in
424 4654 457 4696 ea
475 4634 562 4695 blissa
584 4636 697 4715 publice
708 4636 850 4709 interluit,
863 4646 979 4714 excepto

191 4739 269 4819 quod
291 4740 395 4799 solium
417 4736 566 4799 Pontificis
587 4740 737 4819 ampliari,
752 4752 781 4800 et
802 4737 904 4798 melius
928 4755 979 4796 re·

189 4841 312 4902 formari
333 4841 390 4902 ieci
410 4836 465 4922 (l).

915 4999 980 5009 ...a

232 5091 266 5151 (1)
282 5088 321 5138 De
338 5089 448 5138 Sanctae
467 5089 540 5138 Sedis
557 5088 745 5149 cooperatione
764 5060 810 5149 pro
826 5088 922 5138 Mauris
945 5101 978 5138 ex

192 5166 316 5231 Hispania
340 5167 524 5230 expellendis,
541 5166 692 5217 innocentio
718 5165 779 5215 vlu.
803 5165 979 5231 gubernacula

190 5245 323 5297 Ecclesiae
339 5249 447 5309 regente
458 5283 466 5307 ,
478 5259 511 5297 ex
528 5245 649 5309 pluribus
661 5246 833 5307 testimoniis,
846 5247 978 5309 seligimus

191 5325 256 5375 haec
269 5345 276 5372 ι
561 5328 563 5332 ·

657 265 942 361 ronnrucrnus
958 264 1185 334 rnuocanrn
1212 271 1365 336 narrar

1735 274 1827 360 (um

1088 408 1172 469 Feria
1195 410 1290 481 tertia,
1304 409 1430 470 secunda
1446 413 1549 472 mensis
1561 410 1716 483 februarii,
1731 413 1823 473 laton

1048 506 1262 570 Purificationis
1273 510 1378 570 beatae
1392 511 1501 573 blaciae
1522 512 1660 589 Virginis,
1679 511 1734 571 SS.
1748 512 1783 572 D.
1797 513 1825 571 ll.

1091 688 1101 708 ο
1120 667 1167 717 Ρετ
1183 666 1230 716 dar
1248 671 1361 729 maggior
1379 672 1464 718 animo
1482 684 1495 717 a
1513 639 1679 719 ferdinando
1704 683 1733 719 re
1753 670 1825 721 dici·

1046 745 1131 807 stlglia
1150 758 1164 794 e
1183 746 1208 793 d’
1219 746 1357 809 aragona,
1375 746 1510 797 acciocche
1527 749 1697 797 continuasse
1710 748 1733 796 la
1746 762 1827 810 guerra

1048 828 1184 888 appicoata
1200 836 1249 887 per
1265 826 1424 875 annichilata
1441 827 1526 888 quelle
1544 827 1654 889 reliquia
1669 826 1696 876 di
1712 827 1774 877 Hori
1789 831 1828 879 aba

1048 917 1143 953 ancora
1165 907 1234 954 sotto
1250 917 1285 952 ua
1302 918 1332 954 τε
1350 905 1407 954 loro
1424 905 1595 956 rimauevano
1622 907 1827 968 signoreggiando

1047 984 1072 1033 in
1089 985 1202 1034 Grnnata
1219 986 1287 1042 (ove
1305 983 1386 1032 anche
1404 986 1426 1032 si
1443 997 1561 1046 veggono
1579 985 1728 1034 bellissime
1746 988 1826 1047 rovina

1048 1062 1072 1111 di
1092 1062 1281 1124 superbissime
1308 1061 1446 1112 tabbricha
1463 1065 1526 1113 latta
1544 1064 1576 1113 da
1594 1064 1672 1121 loro,
1690 1064 1739 1112 che
1761 1063 1827 1113 tanao

1048 1140 1107 1191 teda
1124 1154 1199 1190 corna
1215 1145 1324 1190 stavano
1340 1153 1388 1191 con
1406 1142 1552 1204 grandezza
1570 1156 1584 1191 ε
1604 1143 1726 1203 maesta)
1742 1155 1825 1193 conm-

1049 1219 1122 1270 dette
1139 1234 1153 1269 a
1169 1219 1335 1269 Perdinando
1353 1221 1376 1270 la
1393 1219 1530 1279 cruciata,
1546 1234 1560 1270 a
1578 1222 1594 1270 ll
1623 1222 1740 1271 sussidio
1762 1234 1827 1285 sopra

1048 1298 1073 1347 la
1097 1298 1202 1358 chiesa,
1219 1298 1267 1347 che
1292 1299 1333 1348 dal
1352 1299 1427 1350 card.
1452 1301 1476 1348 di
1499 1299 1600 1361 Spagna
1618 1299 1646 1349 lu
1664 1300 1763 1350 ridolto
1788 1314 1825 1362 pu

1047 1379 1241 1440 composizione
1258 1390 1272 1425 a
1289 1380 1429 1428 cantamila
1445 1379 1530 1428 [lorini
1547 1379 1616 1427 della
1635 1378 1827 1441 stampnd’hra·

1049 1470 1135 1518 gana,
1162 1470 1263 1505 ovvero
1290 1469 1303 1503 a
1332 1460 1509 1507 saltantnmila
1527 1457 1601 1507 sourli
1623 1458 1741 1512 l'anno.
1767 1471 1827 1508 cone

1046 1535 1141 1586 dicono
1157 1537 1232 1591 alisii
1250 1535 1292 1584 del
1310 1538 1387 1598 quale
1409 1539 1480 1594 aiulo
1499 1538 1586 1587 iattosi
1602 1524 1776 1586 ‘cardinando
1796 1537 1827 1599 pii

1048 1615 1181 1679 gagliarda
1199 1614 1268 1664 abba
1289 1617 1368 1664 molta
1386 1617 1508 1673 aittorie,
1526 1628 1541 1665 ε
1562 1619 1751 1666 streltamento
1768 1628 1829 1665 asse·

1048 1694 1091 1743 dih
1108 1695 1131 1742 la
1150 1693 1211 1743 cirta
1227 1694 1253 1742 di
1271 1694 1392 1744 Grnnata.
1412 1695 1429 1744 ll
1448 1695 1496 1744 cha
1513 1694 1634 1744 vadendo
1653 1695 1671 1749 il
1689 1707 1719 1742 τε
1741 1693 1766 1742 di
1782 1707 1827 1743 essa

1047 1772 1178 1830 cannata,
1197 1786 1227 1822 ne
1244 1772 1321 1822 diade
1340 1775 1432 1823 arviso
1449 1777 1472 1823 al
1490 1773 1603 1824 soldano
1620 1774 1646 1822 di
1673 1773 1777 1835 Egilio,
1792 1775 1827 1822 che

1050 1865 1133 1901 avena
1152 1855 1233 1901 anche
1251 1853 1326 1901 titolo
1343 1852 1367 1900 di
1379 1852 1482 1910 cnlila,
1500 1852 1548 1902 che
1566 1852 1682 1913 significa
1700 1864 1829 1903 successore

1046 1932 1229 1988 alloometto,
1246 1943 1260 1980 a
1278 1943 1343 1992 napo
1361 1930 1720 1989 da'tlnnmetani,leratine
1738 1932 1828 1980 ultima·

1050 2015 1137 2060 mente
1156 2013 1162 2059 i
1179 2011 1293 2069 Tarchi‚
1310 2024 1324 2060 e
1343 2011 1364 2059 si
1382 2010 1474 2060 lacera
1490 2023 1539 2072 par
1557 2010 1677 2060 elezione
1694 2011 1729 2060 dn
1746 2012 1830 2060 Haran-

1050 2089 1135 2138 lucch'r
1153 2092 1200 2138 che
1218 2102 1266 2150 ρετ
1284 2090 1308 2137 lo
1325 2089 1366 2151 pih
1387 2102 1468 2138 erano
1486 2090 1527 2139 del
1546 2103 1626 2152 paese
1645 2089 1672 2137 di
1689 2089 1830 2147 Cercassia,

1049 2168 1188 2216 acciocche
1205 2167 1369 2229 provedesse
1387 2168 1410 2217 al
1428 2169 1544 2230 periculo
1561 2180 1609 2217 suo
1627 2181 1641 2217 e
1660 2168 1830 2234 de’suoi.lion

1049 2247 1162 2307 potando
1180 2247 1264 2295 coslai
1283 2259 1438 2303 soccnrrere
1456 2247 1473 2295 li
1490 2248 1634 2304 Grnnatini,
1650 2247 1750 2308 parone
1765 2248 1780 2295 l'
1791 2250 1827 2295 irn-

1047 2328 1121 2386 perio
1146 2326 1312 2374 de’Saracini
1334 2326 1356 2374 ai
1378 2338 1424 2375 ora
1451 2325 1605 2391 debilitato,
1626 2326 1768 2375 essendosl
1784 2326 1831 2387 pri·

1048 2405 1219 2453 mieramentc
1243 2404 1326 2453 diviso
1343 2405 1368 2453 in
1386 2405 1436 2455 due
1453 2404 1549 2461 calita,
1565 2404 1607 2453 del
1630 2403 1798 2464 Cairorano,
1816 2418 1828 2452 e

1047 2483 1072 2531 d'
1083 2482 1170 2545 Egilio
1187 2483 1255 2530 altre
1273 2482 1418 2539 babilonia,
1437 2496 1450 2532 a
1467 2486 1510 2544 poi
1528 2483 1553 2531 in
1569 2483 1670 2545 diuersi
1689 2483 1800 2545 Principi
1812 2482 1833 2531 di

1047 2561 1198 2620 Carmania,
1223 2560 1309 2610 Persia
1335 2574 1349 2611 e
1374 2556 1482 2619 altri‚'o
1501 2562 1526 2611 in
1556 2564 1636 2612 molle
1662 2561 1832 2624 llcpubbliche

1047 2639 1211 2696 &hiriane
1228 2641 1324 2704 iluley‚
1341 2654 1356 2689 o
1374 2643 1411 2690 sia
1429 2654 1474 2698 ra,
1491 2641 1558 2700 nella
1577 2645 1680 2698 stesso,
1692 2655 1708 2690 e
1720 2640 1762 2689 dai
1774 2641 1835 2689 Tur·

1046 2720 1086 2768 chi
1104 2720 1182 2768 molto
1207 2718 1418 2779 comhattulo,a
1442 2709 1544 2769 arendo
1562 2721 1568 2768 i
1585 2721 1703 2769 Saracini
1724 2721 1833 2782 perduto

1047 2798 1218 2867 lancomodita
1234 2798 1261 2847 di
1282 2812 1371 2848 armar
1401 2812 1449 2861 per
1476 2812 1566 2858 mara,
1582 2811 1631 2849 con
1649 2802 1665 2849 il
1684 2800 1764 2862 qualo
1786 2798 1835 2846 solo

1043 2877 1122 2931 ‚modo
1147 2877 1298 2926 arrchhono
1327 2881 1424 2940 potato
1454 2882 1549 2928 metter
1574 2884 1652 2940 gente
1669 2880 1696 2927 in
1715 2876 1835 2938 Ispagna,

1049 2969 1099 3006 non
1117 2968 1199 3020 seppe
1219 2957 1310 3018 pigliar
1327 2958 1394 3005 alirn
1411 2957 1547 3018 spedienta
1563 2957 1612 3006 che
1629 2956 1656 3004 di
1670 2955 1835 3005 mandarum

1047 3036 1163 3096 religiosi
1180 3035 1352 3105 Frannescani
1369 3034 1410 3084 del
1429 3039 1560 3085 convento
1572 3035 1613 3085 del
1626 3035 1707 3085 Santn
1718 3035 1835 3097 Sepolcro

1048 3116 1070 3163 al
1087 3115 1168 3178 Papa,
1180 3127 1228 3163 con
1241 3114 1368 3167 minaceia
1380 3114 1428 3163 che
1444 3127 1473 3164 se
1485 3127 1537 3163 non
1548 3126 1675 3182 operava,
1686 3125 1762 3164 coma
1778 3123 1836 3174 erpo

1048 3195 1230 3246 da’Nazareni
1251 3192 1324 3254 icosi
1341 3194 1476 3243 chiamara
1494 3194 1501 3242 l
1519 3192 1684 3251 cristiani),
1709 3192 1758 3241 che
1779 3191 1836 3240 l'iu

1048 3262 1162 3325 iantadi
1183 3274 1280 3326 Murcia
1298 3271 1371 3332 (cosi
1394 3284 1508 3322 nomava
1526 3272 1542 3320 il
1560 3286 1589 3321 τε
1611 3272 1637 3321 di
1661 3272 1781 3333 Spagna)
1801 3272 1834 3319 la·

1050 3356 1149 3403 sciasse
1166 3356 1191 3402 in
1207 3365 1272 3415 pace
1288 3353 1304 3401 li
1322 3353 1380 3401 suoi
1396 3351 1550 3402 Husulrnani
1566 3349 1643 3407 (cosi
1661 3350 1832 3399 dimandnaai

1047 3434 1204 3484 blanm'elani
1217 3433 1226 3493 )
1240 3444 1255 3480 ε
1272 3432 1353 3494 goder
1371 3432 1378 3480 i
1395 3431 1452 3480 loro
1469 3431 1583 3488 terrani,
1598 3429 1641 3479 de'
1651 3432 1722 3491 quali
1740 3431 1779 3491 gia
1795 3427 1832 3490 pii

1047 3513 1073 3563 di
1100 3515 1246 3563 settenento
1273 3511 1333 3559 anni
1349 3522 1432 3560 erano
1455 3510 1481 3558 in
1508 3520 1656 3571 possesso,
1675 3521 1710 3558 na
1732 3506 1834 3557 larehhn

1048 3592 1283 3642 vendettacontro
1301 3592 1308 3638 i
1325 3589 1454 3640 Nazareni
1471 3588 1598 3637 oh’erano
1609 3589 1713 3637 nolsuo
1725 3588 1831 3650 imperio

1049 3671 1078 3719 in
1091 3662 1266 3733 grandissimo
1288 3681 1415 3736 numero,
1431 3679 1446 3717 o
1462 3667 1682 3730 principalmenta
1707 3668 1733 3717 in
1763 3666 1832 3728 cipro

1048 3763 1062 3798 c
1079 3751 1104 3799 in
1122 3750 1226 3799 Giudea.
1243 3748 1270 3795 hi
1288 3748 1357 3808 quali
1373 3746 1448 3796 Padri
1467 3747 1585 3796 andoeno
1603 3747 1630 3798 in
1647 3746 1759 3810 lspagua
1770 3784 1779 3806 ,
1792 3746 1832 3795 aba

1048 3828 1117 3877 dalla
1133 3827 1229 3888 Region
1246 3826 1340 3875 turono
1357 3825 1408 3874 hen
1425 3826 1501 3879 visti.
1517 3839 1532 3875 a
1549 3826 1591 3876 nel
1614 3828 1716 3876 ritorno
1737 3827 1785 3875 che
1801 3825 1829 3873 le·

1049 3920 1111 3956 aero
1138 3908 1162 3954 in
1190 3905 1342 3956 Gerusalem
1371 3904 1466 3956 maudo
1483 3918 1496 3954 a
1513 3897 1610 3956 donaro
1635 3920 1649 3957 a
1677 3908 1739 3969 quel
1764 3918 1828 3958 sacro

1048 3989 1124 4048 luogo
1141 3986 1211 4038 milla
1228 3984 1302 4034 scudi
1315 3985 1341 4034 di
1358 3988 1461 4035 entrata
1479 3998 1493 4035 e
1510 3986 1554 4048 piir
1570 4000 1605 4036 nn
1623 3986 1770 4038 bellissimo
1781 3988 1829 4038 velo

1048 4067 1168 4116 lavorato
1185 4065 1210 4115 di
1229 4078 1275 4114 sua
1299 4078 1440 4126 menopes
1458 4066 1563 4128 coprire
1580 4068 1596 4115 il
1619 4068 1775 4131 Santissimo
1793 4067 1838 4122 Ser

1047 4146 1152 4207 polcro,
1168 4158 1243 4196 come
1260 4146 1281 4194 si
1295 4145 1361 4194 rede
1379 4146 1440 4194 uell’
1452 4147 1544 4195 istoria
1561 4146 1587 4195 di
1604 4145 1728 4208 Castiglia
1740 4147 1827 4200 aleon.
1878 4129 1880 4142 ⁴

1048 4225 1203 4287 nepotali
1219 4224 1286 4287 Papa
1304 4224 1360 4274 fece
1377 4233 1472 4286 sapore
1483 4226 1500 4274 it
1520 4229 1586 4275 totto
1604 4240 1619 4274 a
1635 4223 1825 4276 aerurnanaah

1048 4307 1125 4368 quala
1153 4306 1230 4368 ροτῑὸ
1257 4303 1312 4355 εοεὶ
1340 4304 1401 4354 vire
1416 4306 1517 4367 regioni
1534 4306 1559 4355 dl
1576 4306 1626 4357 che
1644 4307 1717 4357 lacea
1745 4316 1825 4367 guerra

1048 4388 1139 4434 contro
1160 4385 1280 4440 ladroni,
1298 4383 1362 4434 cho·
1376 4385 1539 4444 riempivano
1555 4385 1582 4435 di
1599 4388 1691 4448 rapine
1718 4389 1782 4436 tutta
1806 4383 1823 4429 lt

1048 4465 1170 4527 spagna,
1187 4477 1203 4515 e
1219 4465 1261 4513 del
1279 4463 1366 4512 buono
1385 4466 1555 4514 trattsmento
1576 4466 1625 4515 che
1643 4480 1725 4516 verso
1747 4468 1754 4514 i
1774 4461 1823 4511 vinti

1048 4554 1144 4600 asara,
1161 4545 1330 4604 quantunque
1347 4542 1518 4592 meritassero
1542 4546 1601 4606 ogni
1619 4547 1706 4599 male,
1719 4546 1769 4594 »che
1785 4542 1821 4589 sar

1048 4619 1146 4671 Santita
1174 4627 1225 4670 nnn
1254 4632 1334 4681 sappo
1363 4623 1411 4670 cha
1428 4620 1533 4680 dire,e
1557 4622 1722 4672 cardinando
1744 4624 1820 4672 riman

1048 4701 1201 4757 irincitora,¹
1212 4696 1314 4748 avendo
1330 4698 1418 4759 prima
1440 4701 1607 4762 conquistato
1625 4701 1676 4749 dne
1694 4700 1773 4756 cirta,
1792 4701 1820 4745 tu

1048 4778 1072 4826 le
1089 4778 1158 4840 quali
1176 4790 1222 4827 era
1249 4776 1440 4839 Bascapolana.
1458 4791 1472 4827 e
1490 4779 1541 4830 dua
1560 4780 1619 4829 altri
1638 4781 1723 4842 luoghi
1749 4791 1763 4828 a
1784 4773 1816 4836 ull

1048 4855 1126 4903 arula
1144 4868 1190 4917 per
1208 4853 1321 4904 ancardo
1332 4855 1454 4906 Granata.
1466 4856 1496 4905 Di
1514 4860 1562 4906 che
1579 4858 1745 4908 ferdinando
1759 4851 1817 4904 diua

1048 4934 1141 4997 anniso
1158 4933 1181 4981 al
1198 4933 1283 4994 Papa,
1301 4946 1315 4982 a
1336 4934 1358 4982 a'
1369 4934 1577 4992 cardinali,·cha
1593 4947 1628 4985 na
1650 4936 1738 4987 lacero
1758 4941 1818 4995 pat·

1047 5012 1156 5062 dissime
1174 5013 1319 5074 allegrezza
1337 5026 1385 5073 per
1407 5017 1448 5064 tre
1467 5015 1548 5072 giorni
1568 5015 1721 5071 continovi,
1747 5025 1761 5063 a
1782 5008 1818 5057 Sti

1046 5091 1227 5146 Santitiandh
1244 5104 1292 5140 con
1310 5096 1378 5153 tutto
1406 5095 1422 5142 il
1450 5093 1565 5153 collegio
1594 5096 1636 5145 dei
1666 5090 1814 5145 cardinalia

1047 5174 1155 5221 tanerna
1173 5171 1292 5234 cappella
1311 5171 1340 5239 in¹
1353 5171 1508 5235 Saulampo
1526 5174 1613 5223 chiesa
1631 5175 1675 5223 dai
1691 5163 1816 5236 spagnuoiit

1046 5263 1126 5312 aper
1143 5264 1223 5313 cogno
1251 5251 1319 5300 della
1346 5252 1453 5302 vittoria
1479 5254 1572 5303 mandh
1599 5252 1760 5305 Ferdioando
1779 5253 1816 5294 tol

1047 5330 1140 5380 lettere
1166 5330 1192 5378 in
1216 5330 1320 5379 italiana
1337 5341 1351 5378 o
1368 5333 1531 5393 sparsionis,
1549 5345 1564 5382 ε
1580 5347 1615 5383 un
1633 5328 1812 5385 ambascirdott
