3780 6030
30 287 149 378 (tran

35 443 66 492 ct
88 431 154 492 aliis
174 428 288 489 duobus
314 426 388 488 idern
404 436 470 506 post
492 443 559 485 erim
581 408 762 493 facientibus,
783 420 833 498 qui

36 549 151 603 omnes,
163 527 304 590 Pontibce
315 527 370 588 boc
387 525 473 586 modo
488 534 616 605 recepto,
630 524 724 602 ἰμωιι
742 537 834 597 usqua

36 631 73 691 ud
102 632 196 691 altare
225 625 322 704 majus
347 612 549 697 associarunt,
577 623 741 685 immediate
767 631 833 681 ante

35 729 210 791 Cardinales
231 728 375 789 Diaconos
397 725 567 788 incedentes.

78 830 161 909 Pepu
181 839 248 888 ente
269 825 364 903 majus
381 826 474 887 altare
496 820 833 897 constituto,.redierunt

36 929 73 990 ad
95 947 148 989 sua
171 931 235 989 loca
257 927 327 987 dicti
345 916 409 988 v'tres
425 925 591 1005 Presbyteri
612 923 791 993 cardinales,
803 931 832 980 et

35 1027 127 1107 Papa,
145 1027 273 1107 deposita
294 1026 392 1098 mitra,
406 1026 473 1087 lecit
487 1025 680 1085 reverentiam
695 1016 785 1083 cruci
803 1022 831 1079 in

36 1131 131 1190 altare
149 1128 280 1209 positae3
297 1125 396 1189 deinde
415 1125 627 1186 contessionem
639 1122 750 1184 ordine
760 1140 832 1183 con·

36 1240 121 1291 sueto
142 1228 223 1288 dixit.

78 1330 170 1389 Facta
191 1327 379 1398 consessione,
400 1324 477 1404 Papa
498 1342 555 1385 non
576 1323 705 1385 escendit
724 1323 762 1382 ad
785 1323 834 1383 el·

37 1440 111 1501 tere,
133 1427 184 1488 sed
204 1427 240 1486 ed
262 1426 356 1488 sedem
379 1427 407 1484 in
429 1426 516 1504 plano
536 1424 589 1484 sibi
609 1434 741 1504 peretum
756 1423 831 1484 inter

37 1527 222 1599 eminentem,
235 1537 264 1587 et
279 1527 372 1586 altera
383 1522 467 1602 juxte
488 1523 619 1585 infimum
637 1531 764 1603 gradum
782 1543 832 1585 so·

38 1628 79 1700 lii,
94 1627 147 1688 ubi
161 1626 200 1688 ad
220 1628 312 1687 altore
334 1643 434 1707 sersus
456 1625 539 1696 sedit,
551 1626 667 1685 mitram
693 1624 833 1704 incapite

38 1739 146 1799 noem,
162 1745 251 1804 quem
274 1727 382 1806 recapit
394 1726 471 1785 iacta
492 1726 832 1804 confessioneentequam

39 1827 151 1890 deloco
163 1825 349 1887 confessionis
361 1825 554 1899 recederet,et
571 1844 639 1887 enm
649 1845 682 1888 ea
703 1836 769 1888 ente
782 1838 833 1885 re-

40 1923 316 2009 cessumll),Cruci
337 1926 499 2006 praedictae
510 1926 634 1988 inuitari
648 1923 834 2004 positaet'ecit

41 2025 244 2088 reverentiam.
270 2026 348 2106 Papa
363 2027 405 2087 sia
421 2028 450 2086 in
469 2025 545 2091 dicta
559 2026 624 2088 sede
638 2025 763 2098 sedente,
779 2045 833 2087 aa·

40 2139 193 2189 eumcum
212 2137 279 2187 ente
299 2144 368 2187 eum
383 2137 442 2194 tras
463 2126 550 2205 primi
569 2125 704 2204 Episcopi
726 2122 833 2193 cardi-¹

40 2228 128 2299 nate,
151 2225 287 2301 uidelicet
304 2226 574 2298 vicecancellarius,
588 2225 740 2304 episcopus
755 2225 833 2286 Por·

42 2329 159 2399 treats,
169 2325 291 2403 collegii
305 2325 440 2395 demnas,
453 2324 669 2405 Neapolitanus,
683 2326 833 2405 episcopus

42 2425 219 2498 sabinensis,
239 2437 268 2486 at
289 2425 322 2486 S.
336 2426 440 2499 Macci,
456 2428 606 2507 episcopus
620 2426 834 2500 Praenestinus,

41 2527 176 2587 omnibus
197 2526 343 2604 praelatis,
368 2545 402 2588 ec
423 2526 487 2587 aliis
507 2529 537 2588 in
560 2530 620 2588 suis
641 2528 713 2589 locis
733 2545 835 2589 reme·

42 2628 185 2689 uentibus.
218 2626 254 2686 lli
287 2637 345 2688 tres
371 2638 438 2688 ante
457 2627 627 2689 Pontificem
656 2629 733 2689 intre
758 2629 833 2709 ipsos

42 2728 136 2789 sedem
157 2726 353 2806 praedictam,
374 2739 404 2788 et
424 2729 527 2801 altare,
544 2726 630 2804 juxta
651 2740 746 2791 tamen
768 2729 835 2789 inli-

42 2847 120 2888 mum
134 2827 262 2906 gradum
280 2827 393 2902 altaris,
410 2828 448 2887 ad
469 2827 744 2908 ipsumPontilicem
760 2832 835 2891 sersi

42 2948 67 2988 se
90 2929 240 2999 locarunt,
261 2927 383 3006 quisque
403 2946 506 2988 eorum
527 2946 613 2988 strum
635 2929 834 3007 cappellaoum

43 3027 72 3089 de
93 3028 185 3088 mitra
196 3026 249 3086 sibi
269 3029 443 3088 servientem
465 3039 528 3107 post
546 3048 576 3088 se
592 3026 712 3089 hebem-
728 3026 835 3090 Omnes

42 3131 125 3190 ctiam
147 3128 198 3188 alii
220 3127 399 3201 cardinales,
415 3129 547 3190 uidelicet
562 3128 699 3209 Episcopi
717 3129 835 3190 atl're·
862 3124 864 3127 ’

43 3231 154 3311 sbyteri
177 3229 212 3288 ad
234 3228 391 3300 dexteram,
405 3228 523 3288 Diaconi
541 3249 615 3292 vero
633 3230 669 3289 ud
686 3227 836 3289 sinistram

43 3329 136 3411 Papae
154 3340 340 3390 accesserunt
354 3329 428 3388 inter
441 3328 546 3390 solium
558 3342 587 3392 et
606 3332 698 3393 altam
719 3344 835 3406 stantes,

44 3430 225 3512 cappellanos
246 3447 314 3489 suos
329 3428 364 3488 de
382 3429 474 3490 mitra
492 3430 519 3491 ei
540 3433 696 3492 servientes
718 3446 782 3512 post
805 3452 835 3495 se

44 3532 189 3592 babentes
204 3526 346 3589 Omnibus
356 3531 400 3589 sic
408 3530 559 3602 stantibus,
572 3531 732 3610 depositisa
746 3532 835 3613 Papa,

45 3651 74 3693 ac
96 3629 236 3692 omnibns
256 3630 371 3702 mitris,
389 3631 516 3692 surrexit
533 3631 666 3692 Pontifex
681 3643 710 3694 et
730 3631 836 3699 Certat-

44 3733 113 3792 nalis
135 3732 169 3791 S.
192 3729 285 3791 llarai
307 3731 410 3791 tertius
431 3742 459 3791 st
481 3731 601 3792 ultimus
621 3750 655 3792 ex
684 3733 836 3810 praedietis

43 3834 149 3905 tribus,
168 3843 246 3891 stans
267 3816 302 3890 in¹
322 3831 417 3892 medio
434 3842 499 3891 ante
520 3832 631 3894 dictum
648 3834 776 3912 gradum
789 3835 836 3893 al-

45 3937 134 4006 taris,
162 3933 235 3994 socie
257 3932 296 3992 ed
311 3932 478 3996 Pontificem
492 3953 607 4008 uersa,
628 3936 664 3995 ud
687 3936 835 3999 dexterum

45 4053 125 4095 suam
145 4033 256 4093 babens
276 4034 569 4107 vicecancellarium,
589 4047 618 4097 et
635 4036 673 4095 ed
692 4038 857 4120 sinistrant}

46 4133 267 4216 Neapolitanum
297 4133 465 4196 cardinales
490 4132 558 4212 (qui
584 4137 667 4214 quusi
692 4137 747 4197 sibi
770 4139 838 4217 ipsis

46 4236 127 4297 iacies
155 4221 333 4308 vertebant,
348 4236 434 4297 sicuti
462 4235 623 4298 assistentes
655 4238 780 4317 episcopi
809 4241 837 4298 iu

46 4334 312 4405 consecrationibus
329 4336 531 4416 episcoporum
552 4349 629 4399 stare
649 4341 753 4413 solent,
773 4359 838 4399 ma·

46 4439 85 4513 gis
113 4449 214 4497 temen
234 4435 270 4495 ad
289 4435 457 4498 Pontificem
480 4440 624 4501 tendentes
637 4439 659 4523 l,
675 4440 746 4500 dixit
763 4441 837 4501 lianc

46 4538 216 4608 cretionem,
228 4537 342 4596 nullum
360 4537 536 4610 versiculum
549 4542 733 4620 praemittens
746 4559 838 4619 neque

48 4637 200 4699 Dominus
218 4637 389 4710 vobiscum,
404 4638 533 4700 absolute
554 4641 668 4720 incepit,
684 4640 791 4714 dicens,
808 4641 837 4700 in

48 4747 110 4798 tono
121 4729 289 4804 orationum
299 4738 470 4799 solemnium
482 4741 668 4800 festivitatum
685 4752 832 4803 comuste:

51 4836 217 4909 «Oremus,
233 4837 312 4899 Deus
325 4839 375 4914 qui
389 4839 486 4901 adema
505 4857 561 4900 non
583 4839 746 4919 dedigneris
768 4840 835 4900 ubi·

88 5137 122 5195 (tt
140 5135 168 5184 ln
186 5132 303 5183 annalib.
328 5132 465 5195 liaynaldi,
480 5133 525 5195 qui
550 5135 745 5185 coronationem
762 5139 838 5187 inno·

56 5215 128 5264 centii
146 5214 241 5264 Octavi
258 5224 291 5258 ex
308 5211 460 5271 Burcbardu
476 5217 568 5262 nostro
586 5203 723 5275 rescripsit
740 5219 749 5274 (
767 5216 834 5267 Tam.

56 5289 88 5342 tt.
105 5294 178 5343 sedit.
195 5290 326 5348 lucensis,
342 5301 369 5350 ρ.
387 5292 425 5341 75.
442 5294 465 5340 ct
480 5292 549 5352 sco),
560 5293 656 5355 legitur
672 5298 836 5356 conspectam

56 5377 133 5422 crocis
150 5387 200 5424 non
218 5381 357 5430 recessum,
373 5372 451 5421 cruci.
604 5379 607 5382 ·

519 282 806 348 PONTIFlchUS
829 276 1051 344 tuuocnuutt
1072 276 1224 342 uetuit.
1602 363 1603 369 ἵ
1646 287 1687 348 lb

899 422 1037 495 cumque
1049 417 1153 479 deuota
1175 429 1269 481 mente
1287 420 1455 494 invocaris,
1476 420 1574 482 adesto
1594 439 1687 499 quae·

899 535 1000 581 snmus
1020 519 1248 580 invocationibus
1275 521 1400 590 nostris,
1420 531 1449 580 et
1480 518 1549 582 buia
1578 521 1689 581 lemnio

900 627 953 679 tuo
977 620 1162 692 innocentio,
1187 640 1273 700 qoem
1294 623 1331 682 ud
1351 624 1467 684 culmen
1496 623 1687 704 apostolicum

897 715 1040 794 judicium
1056 738 1179 782 comune
1195 732 1260 784 tuae
1275 723 1364 802 plebis
1385 721 1432 805 (E)
1449 724 1548 804 elegit,
1567 724 1689 785 uberta-¹

901 830 1118 900 temsupernae
1142 821 1344 883 benedictionis
1366 823 1511 897 infundes,
1532 835 1565 884 ut
1585 825 1690 884 sentiat

899 938 929 978 se
950 931 1001 980 tuo
1023 938 1143 981 munere
1164 921 1200 980 od
1222 921 1300 982 bunc
1321 925 1439 1002 apicem
1455 925 1616 1004 pervenisse
1635 942 1692 1002 per

899 1017 1048 1080 Christum
1076 1019 1232 1080 Dominum
1259 1033 1391 1082 nostrum
1424 1046 1441 1078 s
1465 1055 1502 1069 -
1525 1023 1590 1102 Ego
1613 1025 1692 1085 tenui

900 1117 1008 1180 librum
1041 1120 1171 1198 praeiato
1208 1120 1355 1182 Cardineli
1390 1125 1551 1185 orationem
1586 1124 1690 1185 dicenti

898 1229 974 1278 stans
995 1218 1032 1279 ad
1053 1218 1116 1296 ejus
1135 1221 1291 1282 sinistram.

942 1321 1031 1384 beate
1051 1325 1183 1386 oratione
1201 1327 1347 1404 praedicta
1363 1347 1415 1407 per
1430 1329 1476 1389 lll.
1492 1329 1529 1389 l).
1544 1329 1575 1389 S.
1586 1329 1690 1399 Marci,

900 1424 936 1485 ll.
948 1425 1149 1505 Neapolitanus
1162 1427 1239 1487 venit
1256 1427 1293 1485 ed
1309 1428 1418 1496 locum,
1431 1428 1461 1487 in
1481 1446 1540 1505 quo
1558 1430 1635 1490 stetit
1653 1428 1689 1488 l).

900 1525 932 1585 S.
947 1521 1053 1597 lilerci,
1070 1528 1120 1604 qul
1140 1527 1262 1587 accessit
1274 1527 1310 1585 ad
1324 1528 1421 1588 locum
1438 1529 1466 1587 in
1493 1547 1552 1606 qno
1572 1539 1691 1590 steterat

899 1624 1115 1705 Neapolitanus,
1137 1627 1234 1707 Papa,
1250 1637 1283 1688 *et
1302 1629 1367 1688 ullis
1387 1629 1531 1702 emeritus,
1553 1640 1585 1689 ut
1607 1630 1690 1707 prius

900 1727 1049 1801 stantibus,
1064 1714 1123 1789 sinc
1136 1728 1228 1789 mitris
1248 1729 1438 1803 manentibus,
1448 1740 1477 1790 et
1496 1730 1555 1809 ipse
1570 1728 1689 1808 lleepo-

899 1828 1015 1900 litenus,
1027 1846 1072 1890 mc
1085 1829 1194 1889 librum
1210 1827 1294 1906 juata
1310 1828 1379 1907 ejus
1397 1828 1541 1890 sinistrum
1564 1840 1687 1900 tenente,

900 1928 1032 1989 similiter
1042 1927 1173 2001 absolute
1184 1929 1331 2007 iucipiens,
1342 1928 1412 1989 dixit
1425 1930 1454 1989 in
1464 1940 1532 1990 tono
1542 1930 1690 2011 praedicto

901 2053 918 2084 e
941 2027 1079 2108 Oremus,
1098 2026 1177 2088 Deus
1194 2028 1245 2106 qui
1265 2028 1435 2108 Apostolum
1456 2040 1542 2090 tuum
1568 2031 1690 2093 Petrum

902 2129 976 2189 inter
998 2139 1108 2189 ceteros
1129 2127 1315 2207 coapostolos
1335 2129 1493 2209 primatum
1520 2142 1616 2193 tenere
1636 2151 1691 2193 vo-

901 2228 991 2301 luisti,
1005 2230 1091 2306 eique
1103 2231 1253 2289 uniuersae
1271 2228 1620 2297 christianitatismolem
1639 2251 1692 2293 su·

901 2320 1136 2409 perimposuisti‚
1167 2329 1277 2407 respice
1308 2329 1473 2409 propitius,
1496 2336 1692 2409 quaesumus,

901 2427 990 2491 lauracx
1009 2430 1152 2492 famulum
1185 2439 1269 2488 tuum
1296 2426 1519 2505 innocentium,
1541 2451 1626 2510 qoem
1657 2451 1692 2494 cx

901 2528 1005 2591 bamili
1026 2529 1165 2591 cathedra
1187 2529 1328 2592 uiolenter
1352 2530 1500 2594 subletum
1525 2533 1688 2595 inenorum

901 2629 1029 2707 ejusdem
1050 2632 1256 2710 Apostolorum
1278 2632 1416 2712 principis
1437 2634 1535 2695 locum
1549 2634 1694 2695 sublima·

902 2733 956 2802 sti,
982 2741 1014 2791 ut
1029 2733 1110 2793 xsicut
1125 2731 1301 2809 profectibus
1322 2743 1417 2793 tentae
1432 2731 1578 2813 dunitatis
1595 2753 1690 2814 auge·
1746 2774 1748 2777 ν

903 2841 965 2902 tur,
986 2832 1029 2891 ite,
1044 2832 1186 2892 uirtutum
1209 2829 1529 2905 praelocutionem,
1550 2844 1693 2911 quatenus

903 2929 1048 2992 Ecclesiae
1075 2929 1269 2993 universitatis
1288 2948 1360 2990 onus
1379 2941 1406 2990 te
1428 2931 1580 3011 adjuvante
1606 2934 1693 3006 ieret,

902 3043 959 3090 eta
977 3042 1004 3093 te
1020 3032 1070 3107 qui
1089 3048 1119 3090 es
1140 3029 1291 3094 Baetitudo
1305 3041 1435 3100 tuscani,
1453 3033 1586 3093 meritam
1599 3034 1690 3094 ricem

903 3131 1040 3209 recipiat:
1061 3130 1112 3208 qui
1136 3130 1211 3189 riuis
1231 3140 1261 3190 et
1281 3143 1460 3208 repausetc.
1481 3156 1498 3188 a
1587 3180 1590 3183 .

944 3231 1073 3302 interim,
1090 3247 1157 3290 cum
1178 3232 1322 3298 orationes
1340 3231 1695 3311 praedictuedicereotor,

902 3333 938 3395 l).
959 3333 1048 3409 Ilugo
1067 3330 1203 3401 licinius,
1224 3332 1288 3393 loco
1310 3333 1414 3410 prioris
1435 3334 1479 3392 soi
1500 3331 1699 3394 subdiacono·

902 3452 982 3505 rurn,
989 3433 1084 3511 posuit
1094 3433 1226 3510 pallium,
1236 3432 1368 3495 Pontifici
1381 3434 1596 3514 imponendum,
1608 3452 1694 3513 super

902 3535 1006 3606 altare,
1027 3544 1055 3594 et
1077 3526 1150 3593 illud
1171 3533 1276 3596 ibidem
1298 3536 1407 3614 aptavit
1428 3553 1509 3597 mora
1527 3547 1674 3596 consueto.

944 3635 1047 3700 Finitis
1058 3634 1239 3696 orationibus
1248 3634 1431 3717 supradietis,
1445 3646 1542 3696 amota
1552 3635 1604 3719 iuit
1617 3633 1697 3696 sedes

904 3736 1009 3816 Papae,
1032 3736 1060 3794 iu
1078 3735 1185 3813 plano,
1207 3746 1240 3795 nt
1261 3754 1350 3814 supra
1372 3736 1560 3806 dictumest,
1581 3735 1696 3813 posita.

903 3845 930 3895 et
942 3851 1042 3894 omnes
1054 3831 1234 3904 cardinales,
1248 3832 1370 3912 demptis
1382 3832 1585 3905 assistentibus,
1596 3830 1633 3890 ad
1645 3846 1697 3891 sata

903 3936 967 3996 loca
988 3945 1056 3996 sunt
1077 3935 1199 3994 reversi.
1221 3934 1299 4013 Papa
1320 3952 1389 3995 vero
1408 3950 1477 3995 cunr
1492 3932 1698 4004 birretto,sioe

904 4037 1009 4108 mitra,
1036 4035 1158 4096 accessit
1183 4035 1218 4094 ad
1242 4034 1407 4107 inferiorem
1433 4033 1560 4111 gradum
1586 4033 1697 4093 altaris.

904 4133 970 4204 Quo
981 4134 1086 4194 ibidem
1105 4133 1275 4206 constituto,
1286 4132 1350 4193 tit).
1362 4132 1505 4204 Senensis,
1514 4145 1544 4194 et
1556 4132 1588 4194 S.
1600 4132 1698 4195 Geor·

903 4237 943 4312 gii
963 4234 1091 4296 seniores
1110 4233 1231 4294 Diaconi
1246 4232 1419 4301 -Cardinales
1440 4232 1633 4309 ascenderent
1661 4233 1700 4293 ed

904 4338 1021 4404 nitere,
1046 4345 1083 4409 et
1101 4334 1221 4413 pellium
1249 4333 1284 4394 de
1310 4335 1404 4398 altare
1425 4334 1593 4413 recipientes
1624 4333 1698 4394 illud

905 4436 1039 4500 Senensis
1054 4435 1091 4495 ud
1102 4435 1262 4507 ,dexteram
1274 4446 1303 4495 et
1318 4435 1351 4504 S.
1367 4435 1487 4514 Georgii
1500 4435 1537 4496 ad
1553 4435 1699 4495 sinistrum

905 4538 999 4618 Papus
1018 4555 1119 4598 coram
1140 4556 1175 4597 eo
1195 4536 1340 4598 elevatum
1363 4535 1625 4614 tenuerun13qaod
1641 4535 1698 4596 Sc·

904 4639 997 4699 nensis
1012 4637 1094 4716 prior
1116 4636 1313 4696 Diaconortuu
1335 4638 1412 4697 solus
1432 4637 1459 4697 in
1480 4635 1579 4696 ombus
1597 4652 1699 4694 manus

904 4749 1039 4820 apertum
1058 4738 1214 4817 accipiens,
1235 4735 1331 4815 Papae
1350 4736 1422 4797 illud
1444 4736 1581 4815 imposuit
1602 4734 1699 4794 dicens

905 4866 921 4897 a
945 4840 1051 4919 Accipe
1072 4839 1204 4918 pellium,
1226 4837 1431 4917 plenitudinem
1451 4836 1561 4897 scilicet
1580 4832 1700 4915 pontili-

904 4939 974 5002 calis
988 4938 1085 5010 olliaii,
1105 4937 1141 4997 ad
1163 4935 1305 5012 bonorem
1326 4937 1527 5016 omnipotentis
1545 4936 1610 5008 Dei,
1629 4936 1698 5014 glo·

904 5043 998 5103 riosaa
1013 5040 1139 5119 Virginis
1154 5039 1263 5100 Mariae
1284 5037 1345 5116 ejus
1368 5037 1526 5117 genitricis,
1541 5038 1699 5100 Eeetorutn

948 5266 1063 5356 tttCum
1078 5296 1221 5357 antiquitus
1236 5291 1382 5350 Pontifices,
1398 5291 1486 5352 populi
1503 5302 1634 5341 conscnsu
1653 5286 1704 5339 ell-

903 5382 1043 5439 uarentur,
1061 5378 1119 5428 irinc
1136 5376 1250 5425 formula
1268 5373 1356 5435 precis
1374 5371 1529 5434 permansit·
