3780 6030
29 241 140 325 (aian

74 373 225 438 Dominica
252 375 301 438 tt.
325 374 453 453 januarii
476 378 603 455 proxima
625 389 691 440 ante
718 378 819 442 testum

31 480 62 539 S.
84 480 199 557 Antonii
220 478 341 552 abbatis,
361 479 439 557 quod
459 479 532 541 leria
559 492 663 559 quarta
691 481 822 559 proximu

31 580 80 642 l'l.
107 570 235 660 ejudem
264 579 445 653 celebratur,
477 581 531 642 luit
557 593 685 643 emensus
714 582 821 645 Vultus

30 682 159 742 Sanctus
179 683 207 742 in
228 682 344 743 basilica
366 680 398 742 S.
418 679 509 755 Petri,
530 693 564 745 ut
584 683 740 745 mariscot.

72 781 227 846 Praeterea
249 782 403 846 hisdiebus
418 785 495 846 venit
507 785 544 844 ad
558 784 667 850 Urbem
687 783 765 845 llius.
782 783 818 844 D.

30 882 173 962 Princeps
199 883 459 956 salernitanensis,
483 884 532 962 qul
554 904 570 942 a
592 884 705 954 familiis
726 884 760 947 ll.
782 885 816 947 li,

30 982 274 1063 Neapolitanensis
286 1028 295 1057 ,
315 983 348 1045 S.
374 972 451 1047 Petri
473 984 509 1044 ud
530 985 673 1055 vincula,
699 985 735 1046 de
761 985 842 1048 Sa·‘

30 1085 140 1157 bellis,
167 1084 202 1146 de
231 1083 371 1146 Columna
394 1085 592 1147 cardinalium
620 1097 756 1164 receptus
790 1097 819 1150 ct

30 1203 126 1264 osque
142 1185 179 1245 ad
196 1185 504 1265 Sanctumdpoctolor.
522 1187 620 1248 domos
638 1181 674 1247 ll.
691 1186 819 1251 l).-car·

30 1285 135 1358 dioclis
147 1284 180 1345 S.
191 1284 272 1346 Petri
289 1285 325 1345 ad
342 1285 463 1348 Vincula
480 1287 613 1366 praelati,
626 1286 676 1347 ubi
695 1286 818 1366 bospitio

32 1396 184 1465 receptus,
200 1385 356 1450 associatus
370 1398 434 1459 ειη
451 1387 526 1449 inter
545 1406 630 1466 qoem
642 1389 817 1454 eticomitem

31 1485 195 1555 Tondillae,
211 1481 365 1546 Oratorem
382 1486 469 1564 Regis
489 1486 652 1566 Hispaniae,
664 1486 719 1553 boc
735 1503 818 1552 manc

29 1603 120 1663 super
141 1584 338 1663 praecedentia
353 1596 417 1653 orta
438 1596 482 1648 cst
497 1589 649 1673 contentio.
666 1586 737 1648 Nam
753 1605 819 1647 am·

29 1682 172 1743 honusta
190 1685 284 1764 platea
305 1684 338 1753 S.
359 1685 440 1751 Petri
459 1687 642 1748 existentibus
661 1698 692 1749 et
712 1688 767 1752 SS.
782 1688 817 1750 l).

29 1781 64 1843 N.
83 1785 228 1846 annelare
251 1786 435 1858 volentibus,
456 1803 501 1847 me
521 1787 692 1859 ordinante,
716 1787 818 1852 &mer

29 1884 197 1964 Principem
225 1886 298 1946 inter
326 1905 356 1945 se
381 1896 410 1945 et
438 1885 608 1951 senatorem
634 1887 721 1959 Urbis
736 1932 745 1957 ,
759 1889 817 1967 rqui

29 1987 119 2045 etum
139 1984 250 2057 aderat,
268 1983 392 2046 medium
412 1985 540 2066 recipere
558 1991 704 2050 recusarit
720 1987 815 2050 dicens

29 2104 60 2146 se
75 2084 261 2163 digniorem,
282 2087 332 2162 qui
350 2086 492 2165 potentior
514 2087 561 2158 sit,
576 2107 616 2149 ac
635 2085 817 2166 ‘RegisOra-

32 2196 126 2246 torem
136 2205 209 2259 esse,
224 2198 375 2266 propterea
391 2187 432 2247 illi
445 2188 658 2266 praeferendus.
674 2188 817 2268 Respondi

32 2304 89 2346 non
109 2285 221 2345 divitias
241 2297 271 2346 et
292 2287 444 2366 potentiam
466 2288 572 2348 attendi
597 2301 742 2367 oportere,
768 2289 817 2354 sed

32 2385 133 2446 titulos
154 2384 306 2463 diguitatis.
324 2387 494 2466 Propterea,
515 2387 676 2468 Principem
688 2390 739 2467 qui
753 2406 819 2450 tna-

28 2483 79 2562 jor
98 2494 141 2544 est
160 2486 272 2546 cntnite
290 2498 321 2548 et
340 2485 616 2565 dlarcbiune'juxta
639 2487 722 2567 regul
743 2507 818 2550 coo·

33 2582 212 2644 suetudinem
227 2586 313 2646 etiam
327 2586 430 2647 ducem
442 2589 533 2666 ipsum
551 2588 719 2668 praecedere
730 2589 819 2650 debe-

33 2703 68 2745 re
77 2706 89 2757 3
107 2696 138 2745 ut
158 2685 295 2748 comitem
318 2687 400 2766 longe
419 2689 526 2767 magis,
541 2707 596 2750 non
613 2700 645 2749 ut
662 2686 817 2752 Oratorem

31 2782 132 2863 Regis,
143 2785 211 2862 qula
231 2799 263 2853 ut
282 2785 366 2847 talem
381 2788 467 2848 etiam
486 2788 607 2850 Senator
623 2789 711 2852 Urbis
730 2809 818 2869 prae·

33 2884 142 2945 cederit
153 2883 260 2964 ipsum3
275 2886 345 2946 haec
356 2889 515 2967 opinionem
524 2888 816 2952 Comitiaturbarunt.

34 2984 294 3046 vicecancellarius
307 2998 336 3048 et
353 2987 564 3068 andegavensis
576 2989 750 3065 cardinales,
766 3010 817 3054 ra·

36 3084 161 3146 tionibus
174 3086 242 3146 meis
258 3087 639 3167 intellectisacquieverunt.
651 3089 718 3151 Mox
725 3091 818 3153 sciens

36 3186 177 3262 quosdam
188 3185 284 3248 dicere
295 3188 401 3249 meSS.
414 3188 448 3249 D.
456 3188 489 3248 N.
496 3207 583 3269 super
592 3189 650 3270 ,noc
661 3191 818 3254 informare

33 3284 147 3358 debere,
167 3289 216 3364 qul
236 3298 309 3347 esset
323 3306 378 3366 pro
396 3289 532 3361 comite,
553 3288 630 3349 dixi:
650 3312 666 3344 a
688 3290 721 3350 Si
739 3291 817 3370 Papa

32 3403 84 3464 pro
96 3385 222 3456 comite,
241 3386 304 3463 quis
322 3406 376 3466 pro
387 3386 500 3466 justitia
515 3388 594 3449 erit?
612 3413 628 3445 ι
640 3389 818 3467 Equitarnnt

32 3486 145 3546 interim
180 3484 331 3568 ordinate,
353 3488 437 3546 ambo
464 3489 550 3567 primi
573 3489 728 3563 videlicet3
747 3509 815 3553 cnm

32 3584 134 3646 comes
157 3572 340 3650 nihilominus
360 3592 539 3667 superiorem
560 3589 657 3653 iocutn
681 3594 818 3654 retineret

32 3685 59 3744 in
80 3684 215 3746 Ecclesia
237 3684 267 3744 S.
289 3685 383 3759 Pauli,
407 3687 460 3748 SS.
483 3690 519 3749 D.
537 3688 583 3761 u,
605 3690 745 3757 intellecta
766 3710 819 3751 ra·

32 3788 108 3849 tione
125 3804 203 3858 mea,
217 3788 346 3848 mandari
363 3786 449 3865 jussit
464 3790 592 3868 utrisque
613 3802 714 3854 neutre
725 3793 819 3853 officio

29 4037 167 4091 Benedicti
184 4037 373 4090 illabotbarius
389 4040 452 4090 obiit
469 4041 510 4091 dia
527 4045 566 4092 28.
579 4032 737 4105 septembris
757 4051 817 4098 anni

27 4123 80 4171 055.
93 4119 251 4171 Benedictus
268 4124 438 4170 consecratus
454 4121 496 4172 die
509 4125 551 4171 ⁴29.
569 4123 687 4184 ejusdam
706 4126 816 4174 mensis.

28 4198 80 4249 Leo
97 4199 140 4249 lv.
155 4200 181 4248 in
199 4200 264 4249 rivis
278 4199 388 4262 degebat
404 4201 446 4251 die
464 4203 618 4264 coangusti
635 4204 694 4254 anni
711 4204 764 4253 ost.
788 4209 816 4255 ut

31 4283 144 4342 apparet
167 4291 201 4328 ex
223 4278 292 4327 bulla
316 4278 442 4342 ejusdcm⁴
459 4282 519 4330 diei.
547 4282 698 4332 Anastasius
726 4289 815 4336 narrat

31 4358 104 4407 iiiam
128 4357 278 4406 decessisse
294 4356 337 4406 die
355 4361 391 4408 17.
405 4360 480 4421 julii,
496 4361 552 4409 sine
570 4363 629 4410 anni
647 4357 813 4411 indicatione.

31 4436 82 4486 sed
104 4437 127 4486 si
153 4434 261 4484 vivebat
277 4435 319 4485 die
336 4438 374 4486 ro.
392 4439 493 4498 augusti
511 4439 568 4488 anni
586 4441 657 4498 85⁶4
682 4441 703 4490 si
726 4452 816 4491 mense

32 4515 260 4578 septembriarum
272 4516 325 4565 855.
341 4519 365 4564 in
382 4517 447 4565 solio
459 4516 598 4580 ponttdcali
608 4518 763 4569 Benedictus
776 4519 816 4569 lll.

34 4592 161 4653 sedebat,
178 4598 207 4643 ut
223 4606 238 4642 e
254 4595 411 4644 numismate
427 4595 640 4655 demonstratur,
657 4601 739 4648 restat
754 4598 818 4648 Leo·

34 4687 92 4722 nem
111 4686 126 4722 e
145 4675 198 4722 rita
226 4673 339 4737 migrare
367 4675 483 4736 potuisse
510 4679 610 4726 tantum
628 4678 669 4726 dia
694 4680 731 4727 tt.
755 4678 812 4738 lulli

37 4754 95 4801 anni
118 4752 174 4801 855.
196 4752 268 4801 later
291 4752 401 4802 Leonem
422 4757 448 4802 et
471 4753 638 4804 Benedictum
661 4756 726 4806 duos
746 4757 815 4806 sedis

38 4831 155 4880 vacantis
182 4840 287 4880 manses
315 4832 520 4892 intercessisse,
549 4834 702 4886 Anastasius
725 4839 817 4885 auctor

41 4910 113 4959 nobis
139 4913 190 4962 ert.
212 4909 280 4973 Ergo
304 4923 352 4973 pro
373 4911 478 4973 Papiasa
504 4913 619 4963 cedias
642 4914 746 4977 quidem
774 4927 819 4965 ra·

42 4994 98 5039 stat.

77 5067 182 5117 Frustra
204 5072 295 5117 contra
322 5068 386 5118 baec
411 5069 540 5134 quaedam
558 5067 680 5119 dixerunt
695 5069 816 5120 Llorente

44 5145 173 5201 trarnccs
190 5145 322 5208 potitipucs
347 5148 389 5197 dea
404 5149 503 5210 Paper,
523 5151 584 5196 tom.
606 5148 623 5197 l.
636 5151 652 5208 ),
667 5146 704 5198 De
732 5149 817 5200 Potter

46 5223 333 5289 incontaminatae),
344 5229 444 5289 aliique.
461 5226 567 5276 Praeter
577 5227 656 5287 dicta,
668 5238 719 5277 non
731 5229 816 5280 minus

50 5309 137 5354 certam
155 5312 195 5356 est
211 5319 323 5358 coaevos
346 5319 437 5357 ornnes
454 5320 505 5356 non
522 5307 605 5357 solum
623 5306 656 5357 de
673 5305 741 5368 Papa
759 5319 816 5358 mu·

495 238 782 305 PONTlllch‘l'US
805 241 1028 306 tunoctcuru
1047 241 1198 304 uertit.
1634 241 1675 302 at

887 382 1036 453 interesse,
1056 387 1146 458 prout
1160 377 1271 439 lactum
1287 386 1339 438 cst.
1360 376 1455 458 Finita
1473 375 1568 448 blissa,
1586 373 1678 470 Papa,

887 470 1002 542 dimisso
1027 488 1098 541 ante
1131 479 1222 540 altare
1243 476 1388 557 pluviali,
1410 476 1437 536 in
1456 477 1529 538 stola
1555 474 1675 534 intrarit

887 579 1117 651 monasterium,
1137 576 1186 636 ubi
1207 576 1274 638 iecit
1295 574 1470 656 prandium,
1492 575 1607 637 retentis
1627 593 1676 634 se·

850 719 851 723 =
886 697 954 741 oum
975 678 1118 757 aliquibus
1138 676 1345 739 cardinalibus.
1363 676 1487 737 Peracto
1505 674 1626 754 prandio
1639 672 1674 733 S.

888 779 919 849 S.
942 779 1065 839 restituit
1082 788 1176 838 casua
1197 776 1229 837 St
1250 776 1332 839 Pauli
1355 777 1383 837 in
1402 795 1510 856 guerra
1525 776 1674 856 superiore

888 889 968 959 nna
986 861 994 952 ',
1011 889 1041 944 a
1060 878 1163 945 annau
1195 878 1339 940 ticenum
1361 878 1568 945 concesserim
1589 877 1669 937 nnn·

887 979 991 1041 traudi.
1012 979 1118 1046 Deinde
1140 980 1218 1041 circa
1246 978 1350 1041 horam
1379 963 1496 1039 xxtssiu
1516 996 1551 1039 eo
1572 976 1672 1036 babitu
1754 977 1759 986 '

885 1099 921 1148 tic
942 1080 1041 1146 eodem
1068 1078 1168 1142 ordine
1195 1098 1246 1159 per
1267 1080 1395 1141 eamdem
1420 1080 1495 1139 viam
1522 1078 1674 1160 rediitad

885 1181 1029 1243 Palatium
1041 1180 1117 1260 apud
1133 1179 1164 1240 S.
1181 1180 1314 1252 Petrum,
1326 1177 1558 1258 praecedentibus
1573 1181 1669 1260 ipsuaa

886 1281 983 1344 cruce
1011 1293 1040 1344 ot
1072 1280 1271 1356 cardinalibus
1292 1299 1326 1342 ac
1347 1280 1487 1360 Principe
1512 1279 1673 1341 Salernita-

885 1400 978 1444 nanse.
1002 1382 1103 1445 Comes
1124 1401 1193 1443 reru
1214 1382 1363 1442 Tondillae
1383 1400 1441 1442 non
1462 1380 1607 1441 interluitc
1627 1381 1673 1441 ci·

886 1492 930 1543 tra
951 1492 1065 1563 pontem
1088 1481 1119 1541 S.
1141 1483 1260 1561 Aureli,
1279 1480 1463 1554 cardinales,
1488 1481 1624 1541 licentiati
1655 1501 1672 1540 a

884 1580 973 1662 Papa,
994 1580 1093 1642 domos
1113 1580 1268 1669 redierunt.

927 1683 1012 1745 Feria
1027 1683 1137 1762 quinta,
1150 1684 1177 1744 l.
1191 1684 1295 1745 mettsis
1315 1683 1465 1757 februarii,
1477 1702 1528 1763 per
1549 1683 1673 1753 Urbem,

886 1783 960 1844 tubis
981 1784 1196 1860 resonantibus,
1217 1785 1395 1864 proclamata
1417 1795 1461 1845 est
1480 1782 1673 1845 confederatio

886 1884 960 1946 inter
975 1901 1121 1945 summum
1139 1883 1317 1955 Pontillccm,
1340 1896 1369 1946 et
1387 1884 1524 1946 morinos
1539 1882 1674 1944 Venetia·

886 2004 952 2046 rum
973 1997 1003 2047 et
1022 2001 1125 2047 eorum
1140 1985 1319 2058 adherentes,
1331 1985 1458 2046 subditos
1473 1997 1529 2046 etc.
1541 1984 1579 2044 ad
1595 2000 1674 2045 xxv.

883 2103 982 2159 annos,
994 2096 1029 2147 et
1047 2084 1146 2149 deinde
1168 2084 1310 2164 quamdiu,
1322 2086 1455 2165 partibus
1471 2084 1603 2165 placebit,
1631 2139 1633 2145 ,

924 2187 1010 2251 Fetia
1022 2197 1110 2260 mata,
1124 2187 1154 2248 B.
1173 2187 1324 2260 februarii,
1339 2188 1445 2250 iactum
1461 2185 1674 2248 Purillcationis

884 2288 918 2349 B.
937 2287 979 2350 tt.
993 2286 1040 2360 V,
1060 2286 1115 2348 SS.
1137 2287 1174 2348 D.
1195 2285 1230 2347 N.
1252 2305 1319 2347 cum
1341 2287 1370 2347 in
1389 2306 1503 2348 camma
1524 2286 1673 2366 Papagalll

884 2388 1049 2468 paramenta
1082 2399 1216 2449 consueta
1246 2388 1408 2467 acciperet,
1429 2387 1576 2446 mandarit
1602 2384 1673 2444 mibi

884 2487 963 2566 quod
983 2487 1111 2549 dicerem
1131 2488 1348 2568 archiepiscopo
1361 2487 1393 2548 S.
1417 2487 1547 2548 Andreae
1565 2496 1594 2546 et
1608 2484 1674 2565 epi·

884 2587 1152 2668 scopoclasquensi
1172 2585 1347 2649 Oratoribus
1362 2586 1450 2666 Regis
1461 2586 1580 2647 Scotiae
1595 2584 1673 2662 qnpd

885 2691 1016 2752 cederent
1037 2690 1151 2760 locum,
1177 2699 1207 2750 et
1234 2706 1324 2767 supra
1349 2707 1378 2748 se
1404 2673 1509 2748 darent
1539 2686 1672 2765 episcopo

885 2791 1071 2854 Siremiuensi
1089 2788 1209 2853 Oratori
1225 2789 1313 2868 Regis
1325 2789 1481 2868 Ungariae,
1494 2807 1530 2848 ex
1540 2805 1579 2848 ⁴co
1594 2783 1672 2863 quod

884 2903 1013 2972 tempore
1028 2893 1075 2954 iel.
1094 2911 1136 2953 re.
1155 2890 1199 2951 Pii
1213 2891 1308 2970 Papae
1322 2889 1439 2951 secundi
1459 2888 1586 2948 deciam
1600 2895 1674 2947 essm

883 3003 913 3053 et
933 2991 1209 3069 declaratumquod
1229 2990 1291 3051 Rex
1313 2991 1459 3069 Ungariae
1477 2988 1592 3049 Sentice
1610 2984 1673 3044 lie·

883 3109 950 3169 gem
971 3090 1162 3171 praecederet.
1181 3089 1320 3151 Similiter
1331 3101 1365 3150 -et
1382 3089 1497 3148 domiuo
1518 3083 1676 3146 ldelcbiori

884 3191 1020 3254 Turelnti
1042 3188 1456 3253 01·atorillius.liarcbionis
1478 3184 1674 3249 Brandebur·

884 3292 986 3370 gensis,
1002 3310 1050 3352 seu
1069 3291 1168 3351 irati-is
1179 3290 1233 3364 sui,
1246 3290 1322 3368 quod
1344 3308 1400 3351 non
1422 3288 1532 3350 reniret
1545 3287 1582 3347 ad
1601 3303 1673 3364 cap-

884 3393 987 3471 pellam
1007 3391 1051 3454 ad,
1064 3391 1230 3452 evitandum
1252 3390 1468 3452 contentionem
1489 3389 1564 3450 inter
1582 3399 1671 3458 eum,

883 3504 912 3556 et
935 3491 1090 3555 Oratorem
1109 3479 1236 3553 Domiuii
1267 3493 1449 3554 Veneriorum
1471 3491 1521 3570 qui
1553 3499 1672 3568 propter

884 3592 1141 3655 confederationem
1162 3592 1375 3672 publicandam,
1396 3592 1451 3653 hac
1471 3608 1578 3660 mane,
1598 3605 1671 3650 ren·

885 3703 970 3753 turus
990 3706 1063 3755 esset
1083 3693 1118 3752 ad
1138 3694 1305 3773 cappellam.
1325 3692 1391 3754 Dixi
1401 3717 1411 3766 3
1426 3693 1528 3769 utique
1549 3690 1673 3751 [intet-

885 3793 969 3859 cbior
987 3795 1154 3873 acqitierit,
1173 3794 1222 3854 sed
1242 3795 1290 3854 alii
1313 3814 1342 3854 se
1364 3801 1572 3872 opposuerunt.
1598 3787 1671 3850 Nata

884 4050 949 4100 licre
976 4050 1102 4106 siluisse,
1127 4048 1173 4096 sed
1201 4049 1234 4096 de
1264 4047 1432 4096 successione
1459 4041 1592 4093 Benedicti
1626 4039 1670 4089 lli.

883 4129 962 4179 Leoni
981 4128 1018 4177 lv.
1035 4127 1114 4177 dubia
1131 4128 1201 4176 nulia
1218 4128 1347 4176 emisisse.
1364 4124 1480 4173 Tandem
1498 4134 1547 4171 nec
1562 4119 1671 4178 bullam,

885 4219 933 4258 nec
961 4207 1118 4269 epistotam,
1145 4218 1230 4266 neque
1257 4204 1384 4265 scriptum
1411 4202 1507 4254 asserti
1536 4199 1670 4251 biennalis

885 4285 1052 4336 Pontificatus
1069 4285 1222 4334 defensores
1238 4284 1409 4339 invenerunt;
1422 4294 1472 4330 non
1490 4281 1588 4337 solutae
1599 4278 1670 4327 nulla

885 4351 1013 4428 synodus,
1031 4358 1116 4414 aulius
1134 4364 1273 4423 episcopus
1291 4361 1442 4410 niemorlnm
1455 4359 1487 4408 de
1505 4359 1548 4407 iilo
1566 4355 1671 4420 pontid·

886 4446 954 4499 catu,
971 4454 1054 4502 neque
1072 4453 1118 4502 per
1135 4438 1317 4499 incidentium,
1335 4441 1505 4503 reliquerunt·
1522 4435 1589 4498 Quid
1609 4448 1671 4485 con-

887 4520 1044 4575 cludendum
1054 4522 1067 4567 ‘t
1076 4519 1245 4569 Narrationes
1258 4530 1348 4567 omnes
1356 4518 1392 4567 -de
1403 4516 1519 4567 iohanne
1530 4516 1585 4566 lere
1602 4527 1672 4565 earn·

885 4602 944 4652 den
960 4599 1144 4649 auctoritatem
1171 4597 1289 4655 babere,
1304 4610 1381 4661 quam
1399 4596 1451 4646 sibi
1468 4595 1604 4645 vindicant
1626 4594 1670 4643 bi·

889 4678 1014 4730 storiolae
1031 4677 1063 4726 de
1081 4677 1185 4738 Papissa
1204 4689 1217 4724 a
1235 4675 1350 4727 iohanne
1367 4675 1508 4726 Boccaccio
1525 4674 1581 4734 (De
1597 4673 1674 4725 claris

887 4757 1075 4818 molientium.
1093 4759 1131 4805 7³.
1148 4766 1204 4814 cop.
1221 4757 1258 4805 79.
1274 4754 1324 4803 edit
1350 4754 1450 4804 Bernae
1469 4754 1594 4806 insonet
1610 4751 1675 4801 aio-

890 4838 975 4886 hanne
988 4823 1116 4897 'Baptista
1143 4833 1213 4883 Casti
1229 4831 1356 4896 (Novella
1378 4831 1474 4882 xxiiii.
1497 4831 1534 4882 io
1550 4832 1676 4891 Pnpcasc)

889 4920 1022 4966 narratae.
1114 4964 1117 4971 ,

926 4996 954 5044 ln
971 4992 1152 5050 adnotatione,
1168 4992 1217 5041 etsi
1235 5004 1287 5041 non
1305 4990 1399 5049 brevi,
1416 4988 1579 5050 impossibile
1601 4992 1673 5038 esset

888 5077 980 5123 cuncta
998 5072 1030 5120 de
1046 5072 1208 5131 argumento,
1226 5070 1320 5131 inquo
1338 5067 1423 5116 tribus
1441 5071 1467 5116 et
1485 5066 1596 5128 amplius
1614 5078 1672 5123 sae,-

886 5153 950 5200 cuiis
970 5149 1130 5212 disputatum
1150 5150 1190 5197 est
1207 5146 1239 5196 ab
1258 5147 1405 5195 innumeris
1417 5145 1590 5208 scriptoribus
1602 5177 1617 5201 ,-
1628 5157 1672 5195 re·

887 5230 966 5279 turre.
990 5228 1060 5291 Opus
1087 5228 1118 5277 Α.
1142 5225 1359 5277 Biaoclri·(3iorini
1386 5224 1570 5281 universorum
1598 5226 1671 5277 desi·

885 5309 959 5360 dorio
976 5307 1093 5359 sulltcict.
