3758 6030
178 240 242 306 256

179 375 229 447 aiii
244 374 303 435 duo
324 373 580 449 ducentes‘equum
595 387 733 449 maguum
749 367 897 441 vestitum,
907 370 968 432 sire

180 572 359 631 praesentium
380 568 414 617 de
437 565 564 629 specialia
584 566 652 616 dono
670 566 769 628 gratiae
786 564 972 626 indulgemus,

181 648 279 710 illaque
291 647 318 695 in
335 646 457 696 omuibus
474 649 500 694 et
518 658 565 708 per
582 647 668 694 omnia
680 644 719 695 ad
736 657 784 693 vos
803 643 969 705 heredesque

181 739 211 775 so
228 739 400 776 successores
425 730 530 775 vestros
547 724 699 786 praedictos
715 722 883 772 extendimus
900 720 971 783 pari·

182 807 223 865 ter
239 811 266 854 et
283 806 459 867 ampliamus,
474 816 504 851 ac
521 802 621 852 eisdem
638 801 715 851 modo
732 805 758 851 et
775 801 858 849 iorma
875 811 970 862 perpe·

181 887 226 932 tuo
243 885 428 943 concedimus,
445 895 495 931 uon
512 871 681 930 obstantibus
698 873 930 929 constitutionibus
943 883 971 928 et

182 963 391 1012 ordinationibus
413 961 586 1023 apostolicis,
601 973 650 1010 neo
675 973 727 1009 non
753 958 876 1008 omuibus
904 957 970 1011 iilis.

183 1054 252 1104 quae
265 1041 290 1089 in
304 1042 386 1089 literis
402 1038 575 1101 Portugalliae
592 1039 704 1101 Regibus
721 1039 855 1088 concessis
878 1036 971 1097 hujus·

183 1121 253 1168 modi
270 1131 398 1168 concessa
416 1122 491 1166 sunt=
510 1130 561 1167 uon
579 1116 763 1176 obstantibus,
782 1120 832 1165 etc.
849 1114 905 1163 Det.
920 1115 972 1162 Ro·

183 1209 241 1247 mae
258 1197 327 1258 apud
348 1196 373 1245 S.
396 1195 499 1244 Petrum
525 1206 592 1244 anno
616 1204 773 1247 raccccxcuc
793 1206 817 1241 v.
834 1203 894 1242 non.
911 1191 971 1239 maii

182 1277 348 1339 pontificatus
365 1279 446 1325 nostri
463 1287 530 1323 anno
548 1266 600 1324 il».

225 1354 323 1404 Rodem
341 1355 384 1403 die
401 1354 449 1415 laic
464 1351 621 1417 sensatum)
639 1352 709 1402 aliud
726 1350 842 1414 diploma
861 1350 926 1413 (emt.
944 1348 971 1396 in

183 1434 226 1483 ith.
245 1437 267 1483 t.
282 1434 371 1484 haiior.
391 1434 457 1495 sign.
481 1437 514 1482 a⁰
540 1436 577 1484 ts.
603 1446 630 1498 p.
655 1432 715 1497 ts),
739 1444 792 1495 quo
814 1432 875 1478 novi
898 1426 971 1477 orbis

186 1513 325 1574 imperium
343 1511 455 1574 Regibus
482 1510 667 1574 Hispaniarum
691 1509 897 1560 confirmabatur
913 1506 971 1556 edi·

185 1596 240 1640 tum
262 1596 318 1650 est,
332 1604 383 1653 quo
400 1591 510 1641 eaedem
526 1581 728 1652 praerogativae
749 1591 827 1649 atque
849 1585 972 1634 immuni·

185 1675 255 1722 tates
269 1672 383 1743 collatae
400 1674 476 1729 suut,
493 1669 590 1731 quihus
610 1671 692 1729 Reges
709 1665 825 1716 Lusitani
842 1665 868 1713 in
883 1663 972 1712 dirius

190 1754 216 1798 ct
233 1749 342 1798 occidua
359 1749 495 1810 Aethiopia
513 1749 603 1797 donati
620 1749 705 1796 erant.
722 1744 812 1794 'terlio
828 1742 971 1803 diplomate

187 1827 338 1877 Alexander
355 1827 389 1877 ad
404 1826 602 1882 controuersias
626 1835 693 1888 quae
719 1823 788 1871 inter
809 1820 972 1870 Castailanos

187 1918 219 1955 ac
238 1909 377 1956 Lusitanos
395 1906 494 1955 oboriri
512 1908 639 1966 possent,
662 1903 724 1952 dum
741 1900 872 1951 classibus
889 1897 973 1947 Ocea·

185 1998 247 2035 num
266 1986 422 2062 sulcabant,
438 1983 600 2034 dirimendas
617 1982 702 2033 indiae
719 1976 880 2047 orientales,
897 1975 972 2024 Occi·

185 2064 360 2126 deulatesqua
376 2064 507 2113 discrevit
530 2063 672 2124 diplomate
697 2061 772 2110 hisce
797 2056 886 2107 verbis
909 2066 974 2103 con·

188 2145 275 2203 cepto.
678 2137 682 2143 '
802 2164 804 2168 ·
831 2167 832 2171 =
864 2162 867 2170 <

232 2239 242 2262 ι
256 2220 408 2269 Alexander
420 2210 676 2281 episcopusservus
687 2217 828 2266 Servorum
840 2212 974 2272 betcha-

124 2317 135 2341 ο
186 2298 293 2349 sissimo
311 2300 336 2347 io
353 2299 458 2348 Christo
475 2297 537 2347 Filio
550 2296 717 2346 ferdinando
728 2295 805 2357 Regi,
823 2298 850 2343 et
865 2292 975 2342 Charis·

186 2379 269 2426 simae
287 2362 311 2425 in
329 2374 684 2427 ChristoRitiaeiilisabeth
699 2374 812 2436 Reginae
828 2370 975 2429 Castaliae,

185 2454 311 2518 Legionis,
328 2457 501 2517 arragonum,
516 2455 629 2513 Siciiiae,
639 2458 666 2503 et
677 2453 808 2502 Granatas
820 2450 972 2505 illustribus

186 2537 299 2584 salutem
320 2539 347 2584 et
365 2533 781 2597 apostoticam,benedictionem·
799 2531 872 2583 iuter
883 2534 973 2580 cetera

186 2603 293 2663 divinae
310 2612 455 2675 itajestatis
472 2613 639 2676 beneplacita
656 2624 758 2674 opera,
774 2614 801 2661 et
817 2610 907 2662 cordis
923 2621 973 2659 uo·

186 2694 235 2743 stri
253 2690 456 2750 desiderabilis,
473 2691 537 2740 illud
552 2688 673 2752 protecto
689 2689 854 2752 potissimum
867 2690 975 2748 existit,

186 2775 215 2821 ui
231 2770 308 2820 Fides
320 2769 455 2819 Catholica
468 2772 495 2818 et
506 2769 655 2819 Christiana
667 2769 764 2829 Religio
779 2771 881 2818 nostris
898 2779 976 2830 prae·

188 2851 280 2899 sertim
299 2848 464 2910 temporibus
482 2849 615 2898 exaltetur
626 2860 656 2897 ac
668 2847 780 2896 ubilibet
792 2847 932 2908 amplietur
948 2849 975 2894 et

166 2985 170 2998 ,
187 2929 325 2987 dilatetur,
342 2928 543 2989 animarumque
561 2929 632 2975 satus
654 2929 814 2988 procuretur
829 2936 861 2993 ac
877 2923 975 2992 harba-

187 3009 258 3057 ricae
272 3008 393 3057 nationes
408 3007 590 3068 deprimantur
607 3009 634 3055 et
651 3006 684 3055 ad
701 3005 790 3056 Fidem
808 3003 978 3054 reducantur.

189 3083 260 3134 Unde
277 3098 336 3135 cum
354 3086 387 3141 ad
404 3086 473 3134 hanc
497 3097 599 3134 sacram
617 3084 686 3133 Petri
709 3085 800 3135 sedem
825 3083 915 3149 divina
937 3082 977 3132 ta·

189 3169 269 3212 vente
287 3164 427 3212 clementia
444 3165 546 3212 meritis
565 3165 625 3212 licet
637 3164 800 3225 imparibus,
816 3163 904 3213 evecti
921 3162 978 3212 ius·

189 3243 287 3298 rimus,
303 3245 493 3304 cognoscentes
512 3254 559 3291 vos
576 3246 710 3303 tamquam
730 3254 810 3291 veros
827 3242 976 3290 catholicos

189 3323 272 3386 Reges
294 3325 320 3370 et
342 3320 489 3383 Principes,
510 3322 602 3383 quales
624 3333 729 3383 semper
751 3321 834 3370 tuisse
856 3322 977 3370 novimus

192 3406 219 3451 et
236 3415 250 3450 a
267 3401 345 3451 vobis
361 3401 500 3464 praeclare
512 3405 586 3464 gesta
598 3402 645 3451 toti
663 3412 733 3463 pene
746 3401 800 3462 iam
818 3400 877 3449 orbi
894 3401 978 3449 notis·

194 3484 259 3532 sima
271 3481 464 3538 demonstrant,
474 3481 571 3530 nedum
584 3481 610 3531 id
622 3484 763 3543 exoptare,
779 3479 827 3529 sed
844 3478 914 3535 omni
932 3490 979 3527 co·

193 3565 256 3609 natu
274 3559 362 3610 studio
380 3562 406 3609 et
423 3559 555 3622 diligentia
572 3559 819 3619 nutitsiehorihus‚
835 3559 915 3608 uultis
932 3558 979 3607 im·

192 3639 284 3700 pensis
300 3637 432 3698 nullisque
448 3630 587 3698 parcendo
599 3639 725 3700 periculis
747 3640 824 3689 etiam
841 3637 977 3699 proprium

194 3718 346 3777 sanguinem
372 3714 529 3765 eliuudendo
553 3717 657 3767 edicere
680 3730 714 3766 ao
736 3729 838 3767 omnem
863 3718 977 3766 animum

193 3801 327 3856 vestrum,
344 3808 489 3859 omnesque
506 3802 617 3847 conatus
633 3798 667 3847 ad
683 3798 733 3847 hoc
746 3799 801 3859 jam
818 3797 916 3846 dudum
933 3796 978 3846 de·

191 3873 310 3935 dicasse,
325 3875 547 3940 quemadmodum
563 3878 730 3938 recuperatio
747 3876 826 3938 Regni
847 3877 979 3924 Graoatae

191 3965 206 4001 a
224 3953 364 4017 tyrannide
379 3954 571 4006 Saracenorum
589 3953 724 4006 hodiernis
736 3953 906 4020 temporibus
929 3965 979 4014 per

191 4031 242 4082 Vos
267 4045 325 4083 cum
348 4038 421 4083 tanis
445 4034 527 4084 divini
548 4034 666 4086 nominis
690 4035 779 4095 gioria
803 4032 870 4081 iacta
897 4034 980 4081 testa·

191 4115 250 4171 tur,
274 4112 398 4163 duximus
418 4126 471 4163 nou
492 4115 629 4163 immerito
645 4116 672 4163 et
689 4109 817 4163 debemus
839 4111 885 4161 illa
901 4109 978 4160 vobis

191 4192 270 4241 etism
288 4196 383 4254 sponte
400 4199 427 4244 et
444 4193 626 4247 favorabiliter
649 4194 817 4252 concedere,
837 4179 889 4254 'per
909 4203 979 4254 quae

195 4268 346 4332 hujusmodi
362 4277 483 4323 sanctum
507 4277 533 4323 et
560 4273 691 4323 iaudahiie
715 4285 745 4323 ac
763 4272 903 4321 immortali
923 4270 978 4319 Deo

193 4354 330 4413 occeptum
355 4354 521 4414 propositum
540 4353 639 4403 indies
664 4347 819 4402 ferventiori
841 4350 928 4399 animo
945 4347 979 4398 ad

194 4429 276 4490 ipsius
294 4428 338 4479 Dei
356 4431 481 4482 honorem
494 4435 521 4481 ei
533 4431 637 4494 imperii
655 4431 798 4482 Christiani
815 4430 980 4492 propagatio·

190 4518 251 4557 nem
269 4509 395 4570 prosequi
412 4510 532 4559 valeatis.

231 4587 299 4637 Sane
315 4590 466 4650 accepimus
489 4589 560 4652 quod
582 4603 631 4641 vos
653 4589 751 4641 dudum
774 4590 861 4651 animo
882 4600 978 4651 propo·

190 4670 304 4718 socratis
321 4669 423 4731 aliquas
440 4668 542 4719 insutas
559 4673 586 4720 et
604 4674 702 4719 Terras
711 4669 810 4719 Firmus
822 4672 939 4720 remotas
950 4670 977 4716 et

190 4747 337 4810 incognitas
354 4760 384 4797 ao
401 4761 448 4811 per
466 4749 530 4799 aiios
547 4748 675 4799 hactenus
691 4761 743 4798 nou
760 4751 881 4810 repertas
897 4756 978 4808 quae-

189 4839 250 4876 rere
266 4830 294 4876 et
310 4827 451 4887 invenire,
475 4829 625 4878 utiliorum
647 4829 747 4878 incolas
767 4831 793 4876 et
813 4825 976 4875 habitatores

190 4907 224 4955 sd
239 4906 378 4957 colendum
389 4906 590 4969 Redemptorem
607 4912 728 4956 nostrum
746 4910 772 4955 et
788 4905 865 4954 iidem
877 4903 978 4953 Catho-

190 4986 266 5043 iicam
279 4985 453 5049 profitendam
465 4986 644 5046 reduceretis,
654 4986 702 5036 sed
714 4989 843 5035 hactenus
855 4986 881 5033 in
892 4995 975 5044 expu-

189 5068 333 5126 gnatione,
356 5071 383 5116 et
407 5068 609 5130 recuperatione
633 5068 717 5129 ipsius
741 5066 821 5128 Regni
844 5064 975 5113 Granatao

191 5145 332 5204 plurimum
349 5148 469 5207 occupati
494 5139 643 5209 hujusmodi
669 5146 767 5196 iactum
787 5146 819 5194 et
844 5141 976 5193 laudabile

192 5227 355 5285 propositum
381 5230 501 5278 vestrum
527 5225 560 5275 ad
583 5230 702 5288 optatum
725 5223 802 5274 duem
818 5221 976 5284 perducere

189 5305 361 5365 nequivistisss
371 5305 419 5356 sad
431 5305 546 5365 tandem,
557 5306 625 5355 sicut
636 5305 746 5356 Domino
757 5304 870 5366 placuit,
886 5303 973 5365 Regno

653 230 938 296 eonsulcsutis
958 233 1185 298 insultibus
1207 234 1334 298 SEXTi.

1716 231 1825 316 (rios)

1036 340 1204 452 coopertum
1219 388 1315 452 pamm
1325 372 1410 449 m'gro
1417 387 1442 484 ..⁸
1459 368 1552 448 capite
1562 368 1708 446 usquead
1720 369 1817 449 pedes.

1039 565 1177 628 praedicto
1189 566 1363 625 recuperato,
1376 563 1496 612 volentes
1508 558 1671 616 desiderium
1685 561 1822 620 adimpleri

1038 650 1155 711 vestrum
1173 643 1297 692 dilectum
1314 641 1405 691 Filium
1425 640 1646 703 christophorum
1670 639 1824 688 Cotumhum

1038 725 1123 773 virhm
1140 722 1352 784 utiquedigoum
1368 724 1397 770 et
1413 721 1554 783 plurimum
1572 717 1825 773 commendandum.

1038 813 1067 851 ac
1078 804 1152 850 tanto
1160 801 1268 861 negotio
1281 803 1386 861 aptum,
1396 795 1454 848 curn
1467 796 1577 861 nauigiis
1589 804 1616 849 et
1628 798 1781 847 hominibus
1792 796 1822 847 ad

1038 881 1132 929 similia
1150 879 1354 928 instructisnon
1372 880 1428 928 eine
1445 880 1566 928 maximis
1582 865 1724 927 laboribus
1741 883 1767 926 et
1783 891 1825 940 pe·

1039 959 1130 1008 riculis
1147 971 1177 1007 ao
1195 960 1320 1018 expensis
1341 957 1493 1015 destinatis,
1515 962 1543 1007 ut
1559 957 1660 1009 Terras
1679 957 1781 1007 Firmas
1801 963 1842 1006 e„

1038 1038 1139 1088 iusuias
1156 1042 1273 1091 remotas
1290 1040 1318 1085 et
1334 1037 1481 1099 incognitas
1498 1037 1647 1092 huiusmodi
1672 1048 1723 1098 per
1739 1048 1824 1093 mara,

1039 1113 1083 1167 uhi
1099 1119 1226 1168 hactenus
1243 1116 1396 1178 navigatum
1413 1128 1465 1165 non
1480 1115 1569 1165 iuerat
1584 1116 1731 1179 diiigenter
1748 1115 1825 1176 inqui-

1040 1201 1120 1247 reret.

1072 1275 1127 1336 <Qui
1143 1273 1259 1330 taudem,
1269 1272 1359 1321 divino
1371 1271 1478 1330 auxillo,
1488 1271 1557 1322 iacta
1567 1275 1700 1322 extrema
1716 1271 1825 1333 diiigen-

1039 1356 1084 1412 tia,
1101 1354 1129 1402 in
1144 1354 1208 1403 itari
1221 1353 1324 1402 Oceano
1336 1353 1498 1413 navigantes,
1515 1355 1603 1400 certas
1620 1349 1727 1400 insutas
1744 1363 1825 1399 remo·

1040 1434 1156 1484 tissimus
1168 1436 1196 1481 et
1207 1431 1287 1480 etiam
1298 1431 1396 1486 Terras
1407 1430 1507 1480 Firmus
1517 1443 1586 1492 quae
1597 1442 1648 1492 per
1660 1431 1729 1480 alios
1742 1430 1824 1479 bacte-

1040 1525 1089 1562 nus
1101 1515 1224 1574 repertae
1233 1523 1285 1561 non
1294 1510 1407 1568 inerant,
1416 1511 1583 1559 iurauerunt:
1591 1510 1618 1559 in
1631 1508 1825 1572 quibusquam·

1040 1592 1169 1654 plurimae
1190 1590 1287 1640 Gentes
1302 1584 1420 1650 paciiice
1437 1588 1576 1646 virentes,
1599 1592 1626 1637 et
1647 1592 1680 1637 ut
1702 1588 1826 1636 asseritur

1040 1670 1126 1719 aradae
1137 1669 1304 1725 incedentes,
1316 1680 1364 1718 nec
1375 1666 1500 1716 carnibus
1512 1671 1656 1716 vescentes
1669 1665 1825 1724 inhabitant,

1041 1755 1066 1797 et
1084 1752 1112 1798 ut
1129 1745 1241 1810 praeisti
1257 1747 1351 1817 Nuocii
1369 1747 1453 1796 vestri
1470 1749 1582 1807 possunt
1594 1744 1720 1807 opinari,
1738 1743 1825 1792 Gentes

1041 1829 1115 1889 ipsae
1133 1829 1157 1874 in
1175 1826 1268 1878 insutis
1285 1829 1312 1875 et
1328 1825 1419 1874 Terris
1435 1825 1579 1886 praedictis
1595 1823 1753 1873 habitantes
1774 1836 1826 1872 cre·

1041 1906 1105 1954 dunt
1123 1918 1202 1955 onom
1225 1904 1306 1953 ileum
1323 1907 1350 1952 ot
1366 1903 1518 1952 Creatorem
1541 1903 1568 1951 in
1590 1903 1675 1951 coetis
1697 1912 1781 1956 esse,
1800 1901 1826 1949 ad

1040 1984 1118 2033 iidem
1140 1984 1301 2033 catholicam
1326 1981 1529 2044 amplexandum
1554 1984 1580 2031 et
1605 1980 1685 2029 honis
1711 1979 1822 2028 moribus

1041 2063 1211 2114 imbuendum
1229 2064 1294 2112 salis
1319 2062 1373 2124 apti
1399 2062 1540 2119 videntur,
1564 2072 1680 2123 spesque
1705 2058 1824 2115 habetur,

1040 2144 1110 2206 qnod
1128 2145 1149 2192 si
1168 2139 1335 2198 erudientur,
1352 2152 1448 2205 nomeu
1464 2140 1607 2189 salvatoris
1624 2139 1731 2187 Domini
1744 2138 1823 2187 Nostri

1040 2221 1102 2273 iesu
1119 2221 1216 2271 christi
1234 2221 1259 2269 iu
1275 2218 1367 2268 Terris
1384 2222 1414 2267 st
1427 2216 1521 2266 insulis
1545 2217 1693 2278 praedictis
1716 2216 1826 2265 lateren-

1043 2307 1087 2352 tur
1103 2308 1112 2358 t
1119 2303 1144 2350 in
1162 2302 1219 2350 aliis
1236 2298 1398 2349 editionibus
1424 2295 1497 2359 sociis
1521 2298 1687 2346 induceretur
1703 2309 1755 2358 pro
1771 2294 1827 2357 iute-

1041 2382 1139 2442 rentur)
1150 2393 1179 2429 ac
1191 2379 1325 2442 praetatus
1335 2367 1543 2440 christophorus
1554 2379 1580 2425 in
1593 2390 1645 2425 una
1656 2389 1690 2425 ex
1703 2379 1826 2437 principa·

1042 2463 1111 2511 ithus
1127 2461 1220 2510 insutis
1237 2458 1380 2520 praedictis
1395 2457 1450 2518 lam
1472 2468 1549 2505 uuam
1572 2458 1667 2504 turrim
1690 2457 1758 2504 satis
1777 2467 1826 2504 mn·

1042 2544 1123 2591 uitam
1141 2542 1167 2588 in
1184 2550 1236 2601 qus
1251 2540 1341 2588 certos
1357 2535 1539 2592 Christianos,
1554 2536 1714 2596 quisecum
1733 2536 1826 2583 iverant

1042 2624 1069 2669 in
1084 2614 1309 2669 custodiam'sut
1326 2617 1390 2664 alies
1406 2615 1506 2663 insulas
1523 2619 1549 2663 et
1560 2614 1661 2663 Terras
1672 2615 1777 2664 Firmus
1792 2625 1827 2662 re·

1043 2703 1127 2750 motas
1144 2702 1172 2748 et
1186 2698 1331 2759 incognitas
1348 2696 1531 2755 instruerent,
1547 2693 1654 2754 posuit,
1669 2693 1789 2742 construi
1803 2696 1826 2740 et

1043 2779 1175 2832 aedificari
1193 2778 1261 2827 iecit.
1281 2774 1423 2837 inquibus
1443 2773 1554 2837 quidem
1572 2773 1665 2821 insutis
1691 2777 1720 2822 et
1743 2771 1826 2821 Terris

1043 2862 1094 2921 iana
1112 2857 1227 2918 repertis
1241 2866 1342 2911 aurum,
1353 2857 1488 2910 aromata,
1507 2855 1533 2900 et
1544 2852 1610 2899 stiae
1621 2851 1827 2914 quamplurimae

1044 2951 1088 2988 res
1105 2937 1238 2998 pretiosas
1260 2933 1360 2981 diversi
1378 2932 1483 2994 generis
1504 2932 1530 2980 ei
1549 2930 1674 2979 diversae
1699 2931 1825 2991 qualitatis

1051 3017 1230 3079 reperiuntur.
1728 3036 1729 3039 =

1086 3093 1157 3144 Unde
1175 3089 1298 3142 omnibus
1315 3089 1455 3150 diiigenter
1471 3093 1498 3137 et
1514 3088 1675 3149 praesertim
1693 3085 1764 3136 Fidei
1784 3083 1829 3134 ca·

1045 3173 1157 3222 tholicse
1173 3169 1334 3219 exaltatione
1351 3170 1377 3216 et
1394 3164 1548 3216 dilatatione
1566 3169 1663 3226 (prout
1687 3163 1766 3212 decet
1787 3163 1830 3211 Cs-

1045 3253 1156 3299 tboticos
1172 3249 1255 3309 Reges
1272 3250 1299 3295 et
1315 3238 1469 3307 Principes)
1483 3242 1660 3293 consideratis
1681 3254 1757 3290 more
1773 3254 1830 3303 pro·

1045 3331 1190 3393 genitorum
1203 3329 1353 3375 uestrorum
1366 3324 1454 3375 clarae
1466 3324 1610 3372 memoriae
1619 3323 1730 3384 Regum,
1740 3322 1828 3370 Terras

1045 3408 1144 3458 Firmas
1161 3411 1188 3455 et
1205 3405 1306 3454 insutas
1323 3401 1487 3465 praedictas,
1504 3402 1661 3462 illarumque
1688 3402 1787 3450 incolas
1807 3403 1829 3447 ei

1045 3485 1207 3536 habitatores
1222 3483 1313 3542 Vobis,
1325 3483 1412 3532 divina
1425 3481 1533 3530 iacente
1543 3482 1693 3537 ciemeutia,
1705 3480 1828 3530 subiicere

1045 3570 1072 3615 et
1084 3565 1117 3614 ad
1133 3565 1210 3614 iidem
1228 3555 1387 3612 Catholicam
1406 3559 1535 3610 reducere
1552 3562 1743 3621 pmposuistis,

1087 3645 1140 3696 Noe
1156 3639 1401 3706 igiturhujusmodi
1418 3644 1538 3689 vestrum
1555 3644 1677 3688 sanctum
1700 3643 1728 3688 et
1745 3638 1828 3687 tanda·

1046 3723 1099 3773 hiis
1110 3724 1275 3784 propositum
1288 3720 1429 3782 plurimum
1441 3717 1588 3767 inDomino
1604 3718 1826 3771 commendantes,

1047 3815 1078 3852 ac
1094 3802 1232 3862 cupientes
1249 3797 1358 3848 utillud
1375 3796 1408 3846 ad
1429 3796 1547 3859 debitum
1568 3795 1646 3845 duem
1670 3796 1827 3858 perducatur

1046 3885 1073 3931 et
1098 3883 1184 3942 ipsum
1210 3888 1305 3926 nomen
1323 3875 1467 3925 salvatoris
1488 3875 1572 3924 nostri
1593 3877 1620 3923 in
1642 3875 1767 3936 partibus
1782 3873 1826 3921 illis

1046 3962 1198 4017 inducatur,
1223 3959 1360 4007 hortamur
1376 3968 1424 4006 vos
1440 3955 1662 4017 quamplurimum
1682 3956 1709 4005 ln
1725 3952 1826 4003 Domino

1046 4044 1073 4090 et
1098 4053 1146 4102 par
1171 4038 1241 4092 sacri
1264 4035 1368 4091 lauacri,
1386 4036 1601 4096 susceptionem,
1626 4045 1680 4095 qua
1708 4032 1827 4082 mandatis

1046 4118 1206 4182 apostolicis
1222 4115 1329 4176 obligati
1354 4104 1436 4172 estis,
1461 4116 1487 4165 ct
1512 4114 1619 4161 viscera
1636 4110 1826 4161 misericordiae

1045 4198 1147 4249 Domini
1158 4197 1219 4247 iesu
1230 4195 1337 4252 Christi,
1346 4196 1447 4242 attente
1459 4191 1630 4253 requirimus,
1641 4193 1743 4240 uicum
1757 4199 1828 4250 expe·

1045 4278 1171 4327 ditionem
1189 4273 1339 4336 hujusmodi
1356 4275 1461 4320 omniuo
1483 4271 1628 4332 prosequi,
1650 4273 1688 4317 et
1702 4277 1827 4317 assumere

1046 4368 1130 4419 prona
1144 4357 1232 4403 mente
1249 4350 1420 4402 orthodoxae
1432 4348 1502 4399 Fidei
1514 4349 1572 4399 acto
1589 4347 1743 4404 intendatis,
1754 4358 1829 4409 popu·

1047 4435 1086 4484 los
1104 4434 1129 4483 iu
1147 4431 1298 4493 huiusmodi
1316 4430 1409 4480 insutis
1420 4432 1447 4478 et
1458 4425 1549 4478 Terris
1565 4428 1696 4488 degentes
1714 4428 1747 4475 ad
1763 4424 1829 4473 chri·

1046 4513 1160 4564 suanam
1177 4511 1336 4573 Religionem
1354 4508 1551 4570 suscipiendam
1564 4507 1694 4557 iuducere
1705 4506 1793 4555 velitis
1807 4506 1827 4551 rt

1046 4592 1184 4649 debeatis,
1200 4601 1250 4639 nec
1266 4587 1385 4651 pericula
1398 4598 1447 4636 uec
1460 4585 1564 4635 labores
1574 4586 1628 4634 utto
1640 4596 1758 4646 unquam
1771 4588 1828 4631 tera·

1045 4685 1110 4735 pore
1126 4683 1175 4720 vos
1192 4670 1360 4728 deterreant,
1376 4666 1451 4716 iirma
1463 4678 1512 4729 spe
1522 4665 1674 4727 fiduciaque
1691 4663 1827 4724 conceptis

1045 4749 1117 4814 quod
1132 4749 1203 4799 Deus
1220 4749 1389 4810 omnipotens
1401 4751 1512 4796 conatus
1525 4749 1632 4795 vestros
1643 4744 1762 4793 teilctter
1776 4752 1828 4804 pro·

1046 4834 1184 4892 sequetur.
1266 4844 1269 4850 ·

1086 4907 1117 4956 Et
1134 4909 1162 4956 ut
1177 4907 1243 4956 iauti
1260 4904 1359 4966 negotii
1370 4903 1536 4966 provinciam
1548 4902 1722 4964 spostolicae
1738 4890 1827 4964 gratias

1045 4986 1167 5048 largitate
1183 4983 1275 5034 donati
1287 4983 1397 5033 tiberius
1408 4986 1436 5034 et
1448 4981 1576 5031 audacitas
1588 4982 1748 5037 assumatis,
1766 4980 1827 5027 motu

1044 5068 1161 5128 proprio,
1173 5076 1225 5114 non
1238 5064 1270 5113 ad
1283 5068 1400 5112 vestram
1411 5063 1454 5111 aet
1467 5054 1578 5110 atterius
1594 5073 1645 5123 pro
1661 5060 1740 5110 vobis
1757 5064 1827 5119 super

1046 5147 1095 5196 hoc
1117 5144 1195 5194 nohis
1212 5142 1317 5193 oblatae
1334 5140 1471 5203 petitionis
1488 5138 1658 5196 instantiam,
1675 5138 1723 5187 sed
1739 5138 1771 5184 de
1786 5145 1827 5182 oo·

1046 5229 1100 5276 stra
1122 5237 1196 5275 mera
1218 5222 1392 5278 liberalitate,
1412 5224 1440 5269 et
1460 5229 1494 5268 ex
1515 5221 1587 5268 certa
1611 5219 1731 5274 seientia,
1756 5211 1826 5267 aede

1046 5304 1217 5368 spostolicae
1233 5296 1570 5363 potestatisptenitudine,
1584 5308 1677 5348 ornnes
1693 5295 1790 5345 insutas
1804 5292 1827 5339 et
