3780 6030
188 242 229 301 ta
264 286 266 290 »
679 240 963 306 PONTHHCATUS
985 241 1207 307 iaaacntttrt
1227 243 1381 306 amavi.

226 376 312 436 Faria
325 387 441 453 quarta,
454 376 504 436 at.
518 377 646 456 augusti,
663 378 739 438 r'enit
752 376 788 436 ad
804 377 912 440 Urbem
925 397 977 457 per

184 488 298 555 portam
326 475 425 537 Sancti
456 474 605 537 Laurentii
625 478 661 537 O.
685 477 825 538 butanius
846 478 881 538 de
907 480 977 540 hle·

183 576 300 635 xandris
324 571 434 636 Orator
461 575 633 637 Perdinandi
655 577 771 638 Siclliae
793 590 847 640 etc.
870 578 977 658 liegis,

184 674 257 735 bora
291 693 352 736 xtr.
373 677 417 737 rel
439 677 468 736 in
488 679 590 749 circa3
613 679 660 738 cui
681 689 822 739 venerunt
861 679 976 740 obviarn

183 775 307 836 sarniliae
328 774 383 834 SS.
406 774 441 834 Ι).
464 774 498 836 Ν.
520 776 638 856 Papae,
664 789 693 838 et
727 781 856 839 omniurn
877 779 913 838 R.
940 780 976 843 D.

184 875 380 936 cardinalium
393 873 534 956 (exceptis
550 877 761 955 sategissent,
782 878 977 940 lllediolanen·

184 976 278 1052 sique,
292 987 320 1036 et
338 975 372 1037 tle
386 976 538 1049 Columna,
553 980 602 1055 qui
624 995 681 1037 non
699 979 839 1038 miserunt
855 978 977 1040 familias

184 1073 263 1156 suas)
269 1097 280 1148 3
291 1076 414 1135 familiae
424 1075 632 1148 cardinalium,
640 1074 723 1151 juxta
734 1087 764 1137 et
774 1079 849 1136 intra
862 1088 976 1156 portam

186 1185 274 1252 prout
289 1192 355 1235 eum
372 1174 562 1254 reperierunt,
575 1186 759 1255 receperunt.
772 1175 829 1237 Per
841 1196 869 1237 se
881 1189 976 1239 autera

186 1317 193 1331 .
217 1317 224 1332 .
247 1318 254 1332 .
274 1318 282 1332 .
305 1276 411 1354 recepit
422 1276 515 1355 ipsum
527 1272 611 1350 juata
625 1277 760 1336 macellus
778 1276 852 1338 luter
870 1278 976 1357 palatia

185 1371 216 1433 S.
231 1373 341 1445 basilii,
351 1386 378 1435 et
392 1374 423 1434 S.
436 1375 537 1434 Marci.
549 1375 720 1435 asscensus
734 1375 789 1436 iuit
803 1394 885 1439 more
894 1379 977 1442 solita

186 1489 276 1549 usque
302 1472 339 1531 ad
365 1474 484 1533 domum
516 1475 551 1536 de
578 1475 693 1537 Hiilinis
721 1475 805 1553 juxta
838 1478 976 1557 hospitale

185 1575 424 1648 Alamannorum,
442 1593 528 1653 qaam
542 1594 595 1656 pro
607 1574 783 1639 habitatione
797 1596 848 1637 sua
864 1579 976 1639 conda·

184 1686 273 1734 xerat.

224 1773 311 1833 Feria
331 1775 427 1843 tertia,
440 1775 489 1834 lb.
512 1777 614 1836 mensis
636 1776 815 1857 septembris,
836 1777 977 1840 anniver-

185 1874 296 1932 sarium
327 1876 518 1934 arronationis
540 1875 650 1936 881).
674 1876 708 1936 Ν.
731 1879 888 1938 lnnocentii
914 1878 977 1938 Pa·

183 1972 411 2051 pusilliores,
430 1973 612 2054 pontificatus
633 1978 678 2035 sui
698 1979 764 2037 anni
787 1995 839 2050 aa,
856 1977 892 2037 tt.
913 1978 978 2040 Dc·

184 2073 279 2132 minas
300 2073 444 2136 lohannes
459 2075 623 2135 Cardinalls
644 2076 861 2138 Mediolanensis
876 2080 904 2138 in
922 2079 977 2139 ba·

184 2174 265 2233 silica
287 2173 318 2234 S.
342 2174 420 2234 Petri
451 2175 607 2237 celebrarit
629 2176 745 2237 Missam
764 2180 919 2239 solemnem
943 2178 977 2240 de

185 2270 296 2351 Spiritu
324 2272 453 2346 Sancto,
472 2273 549 2354 Papa
571 2287 600 2336 et
619 2277 821 2361 cardinalibus
839 2298 977 2358 praesen·

185 2364 276 2443 tibus,
297 2374 325 2431 ln
345 2377 518 2453 paramentis
538 2376 637 2436 rabris
660 2395 741 2437 more
766 2390 914 2439 consueto.

227 2471 336 2532 Eadem
355 2473 400 2533 die
423 2474 471 2533 ti.
494 2475 684 2554 septembris,
706 2478 780 2538 inter
805 2493 920 2551 xxiiia,
949 2491 978 2541 et

187 2572 311 2648 primam
343 2573 446 2633 haram
468 2576 582 2646 nactis,
604 2574 744 2636 rediitad
765 2576 873 2637 Urbem
901 2576 973 2640 Har.

186 2669 326 2731 Dorulaus
347 2672 405 2732 lul.
428 2674 577 2753 episcopus
600 2674 753 2749 Ostiensis,
765 2674 928 2738 cardinalis
946 2678 978 2738 S.

185 2768 266 2830 Petri
286 2771 323 2830 ad
337 2772 458 2832 Vincula
474 2787 713 2855 nuncupatus,ex
734 2777 837 2848 lanua,
855 2777 903 2836 cai
926 2795 978 2836 re·

186 2882 295 2932 nerant
313 2871 429 2931 obviam
450 2871 513 2933 HH.
526 2873 587 2936 ΙΝ).
610 2875 834 2955 andegavensis,
857 2876 977 2936 Hacha·

186 2972 327 3043 nutensis,
350 2970 381 3031 S.
403 2971 569 3047 Clementis,
586 2975 765 3048 Parmensis,
786 2976 820 3038 de
843 2976 979 3051 Sabellis,

185 3080 214 3130 et
236 3071 271 3130 de
291 3071 456 3144 Columna,
479 3085 626 3152 tarrrquam
648 3075 839 3154 particulares
868 3077 978 3147 amici,

186 3172 237 3246 qui
258 3187 324 3230 eam
346 3189 436 3248 usqae
462 3173 499 3230 ad
519 3175 658 3252 palatium
679 3174 878 3253 Apostolicum
899 3175 976 3253 apud

187 3270 219 3327 S.
242 3269 375 3340 Petrum,
397 3289 455 3347 qao
476 3272 611 3351 primitas
631 3273 668 3331 od
691 3273 746 3333 SS.
767 3273 801 3333 Ι).
819 3272 853 3333 Ν.
868 3273 967 3353 Papau

186 3370 339 3446 equitavit,
354 3370 581 3430 associaverant.
956 3396 958 3401 ·

222 3469 307 3529 Feria
321 3479 437 3545 quarta,
450 3468 498 3528 ld.
513 3471 617 3531 mensis
630 3470 811 3550 septembris,
820 3472 892 3533 bora
904 3488 979 3533 xrrr.

188 3571 234 3630 rel
257 3569 360 3641 cirea,
383 3570 580 3630 veneruntad
602 3569 713 3632 Urbem
738 3571 815 3649 Mag.
838 3571 978 3630 llorninas

187 3666 296 3729 Enicas
311 3666 408 3746 [rupea
420 3667 455 3728 de
465 3668 603 3729 llleudoza
615 3687 711 3729 corrres
723 3668 872 3731 Tondillae
886 3667 933 3751 (l)
951 3680 979 3730 et

189 3768 247 3828 duo
268 3768 483 3846 prothonotarii
505 3768 654 3846 apostolici
674 3768 702 3826 in
724 3771 867 3831 mantellis
889 3771 980 3847 longis

188 3889 255 3932 cum
271 3874 407 3951 cappellis
426 3876 515 3952 nigris
533 3873 746 3954 prothonotarii
772 3874 832 3932 sine
853 3871 980 3951 capuciis

188 3981 216 4031 et
242 3972 398 4050 capucinis,
418 3969 559 4034 Oratores
582 3974 626 4032 lll.
647 3970 820 4033 Ferdioandi
839 3970 927 4048 Regis
953 3982 981 4031 et

186 4067 334 4131 Elisabeth
355 4070 484 4151 Reginae
504 4073 656 4146 castellae,
674 4071 787 4143 Leonis,
800 4073 981 4148 drogonum,

186 4182 216 4231 et
236 4172 353 4232 Siciliae
374 4182 443 4244 etc,
456 4191 510 4251 pro
530 4173 689 4233 ohedientia
711 4170 881 4250 praestanda
892 4169 980 4229 missi.

188 4271 334 4330 Fecerunt
355 4270 509 4348 prandiam
530 4271 566 4330 ad
587 4270 826 4342 ionteshliluras3
840 4281 982 4328 venerant

187 4368 227 4428 eis
244 4368 360 4429 chriam
384 4369 510 4431 familiae
532 4371 567 4430 tt.
589 4371 625 4432 Ι).
644 4369 854 4443 cardinalium,
875 4381 903 4430 et
926 4367 981 4430 88.

229 4567 264 4627 tt)
289 4564 336 4614 Hic
352 4570 413 4626 post
430 4577 529 4623 annos,
545 4577 594 4626 pro
611 4567 716 4626 regibus
740 4567 859 4628 hispanis
881 4567 983 4616 acriter

191 4646 304 4696 certarit
320 4647 345 4693 in
362 4645 448 4706 Regno
464 4643 637 4704 Neapolitano
655 4646 704 4694 sub
721 4645 866 4705 Consalvo,
883 4649 910 4695 et
927 4646 981 4695 ita·

191 4727 233 4774 lici
255 4725 368 4774 nominis
396 4724 493 4784 gloriae
521 4721 700 4773 defensionem
719 4726 862 4787 assumpsit
889 4730 980 4773 contra

191 4804 279 4854 Gallos
306 4803 378 4852 ltaiis
406 4801 598 4851 maledicentes.
619 4801 680 4852 Vide
707 4803 848 4865 epistolam
875 4802 982 4850 Antonii

191 4883 292 4933 Galatei
316 4893 331 4930 a
355 4881 509 4931 doctissimo
532 4882 591 4929 atro
615 4882 714 4944 angelo
730 4882 779 4932 itai
796 4880 928 4930 cardinali
957 4881 982 4928 ln

191 4960 254 5010 vttt.
265 4962 397 5010 volamine
409 4961 535 5023 spicilegii
547 4962 647 5009 romani
658 4961 766 5019 editam,
776 4964 804 5009 et
814 4962 982 5008 monumenta

193 5053 266 5088 aare
283 5041 394 5089 collecta
421 5042 447 5088 in
470 5040 537 5089 libro
561 5042 603 5089 cai
622 5041 725 5090 titulus:
745 5058 754 5078 ·
774 5037 844 5088 Delio
871 5037 933 5097 sido
956 5036 984 5086 di

190 5116 321 5176 Barlelto,
336 5117 463 5168 celeriore
478 5120 573 5168 storica
589 5130 602 5168 e
616 5116 729 5168 raccolta
750 5115 879 5176 completo
893 5113 923 5163 di
941 5116 984 5164 do·

193 5198 302 5245 crementi
318 5196 378 5245 editi
393 5196 423 5245 ed
440 5196 528 5246 maddi
540 5207 588 5257 per
604 5195 630 5244 lo
644 5195 730 5256 mirac
750 5192 819 5242 oolla
841 5192 931 5242 riaaiti
956 5193 985 5242 erl

191 5274 314 5325 illustrati
329 5273 389 5322 doll’
399 5287 458 5322 aaa.
477 5273 568 5324 Achille
584 5271 734 5328 Ganaaralll.
751 5269 857 5321 Picenae
873 5272 942 5321 1853.

1724 239 1830 322 (mil

1045 377 1081 439 O.
1101 378 1136 438 Ν.
1154 378 1248 458 Papae
1273 397 1355 439 more
1385 377 1490 449 salito;
1511 375 1629 453 etquis
1654 374 1762 436 Comes
1781 393 1832 436 ne·

1045 479 1152 540 sciebat
1183 478 1311 556 expedite
1339 478 1419 554 loqui
1446 476 1595 548 latinum,
1621 473 1832 554 prothonotarii

1045 578 1255 659 responderunt
1268 577 1415 638 alternatis
1425 577 1549 646 vicibus,
1562 573 1769 654 recipientibus
1776 590 1831 632 eos.

1045 680 1231 739 latraverant
1261 697 1311 756 per
1342 688 1456 757 portam
1476 675 1612 736 viridarii
1640 685 1670 734 et
1702 674 1834 732 associati

1044 777 1164 838 suntad
1185 778 1325 855 palatium
1345 776 1523 838 Ursinorurn
1542 777 1570 834 in
1592 774 1705 853 Campo
1729 772 1833 832 Florae

1045 898 1100 957 pro
1119 896 1221 939 eorum
1245 875 1369 956 hospitio
1390 887 1556 955 preparato.

1084 978 1168 1038 Feria
1181 976 1317 1046 secunda,
1327 974 1377 1035 ta.
1393 976 1497 1034 tnensls
1508 972 1685 1053 septembris,
1699 973 1735 1031 in
1744 972 1835 1050 prima

1043 1088 1072 1138 at
1087 1077 1189 1156 majori
1206 1077 1273 1135 auia
1290 1076 1393 1135 Palatii
1406 1076 1562 1154 Apostolici
1571 1075 1648 1154 apud
1663 1073 1699 1132 8.
1715 1072 1834 1133 Petrum

1043 1176 1098 1238 luit
1112 1176 1261 1255 publicum
1277 1177 1480 1236 consistorium
1501 1194 1556 1254 pra
1578 1172 1757 1236 Oratoribus
1774 1171 1831 1232 Ile·

1043 1282 1135 1358 giret
1156 1277 1283 1355 Reginae
1303 1274 1470 1354 Hispaniae,
1493 1275 1542 1351 qrri
1564 1275 1598 1333 iia
1619 1274 1721 1333 diebus
1749 1289 1835 1333 verra·

1045 1389 1115 1439 rant
1135 1396 1189 1456 pro
1209 1376 1367 1437 obedientia
1386 1374 1440 1434 88.
1460 1374 1495 1434 l).
1511 1372 1544 1433 Ν.
1564 1371 1834 1453 praestandacaa·

1044 1495 1105 1538 sam
1127 1475 1287 1556 proposuit,
1307 1476 1368 1535 sire
1389 1475 1616 1534 commissionem
1632 1473 1668 1531 O.
1695 1470 1835 1531 Octavia·

1045 1595 1098 1637 nus
1108 1598 1118 1651 3
1130 1576 1245 1636 interim
1267 1585 1408 1636 venerant
1429 1574 1567 1652 praedicti
1590 1572 1736 1634 Oratores
1755 1572 1834 1649 quia

1046 1675 1101 1736 88.
1117 1675 1152 1735 O.
1172 1674 1204 1734 Ν.
1216 1675 1324 1753 recepti
1344 1684 1410 1734 sant
1424 1673 1460 1732 ad
1474 1675 1608 1734 osculnm
1624 1673 1712 1753 pedis,
1725 1689 1834 1744 manas,

1046 1789 1074 1837 et
1095 1779 1164 1837 nris.
1184 1773 1325 1835 Oratores
1344 1784 1602 1852 praesentaverunt
1615 1772 1718 1833 deinde
1739 1771 1836 1851 dupli·

1047 1893 1093 1936 ces
1114 1876 1223 1948 literas,
1246 1873 1273 1933 in
1294 1872 1449 1953 Hispanico
1469 1873 1599 1934 videlicet
1619 1883 1649 1934 et
1669 1874 1762 1933 latino
1775 1890 1836 1931 ser·

1048 1993 1144 2048 mane,
1154 1985 1181 2036 et
1195 1991 1284 2033 anum
1301 1974 1525 2034 instrumentum
1536 1991 1681 2053 procarae
1696 1974 1784 2033 etiam
1797 1972 1838 2030 la·

1050 2076 1151 2135 tinum.
1169 2074 1208 2134 R.
1227 2073 1259 2132 P.
1272 2073 1307 2131 Ι).
1324 2075 1505 2135 hotoaiottus
1520 2074 1668 2153 episcopus
1683 2071 1837 2132 Auriensis

1050 2175 1188 2238 Petarius
1210 2173 1280 2254 legit
1299 2174 1398 2235 literas
1419 2174 1604 2252 Hispaniam,
1618 2170 1721 2232 deinde
1734 2170 1838 2230 Hiero·

1047 2294 1153 2357 aymus
1173 2274 1309 2336 Bellanas
1327 2275 1512 2346 secretarius,
1534 2275 1638 2333 latinas
1666 2282 1698 2332 et
1727 2273 1836 2331 instra·

1047 2387 1197 2448 mentanr;
1213 2375 1317 2454 quibus
1339 2376 1419 2435 lectis
1440 2374 1477 2433 ll.
1499 2375 1640 2434 Antonius
1654 2372 1690 2433 de
1709 2371 1836 2432 Giraldi·

1046 2477 1088 2535 nis
1109 2471 1350 2536 Prothonotarius
1372 2476 1557 2552 apostolicus,
1577 2473 1606 2532 in
1627 2471 1762 2532 ordinem
1780 2482 1836 2530 ter·

1047 2579 1103 2636 tias
1124 2574 1246 2647 Orator,
1269 2574 1336 2634 iecit
1357 2573 1527 2645 orationem,
1548 2587 1606 2650 qua
1628 2570 1707 2630 linita
1731 2568 1789 2630 SS.
1805 2569 1847 2627 Ι).

1047 2675 1080 2736 Ν.
1103 2675 1180 2737 dedit
1202 2693 1395 2755 responsam,
1417 2674 1521 2734 atalia
1546 2691 1627 2734 more
1660 2672 1746 2733 sclito
1776 2679 1836 2730 sant

1049 2776 1211 2837 obserrata.

1087 2877 1172 2937 Paria
1194 2884 1317 2952 quarta,
1345 2873 1396 2933 Pi.
1419 2874 1524 2933 mensis
1551 2870 1739 2951 septembris,
1763 2871 1836 2929 circa

1047 2975 1148 3037 horam
1161 2990 1273 3034 xxrru.
1288 2974 1332 3032 rel
1346 2968 1378 3032 ut
1392 2971 1480 3049 aliqui
1493 2971 1626 3032 dicebant
1644 2968 1695 3028 diu
1718 2974 1785 3027 ante
1801 2968 1836 3025 it-

1020 3112 1022 3115 *
1047 3080 1105 3139 lam
1126 3075 1242 3145 horam,
1263 3084 1357 3132 tamen
1378 3071 1478 3132 eadem
1500 3071 1603 3143 die,H.
1617 3070 1729 3130 lanr.
1754 3068 1837 3127 Pater

1046 3190 1074 3240 et
1094 3176 1246 3247 Dominus,
1264 3172 1405 3233 [lominus
1424 3171 1541 3232 Gabriel
1567 3171 1642 3231 tituli
1661 3168 1838 3228 Sanctorum

1048 3278 1144 3358 Sergii
1166 3289 1195 3337 et
1215 3274 1336 3346 Bacchi,
1356 3272 1514 3354 Presbyter
1529 3271 1691 3333 Cardiaalis
1712 3268 1838 3347 agrien-

1047 3381 1085 3439 sis
1106 3376 1269 3455 vulgariter
1292 3384 1500 3452 nuncupatus,
1522 3369 1642 3433 Ordinis
1667 3369 1837 3439 lllinoram,

1049 3481 1107 3539 vita
1118 3477 1236 3538 iunctus
1251 3486 1305 3545 est,
1322 3473 1407 3552 cujas
1425 3475 1519 3532 anima
1536 3471 1700 3548 requiescat
1715 3469 1745 3527 ln
1761 3485 1838 3548 pace.

1047 3579 1129 3639 Fecit
1152 3585 1364 3648 testamentum,
1375 3583 1402 3634 et
1413 3583 1580 3634 executores
1595 3569 1757 3630 testamenti
1777 3565 1837 3625 tiit.

1049 3679 1078 3737 la
1098 3676 1216 3739 Christo
1234 3675 1337 3734 Patres
1358 3685 1387 3734 et
1401 3672 1436 3731 ll.
1453 3673 1488 3732 l).
1508 3668 1799 3740 vicecancellariam,
1812 3677 1839 3726 et

1049 3775 1205 3835 ascanium
1226 3773 1406 3845 cardinales,
1424 3783 1453 3832 et
1470 3770 1507 3830 1).
1524 3771 1665 3830 Aloisium
1680 3768 1716 3828 de
1735 3766 1840 3828 mansis

1050 3875 1222 3955 scriptorem
1243 3871 1441 3952 Apostolicam
1463 3881 1517 3932 ete.
1539 3867 1594 3951 (2).

1054 4008 1154 4026 Q.

1093 4093 1127 4152 tt)
1142 4090 1231 4139 Frater
1248 4087 1353 4137 Gabriel
1371 4088 1509 4148 itangonas
1525 4087 1695 4142 Mutinensis,
1713 4083 1781 4134 illius
1799 4096 1842 4133 co·

1052 4170 1123 4219 mitis
1135 4167 1211 4218 Guidi
1224 4167 1339 4228 liangoni
1351 4179 1385 4216 ex
1403 4167 1501 4215 rustica
1518 4165 1658 4221 juvencula
1676 4164 1701 4213 ln
1718 4174 1783 4226 agro
1798 4162 1842 4210 ile·

1053 4250 1159 4300 nonensi
1176 4248 1268 4296 illicito
1287 4250 1365 4296 natus
1382 4243 1532 4305 concubitu,
1548 4247 1574 4293 in
1591 4245 1696 4294 domum
1714 4242 1842 4292 adductas

1053 4333 1210 4392 paternam,
1226 4331 1252 4376 et
1269 4339 1284 4373 a
1302 4337 1417 4374 noverca
1435 4325 1501 4373 male
1519 4328 1725 4386 acceptus‚post
1742 4322 1842 4371 obitum

1053 4408 1187 4470 genituris.
1204 4405 1236 4455 ad
1253 4405 1385 4454 Pannones
1404 4403 1535 4461 secessit,
1553 4403 1597 4452 ubl
1623 4402 1712 4450 habitu
1739 4404 1843 4462 sumpto

1053 4486 1076 4535 S.
1095 4484 1236 4542 francisci,
1253 4482 1302 4531 sab
1320 4481 1457 4542 disciplina
1474 4480 1511 4530 io.
1529 4481 1677 4542 Capistrani
1690 4493 1741 4528 non
1758 4482 1843 4530 minus

1053 4564 1174 4614 doctrina
1190 4574 1267 4624 qaam
1284 4563 1381 4622 pietate
1399 4560 1524 4619 illustris,
1542 4559 1695 4623 magistrum
1721 4560 1843 4621 aequarit

1054 4640 1228 4692 concionibus
1245 4639 1320 4695 suis,
1335 4629 1440 4699 quibas,
1456 4638 1516 4701 liegi
1533 4651 1592 4687 cum
1610 4638 1770 4687 innotuisset
1797 4637 1846 4687 Ha·

1055 4720 1126 4768 thiae
1142 4716 1274 4773 Corvino,
1290 4718 1400 4763 vocatus
1418 4717 1443 4764 in
1462 4717 1546 4765 aulam
1565 4721 1591 4764 et
1608 4715 1784 4777 legationibus
1801 4714 1845 4764 ad·

1054 4803 1139 4849 motus
1157 4796 1189 4846 ad
1206 4794 1338 4855 Principes
1355 4793 1476 4852 ricinos,
1494 4796 1521 4843 in
1537 4794 1606 4843 bello
1623 4797 1715 4843 contra
1734 4793 1844 4843 boemos

1055 4881 1082 4927 et
1102 4877 1211 4926 Potonoa
1240 4875 1334 4935 negem
1361 4877 1540 4935 prosecutus,
1557 4872 1626 4935 apud
1643 4870 1845 4931 Uratisieviam,

1056 4967 1148 5018 magna
1164 4965 1196 5008 er
1215 4954 1290 5014 parte
1307 4955 1399 5000 auctor
1416 4952 1503 5001 extitit
1521 4952 1559 5000 rei
1577 4950 1644 5003 bene
1660 4952 1754 5011 gestae
1769 4957 1797 5000 et
1811 4952 1846 5001 te·

1056 5035 1112 5083 licis
1137 5043 1270 5081 armorum
1296 5029 1392 5078 exitas.
1409 5028 1481 5077 Pacis
1498 5028 1630 5091 interpres
1649 5032 1718 5077 inter
1735 5029 1845 5079 Frideri·

1055 5125 1113 5161 cum
1132 5112 1319 5174 imperatorem
1336 5111 1362 5156 et
1378 5107 1499 5157 Mathism
1517 5105 1641 5168 Ungariae
1659 5107 1765 5169 Regem,
1776 5121 1845 5159 anno

1055 5191 1124 5241 iiiii.
1148 5202 1206 5240 earn
1233 5187 1373 5237 conclusit.
1390 5185 1416 5234 ln
1445 5185 1550 5235 austria
1567 5187 1682 5236 vicarius
1710 5187 1851 5249 praelult;

1054 5269 1194 5331 inquisitor
1211 5280 1225 5315 a
1242 5265 1286 5314 Pio
1302 5264 1331 5314 tl.
1349 5266 1502 5322 institutas,
1519 5266 1622 5314 haeresi
1644 5265 1775 5318 latissime
1796 5278 1848 5328 per
