<?xml version="1.0" encoding="UTF-8"?>
<!DOCTYPE html PUBLIC "-//W3C//DTD XHTML 1.0 Transitional//EN"
    "http://www.w3.org/TR/xhtml1/DTD/xhtml1-transitional.dtd">
<html xmlns="http://www.w3.org/1999/xhtml" xml:lang="en" lang="en">
 <head>
  <title>
</title>
<meta http-equiv="Content-Type" content="text/html;charset=utf-8" />
  <meta name='ocr-system' content='tesseract 3.04.00' />
  <meta name='ocr-capabilities' content='ocr_page ocr_carea ocr_par ocr_line ocrx_word'/>
</head>
<body>
  <div class='ocr_page' id='page_1' title='image "./johannisburchar00genngoog/johannisburchar00genngoog_0079.png"; bbox 0 0 3780 6030; ppageno 0'>
   <div class='ocr_carea' id='block_1_1' title="bbox 186 234 1362 329">
    <p class='ocr_par' dir='ltr' id='par_1_1' title="bbox 186 234 1362 329">
     <span class='ocr_line' id='line_1_1' title="bbox 186 234 1362 329; baseline -0.004 -4"><span class='ocrx_word' id='word_1_1' title='bbox 186 266 228 325; x_wconf 85' lang='lat' dir='ltr'>aa</span> <span class='ocrx_word' id='word_1_2' title='bbox 659 259 943 329; x_wconf 83' lang='lat' dir='ltr'>eonrrrrcarus</span> <span class='ocrx_word' id='word_1_3' title='bbox 965 255 1188 323; x_wconf 82' lang='lat' dir='ltr'>rnuocnnm</span> <span class='ocrx_word' id='word_1_4' title='bbox 1210 234 1362 324; x_wconf 80' lang='lat' dir='ltr'>ocrau.</span> 
     </span>
    </p>
   </div>
   <div class='ocr_carea' id='block_1_2' title="bbox 177 396 976 1683">
    <p class='ocr_par' dir='ltr' id='par_1_2' title="bbox 182 396 976 1379">
     <span class='ocr_line' id='line_1_2' title="bbox 187 396 974 479; baseline -0.005 -20"><span class='ocrx_word' id='word_1_5' title='bbox 187 396 272 460; x_wconf 85' lang='lat' dir='ltr'>albae</span> <span class='ocrx_word' id='word_1_6' title='bbox 290 399 383 479; x_wconf 88' lang='lat' dir='ltr'>pondo</span> <span class='ocrx_word' id='word_1_7' title='bbox 405 399 435 459; x_wconf 90' lang='lat' dir='ltr'>o.</span> <span class='ocrx_word' id='word_1_8' title='bbox 458 399 602 461; x_wconf 90' lang='lat' dir='ltr'>librarum</span> <span class='ocrx_word' id='word_1_9' title='bbox 624 399 710 460; x_wconf 87' lang='lat' dir='ltr'>etiam</span> <span class='ocrx_word' id='word_1_10' title='bbox 732 415 789 459; x_wconf 93' lang='lat' dir='ltr'>non</span> <span class='ocrx_word' id='word_1_11' title='bbox 810 398 974 470; x_wconf 76' lang='lat' dir='ltr'>ardentem,</span> 
     </span>
     <span class='ocr_line' id='line_1_3' title="bbox 185 499 974 560; baseline -0.003 -1"><span class='ocrx_word' id='word_1_12' title='bbox 185 509 215 559; x_wconf 91' lang='lat' dir='ltr'>et</span> <span class='ocrx_word' id='word_1_13' title='bbox 232 499 259 557; x_wconf 94' lang='lat' dir='ltr'>in</span> <span class='ocrx_word' id='word_1_14' title='bbox 273 499 386 560; x_wconf 89' lang='lat' dir='ltr'>sinistra</span> <span class='ocrx_word' id='word_1_15' title='bbox 403 517 493 558; x_wconf 81' lang='lat' dir='ltr'>tantam</span> <span class='ocrx_word' id='word_1_16' title='bbox 508 499 706 560; x_wconf 75' lang='lat' dir='ltr'>canistrellum</span> <span class='ocrx_word' id='word_1_17' title='bbox 726 510 890 559; x_wconf 83' lang='lat' dir='ltr'>manentum</span> <span class='ocrx_word' id='word_1_18' title='bbox 907 514 974 558; x_wconf 93' lang='lat' dir='ltr'>cum</span> 
     </span>
     <span class='ocr_line' id='line_1_4' title="bbox 187 584 975 677; baseline 0.001 -19"><span class='ocrx_word' id='word_1_19' title='bbox 187 597 282 658; x_wconf 92' lang='lat' dir='ltr'>tribus</span> <span class='ocrx_word' id='word_1_20' title='bbox 300 598 477 671; x_wconf 88' lang='lat' dir='ltr'>turturibus,</span> <span class='ocrx_word' id='word_1_21' title='bbox 495 600 519 658; x_wconf 88' lang='lat' dir='ltr'>si</span> <span class='ocrx_word' id='word_1_22' title='bbox 541 609 619 660; x_wconf 93' lang='lat' dir='ltr'>recte</span> <span class='ocrx_word' id='word_1_23' title='bbox 641 584 774 673; x_wconf 84' lang='lat' dir='ltr'>memini,</span> <span class='ocrx_word' id='word_1_24' title='bbox 796 598 881 670; x_wconf 83' lang='lat' dir='ltr'>vivis,</span> <span class='ocrx_word' id='word_1_25' title='bbox 902 616 975 677; x_wconf 87' lang='lat' dir='ltr'>por·</span> 
     </span>
     <span class='ocr_line' id='line_1_5' title="bbox 183 696 975 776; baseline 0.001 -19"><span class='ocrx_word' id='word_1_26' title='bbox 183 697 274 769; x_wconf 86' lang='lat' dir='ltr'>tabat,</span> <span class='ocrx_word' id='word_1_27' title='bbox 295 714 382 774; x_wconf 89' lang='lat' dir='ltr'>quem</span> <span class='ocrx_word' id='word_1_28' title='bbox 404 697 578 776; x_wconf 73' lang='lat' dir='ltr'>sequebatur</span> <span class='ocrx_word' id='word_1_29' title='bbox 596 697 632 758; x_wconf 85' lang='lat' dir='ltr'>lt.</span> <span class='ocrx_word' id='word_1_30' title='bbox 654 696 815 759; x_wconf 76' lang='lat' dir='ltr'>cardinalis</span> <span class='ocrx_word' id='word_1_31' title='bbox 833 697 975 760; x_wconf 77' lang='lat' dir='ltr'>Mediola-</span> 
     </span>
     <span class='ocr_line' id='line_1_6' title="bbox 182 797 976 879; baseline 0.001 -22"><span class='ocrx_word' id='word_1_32' title='bbox 182 798 275 858; x_wconf 89' lang='lat' dir='ltr'>nensis</span> <span class='ocrx_word' id='word_1_33' title='bbox 287 821 298 873; x_wconf 88' lang='lat'>;</span> <span class='ocrx_word' id='word_1_34' title='bbox 327 809 390 878; x_wconf 89' lang='lat' dir='ltr'>post</span> <span class='ocrx_word' id='word_1_35' title='bbox 416 798 544 859; x_wconf 90' lang='lat' dir='ltr'>scutiferi</span> <span class='ocrx_word' id='word_1_36' title='bbox 566 797 625 860; x_wconf 96' lang='lat' dir='ltr'>duo</span> <span class='ocrx_word' id='word_1_37' title='bbox 645 810 794 879; x_wconf 89' lang='lat' dir='ltr'>portantes</span> <span class='ocrx_word' id='word_1_38' title='bbox 815 799 888 859; x_wconf 90' lang='lat' dir='ltr'>duos</span> <span class='ocrx_word' id='word_1_39' title='bbox 909 817 976 858; x_wconf 87' lang='lat' dir='ltr'>ma·</span> 
     </span>
     <span class='ocr_line' id='line_1_7' title="bbox 182 897 974 978; baseline 0.004 -18"><span class='ocrx_word' id='word_1_40' title='bbox 182 913 254 977; x_wconf 88' lang='lat' dir='ltr'>gnos</span> <span class='ocrx_word' id='word_1_41' title='bbox 276 917 382 978; x_wconf 90' lang='lat' dir='ltr'>panas,</span> <span class='ocrx_word' id='word_1_42' title='bbox 404 897 517 958; x_wconf 89' lang='lat' dir='ltr'>duabus</span> <span class='ocrx_word' id='word_1_43' title='bbox 539 899 664 978; x_wconf 85' lang='lat' dir='ltr'>mapalis</span> <span class='ocrx_word' id='word_1_44' title='bbox 690 908 859 978; x_wconf 88' lang='lat' dir='ltr'>coopertos,</span> <span class='ocrx_word' id='word_1_45' title='bbox 884 918 974 963; x_wconf 88' lang='lat' dir='ltr'>unum</span> 
     </span>
     <span class='ocr_line' id='line_1_8' title="bbox 182 997 973 1079; baseline 0.009 -23"><span class='ocrx_word' id='word_1_46' title='bbox 182 997 384 1071; x_wconf 83' lang='lat' dir='ltr'>incursatum,</span> <span class='ocrx_word' id='word_1_47' title='bbox 405 1000 495 1059; x_wconf 90' lang='lat' dir='ltr'>alium</span> <span class='ocrx_word' id='word_1_48' title='bbox 517 1001 752 1079; x_wconf 69' lang='lat' dir='ltr'>inargentatum,</span> <span class='ocrx_word' id='word_1_49' title='bbox 774 1017 847 1077; x_wconf 86' lang='lat' dir='ltr'>quos</span> <span class='ocrx_word' id='word_1_50' title='bbox 867 1019 973 1079; x_wconf 87' lang='lat' dir='ltr'>seque·</span> 
     </span>
     <span class='ocr_line' id='line_1_9' title="bbox 182 1097 974 1162; baseline 0.008 -6"><span class='ocrx_word' id='word_1_51' title='bbox 182 1097 270 1159; x_wconf 90' lang='lat' dir='ltr'>batur</span> <span class='ocrx_word' id='word_1_52' title='bbox 294 1099 464 1161; x_wconf 85' lang='lat' dir='ltr'>venerabilis</span> <span class='ocrx_word' id='word_1_53' title='bbox 487 1102 534 1160; x_wconf 87' lang='lat' dir='ltr'>vir</span> <span class='ocrx_word' id='word_1_54' title='bbox 555 1099 590 1159; x_wconf 89' lang='lat' dir='ltr'>D.</span> <span class='ocrx_word' id='word_1_55' title='bbox 614 1100 741 1160; x_wconf 80' lang='lat' dir='ltr'><strong>Thomas</strong></span> <span class='ocrx_word' id='word_1_56' title='bbox 764 1099 834 1162; x_wconf 83' lang='lat' dir='ltr'>Li&#39;se</span> <span class='ocrx_word' id='word_1_57' title='bbox 849 1101 974 1162; x_wconf 87' lang='lat' dir='ltr'>decanus</span> 
     </span>
     <span class='ocr_line' id='line_1_10' title="bbox 185 1201 974 1282; baseline 0.008 -24"><span class='ocrx_word' id='word_1_58' title='bbox 185 1202 350 1261; x_wconf 89' lang='lat' dir='ltr'>monasterii</span> <span class='ocrx_word' id='word_1_59' title='bbox 369 1201 581 1263; x_wconf 83' lang='lat' dir='ltr'>clausterorum</span> <span class='ocrx_word' id='word_1_60' title='bbox 600 1201 862 1282; x_wconf 85' lang='lat' dir='ltr'>lloamburgensis,</span> <span class='ocrx_word' id='word_1_61' title='bbox 882 1202 974 1264; x_wconf 91' lang='lat' dir='ltr'>frater</span> 
     </span>
     <span class='ocr_line' id='line_1_11' title="bbox 183 1298 738 1379; baseline 0.013 -20"><span class='ocrx_word' id='word_1_62' title='bbox 183 1298 215 1359; x_wconf 92' lang='lat' dir='ltr'>S.</span> <span class='ocrx_word' id='word_1_63' title='bbox 237 1301 401 1379; x_wconf 77' lang='lat' dir='ltr'>Augustini.</span> <span class='ocrx_word' id='word_1_64' title='bbox 736 1361 738 1366; x_wconf 89' lang='lat'>.</span> 
     </span>
    </p>

    <p class='ocr_par' dir='ltr' id='par_1_3' title="bbox 177 1390 975 1683">
     <span class='ocr_line' id='line_1_12' title="bbox 177 1390 975 1483; baseline 0.005 -23"><span class='ocrx_word' id='word_1_65' title='bbox 177 1444 179 1449; x_wconf 73' lang='lat'><em>·</em></span> <span class='ocrx_word' id='word_1_66' title='bbox 225 1399 377 1461; x_wconf 84' lang='lat' dir='ltr'>Secundus</span> <span class='ocrx_word' id='word_1_67' title='bbox 389 1390 506 1462; x_wconf 77' lang='lat' dir='ltr'>Orator</span> <span class='ocrx_word' id='word_1_68' title='bbox 522 1401 627 1463; x_wconf 91' lang='lat' dir='ltr'>dictam</span> <span class='ocrx_word' id='word_1_69' title='bbox 646 1403 889 1464; x_wconf 76' lang='lat' dir='ltr'>canonizationem</span> <span class='ocrx_word' id='word_1_70' title='bbox 902 1421 975 1483; x_wconf 89' lang='lat' dir='ltr'>pro·</span> 
     </span>
     <span class='ocr_line' id='line_1_13' title="bbox 184 1500 972 1579; baseline 0.005 -17"><span class='ocrx_word' id='word_1_71' title='bbox 184 1517 301 1575; x_wconf 88' lang='lat' dir='ltr'>curans,</span> <span class='ocrx_word' id='word_1_72' title='bbox 325 1501 374 1579; x_wconf 91' lang='lat' dir='ltr'>qui</span> <span class='ocrx_word' id='word_1_73' title='bbox 396 1500 424 1560; x_wconf 90' lang='lat' dir='ltr'>in</span> <span class='ocrx_word' id='word_1_74' title='bbox 447 1501 562 1563; x_wconf 79' lang='lat' dir='ltr'>dextera</span> <span class='ocrx_word' id='word_1_75' title='bbox 582 1503 704 1565; x_wconf 83' lang='lat' dir='ltr'>similem</span> <span class='ocrx_word' id='word_1_76' title='bbox 723 1520 840 1564; x_wconf 87' lang='lat' dir='ltr'>cereum</span> <span class='ocrx_word' id='word_1_77' title='bbox 860 1521 903 1563; x_wconf 87' lang='lat' dir='ltr'>vr.</span> <span class='ocrx_word' id='word_1_78' title='bbox 924 1503 972 1566; x_wconf 91' lang='lat' dir='ltr'>lib.</span> 
     </span>
     <span class='ocr_line' id='line_1_14' title="bbox 181 1601 973 1683; baseline 0.005 -23"><span class='ocrx_word' id='word_1_79' title='bbox 181 1601 211 1660; x_wconf 88' lang='lat' dir='ltr'>et</span> <span class='ocrx_word' id='word_1_80' title='bbox 233 1601 262 1660; x_wconf 93' lang='lat' dir='ltr'>in</span> <span class='ocrx_word' id='word_1_81' title='bbox 283 1601 399 1661; x_wconf 91' lang='lat' dir='ltr'>sinistra</span> <span class='ocrx_word' id='word_1_82' title='bbox 422 1617 514 1661; x_wconf 88' lang='lat' dir='ltr'>unum</span> <span class='ocrx_word' id='word_1_83' title='bbox 537 1603 735 1665; x_wconf 82' lang='lat' dir='ltr'>canistrellum</span> <span class='ocrx_word' id='word_1_84' title='bbox 760 1606 973 1683; x_wconf 77' lang='lat' dir='ltr'>inargentatum</span> 
     </span>
    </p>
   </div>
   <div class='ocr_carea' id='block_1_3' title="bbox 185 1692 993 1783">
    <p class='ocr_par' dir='ltr' id='par_1_4' title="bbox 185 1692 993 1783">
     <span class='ocr_line' id='line_1_15' title="bbox 185 1692 993 1783; baseline 0.006 -21"><span class='ocrx_word' id='word_1_85' title='bbox 185 1718 254 1762; x_wconf 91' lang='lat' dir='ltr'>cum</span> <span class='ocrx_word' id='word_1_86' title='bbox 269 1700 381 1761; x_wconf 90' lang='lat' dir='ltr'>duabus</span> <span class='ocrx_word' id='word_1_87' title='bbox 391 1702 533 1761; x_wconf 87' lang='lat' dir='ltr'>columbis</span> <span class='ocrx_word' id='word_1_88' title='bbox 546 1701 619 1761; x_wconf 90' lang='lat' dir='ltr'>albis</span> <span class='ocrx_word' id='word_1_89' title='bbox 634 1704 718 1775; x_wconf 82' lang='lat' dir='ltr'>rivis,</span> <span class='ocrx_word' id='word_1_90' title='bbox 731 1704 876 1783; x_wconf 90' lang='lat' dir='ltr'>portabat.</span> <span class='ocrx_word' id='word_1_91' title='bbox 887 1704 973 1767; x_wconf 87' lang='lat' dir='ltr'>Hunc</span> <span class='ocrx_word' id='word_1_92' title='bbox 992 1692 993 1695; x_wconf 8' lang='grc' dir='ltr'><strong>Ἴ</strong></span> 
     </span>
    </p>
   </div>
   <div class='ocr_carea' id='block_1_4' title="bbox 182 1797 974 2182">
    <p class='ocr_par' dir='ltr' id='par_1_5' title="bbox 182 1797 974 2182">
     <span class='ocr_line' id='line_1_16' title="bbox 182 1797 971 1882; baseline 0.005 -22"><span class='ocrx_word' id='word_1_93' title='bbox 182 1799 219 1861; x_wconf 84' lang='lat' dir='ltr'>R.</span> <span class='ocrx_word' id='word_1_94' title='bbox 240 1797 401 1863; x_wconf 84' lang='lat' dir='ltr'>Gordinalis</span> <span class='ocrx_word' id='word_1_95' title='bbox 422 1800 555 1862; x_wconf 83' lang='lat' dir='ltr'>Senensis</span> <span class='ocrx_word' id='word_1_96' title='bbox 576 1801 763 1880; x_wconf 82' lang='lat' dir='ltr'>sequebatur,</span> <span class='ocrx_word' id='word_1_97' title='bbox 781 1813 889 1882; x_wconf 84' lang='lat' dir='ltr'>etpost</span> <span class='ocrx_word' id='word_1_98' title='bbox 906 1821 971 1864; x_wconf 91' lang='lat' dir='ltr'>eum</span> 
     </span>
     <span class='ocr_line' id='line_1_17' title="bbox 183 1885 974 1978; baseline 0.006 -18"><span class='ocrx_word' id='word_1_99' title='bbox 183 1901 243 1963; x_wconf 93' lang='lat' dir='ltr'>duo</span> <span class='ocrx_word' id='word_1_100' title='bbox 260 1902 391 1962; x_wconf 79' lang='lat' dir='ltr'>scutiferi</span> <span class='ocrx_word' id='word_1_101' title='bbox 413 1902 470 1962; x_wconf 95' lang='lat' dir='ltr'>duo</span> <span class='ocrx_word' id='word_1_102' title='bbox 492 1902 610 1976; x_wconf 87' lang='lat' dir='ltr'>barilia,</span> <span class='ocrx_word' id='word_1_103' title='bbox 632 1922 722 1963; x_wconf 91' lang='lat' dir='ltr'>unum</span> <span class='ocrx_word' id='word_1_104' title='bbox 744 1885 924 1978; x_wconf 81' lang='lat' dir='ltr'>inauratum,</span> <span class='ocrx_word' id='word_1_105' title='bbox 944 1915 974 1965; x_wconf 88' lang='lat' dir='ltr'>et</span> 
     </span>
     <span class='ocr_line' id='line_1_18' title="bbox 183 1984 973 2084; baseline 0.004 -23"><span class='ocrx_word' id='word_1_106' title='bbox 183 2001 262 2063; x_wconf 88' lang='lat' dir='ltr'>aliud</span> <span class='ocrx_word' id='word_1_107' title='bbox 281 1984 492 2080; x_wconf 81' lang='lat' dir='ltr'>inargentatum</span> <span class='ocrx_word' id='word_1_108' title='bbox 511 2004 611 2081; x_wconf 90' lang='lat' dir='ltr'>optimi</span> <span class='ocrx_word' id='word_1_109' title='bbox 635 2000 693 2064; x_wconf 75' lang='lat' dir='ltr'>uini</span> <span class='ocrx_word' id='word_1_110' title='bbox 714 2005 797 2083; x_wconf 90' lang='lat' dir='ltr'>plena</span> <span class='ocrx_word' id='word_1_111' title='bbox 816 2014 973 2084; x_wconf 89' lang='lat' dir='ltr'>portantes,</span> 
     </span>
     <span class='ocr_line' id='line_1_19' title="bbox 184 2102 974 2182; baseline 0.005 -19"><span class='ocrx_word' id='word_1_112' title='bbox 184 2114 213 2163; x_wconf 89' lang='lat' dir='ltr'>et</span> <span class='ocrx_word' id='word_1_113' title='bbox 235 2113 299 2182; x_wconf 90' lang='lat' dir='ltr'>post</span> <span class='ocrx_word' id='word_1_114' title='bbox 320 2102 396 2181; x_wconf 88' lang='lat' dir='ltr'>ipsos</span> <span class='ocrx_word' id='word_1_115' title='bbox 417 2102 534 2180; x_wconf 88' lang='lat' dir='ltr'>quidam</span> <span class='ocrx_word' id='word_1_116' title='bbox 556 2104 703 2165; x_wconf 88' lang='lat' dir='ltr'>alemanus</span> <span class='ocrx_word' id='word_1_117' title='bbox 718 2102 841 2179; x_wconf 85' lang='lat' dir='ltr'>Orator,</span> <span class='ocrx_word' id='word_1_118' title='bbox 855 2107 879 2166; x_wconf 91' lang='lat' dir='ltr'>si</span> <span class='ocrx_word' id='word_1_119' title='bbox 895 2116 974 2167; x_wconf 88' lang='lat' dir='ltr'>recte</span> 
     </span>
    </p>
   </div>
   <div class='ocr_carea' id='block_1_5' title="bbox 183 2199 994 2284">
    <p class='ocr_par' dir='ltr' id='par_1_6' title="bbox 183 2199 994 2284">
     <span class='ocr_line' id='line_1_20' title="bbox 183 2199 994 2284; baseline 0.006 -25"><span class='ocrx_word' id='word_1_120' title='bbox 183 2199 265 2273; x_wconf 89' lang='lat' dir='ltr'>dico,</span> <span class='ocrx_word' id='word_1_121' title='bbox 287 2203 383 2263; x_wconf 85' lang='lat' dir='ltr'>locrrm</span> <span class='ocrx_word' id='word_1_122' title='bbox 411 2203 489 2261; x_wconf 90' lang='lat' dir='ltr'>tertii</span> <span class='ocrx_word' id='word_1_123' title='bbox 512 2199 648 2264; x_wconf 84' lang='lat' dir='ltr'>Oratoris</span> <span class='ocrx_word' id='word_1_124' title='bbox 674 2206 807 2284; x_wconf 88' lang='lat' dir='ltr'>suppleas</span> <span class='ocrx_word' id='word_1_125' title='bbox 835 2202 994 2284; x_wconf 81' lang='lat' dir='ltr'>tanquam</span> 
     </span>
    </p>
   </div>
   <div class='ocr_carea' id='block_1_6' title="bbox 181 2298 975 2568">
    <p class='ocr_par' dir='ltr' id='par_1_7' title="bbox 181 2298 975 2568">
     <span class='ocr_line' id='line_1_21' title="bbox 181 2298 975 2384; baseline 0.009 -23"><span class='ocrx_word' id='word_1_126' title='bbox 181 2319 239 2380; x_wconf 91' lang='lat' dir='ltr'>pro</span> <span class='ocrx_word' id='word_1_127' title='bbox 253 2298 418 2377; x_wconf 84' lang='lat' dir='ltr'>hujusmodi</span> <span class='ocrx_word' id='word_1_128' title='bbox 436 2304 660 2364; x_wconf 79' lang='lat' dir='ltr'>canonizationis</span> <span class='ocrx_word' id='word_1_129' title='bbox 673 2305 789 2384; x_wconf 82' lang='lat' dir='ltr'>negotio</span> <span class='ocrx_word' id='word_1_130' title='bbox 806 2307 975 2368; x_wconf 87' lang='lat' dir='ltr'>solicitando</span> 
     </span>
     <span class='ocr_line' id='line_1_22' title="bbox 185 2401 973 2497; baseline 0.01 -38"><span class='ocrx_word' id='word_1_131' title='bbox 185 2401 311 2472; x_wconf 87' lang='lat' dir='ltr'>missus,</span> <span class='ocrx_word' id='word_1_132' title='bbox 332 2401 389 2497; x_wconf 81' lang='lat' dir='ltr'>qui</span> <span class='ocrx_word' id='word_1_133' title='bbox 404 2402 503 2464; x_wconf 80' lang='lat' dir='ltr'>dextra</span> <span class='ocrx_word' id='word_1_134' title='bbox 534 2421 621 2464; x_wconf 90' lang='lat' dir='ltr'>manu</span> <span class='ocrx_word' id='word_1_135' title='bbox 632 2405 635 2413; x_wconf 82' lang='lat'>&#39;</span> <span class='ocrx_word' id='word_1_136' title='bbox 647 2423 765 2465; x_wconf 91' lang='lat' dir='ltr'>cereum</span> <span class='ocrx_word' id='word_1_137' title='bbox 792 2407 973 2488; x_wconf 89' lang='lat' dir='ltr'>praedictum</span> 
     </span>
     <span class='ocr_line' id='line_1_23' title="bbox 182 2501 973 2568; baseline 0.009 -8"><span class='ocrx_word' id='word_1_138' title='bbox 182 2501 296 2562; x_wconf 91' lang='lat' dir='ltr'>duobus</span> <span class='ocrx_word' id='word_1_139' title='bbox 308 2501 457 2563; x_wconf 82' lang='lat' dir='ltr'>antedictis</span> <span class='ocrx_word' id='word_1_140' title='bbox 471 2504 593 2564; x_wconf 89' lang='lat' dir='ltr'>similem</span> <span class='ocrx_word' id='word_1_141' title='bbox 608 2515 637 2564; x_wconf 91' lang='lat' dir='ltr'>et</span> <span class='ocrx_word' id='word_1_142' title='bbox 652 2505 765 2565; x_wconf 85' lang='lat' dir='ltr'>sinistra</span> <span class='ocrx_word' id='word_1_143' title='bbox 779 2524 865 2568; x_wconf 88' lang='lat' dir='ltr'>mano</span> <span class='ocrx_word' id='word_1_144' title='bbox 883 2525 973 2567; x_wconf 88' lang='lat' dir='ltr'>unum</span> 
     </span>
    </p>
   </div>
   <div class='ocr_carea' id='block_1_7' title="bbox 182 2599 981 2668">
    <p class='ocr_par' dir='ltr' id='par_1_8' title="bbox 182 2599 981 2668">
     <span class='ocr_line' id='line_1_24' title="bbox 182 2599 981 2668; baseline 0.009 -8"><span class='ocrx_word' id='word_1_145' title='bbox 182 2601 380 2663; x_wconf 86' lang='lat' dir='ltr'>canistrellum</span> <span class='ocrx_word' id='word_1_146' title='bbox 410 2599 595 2663; x_wconf 81' lang='lat' dir='ltr'>diversorum</span> <span class='ocrx_word' id='word_1_147' title='bbox 617 2605 750 2665; x_wconf 89' lang='lat' dir='ltr'>colorum</span> <span class='ocrx_word' id='word_1_148' title='bbox 772 2623 840 2666; x_wconf 89' lang='lat' dir='ltr'>curn</span> <span class='ocrx_word' id='word_1_149' title='bbox 859 2624 903 2668; x_wconf 81' lang='lat' dir='ltr'>vr.</span> <span class='ocrx_word' id='word_1_150' title='bbox 927 2610 981 2667; x_wconf 81' lang='lat' dir='ltr'>rel¹</span> 
     </span>
    </p>
   </div>
   <div class='ocr_carea' id='block_1_8' title="bbox 102 2702 974 4773">
    <p class='ocr_par' dir='ltr' id='par_1_9' title="bbox 102 2702 974 4773">
     <span class='ocr_line' id='line_1_25' title="bbox 182 2702 973 2785; baseline 0.009 -24"><span class='ocrx_word' id='word_1_151' title='bbox 182 2703 262 2761; x_wconf 91' lang='lat' dir='ltr'>circa</span> <span class='ocrx_word' id='word_1_152' title='bbox 290 2702 412 2782; x_wconf 84' lang='lat' dir='ltr'>aviculis</span> <span class='ocrx_word' id='word_1_153' title='bbox 443 2707 542 2782; x_wconf 87' lang='lat' dir='ltr'>parvis</span> <span class='ocrx_word' id='word_1_154' title='bbox 570 2705 645 2764; x_wconf 83' lang='lat' dir='ltr'>viris</span> <span class='ocrx_word' id='word_1_155' title='bbox 669 2705 811 2785; x_wconf 88' lang='lat' dir='ltr'>portabat.</span> <span class='ocrx_word' id='word_1_156' title='bbox 841 2706 878 2766; x_wconf 86' lang='lat' dir='ltr'>ill</span> <span class='ocrx_word' id='word_1_157' title='bbox 905 2724 973 2768; x_wconf 85' lang='lat' dir='ltr'>curn</span> 
     </span>
     <span class='ocr_line' id='line_1_26' title="bbox 179 2800 974 2878; baseline 0.009 -16"><span class='ocrx_word' id='word_1_158' title='bbox 179 2813 273 2862; x_wconf 87' lang='lat' dir='ltr'>essent</span> <span class='ocrx_word' id='word_1_159' title='bbox 291 2820 391 2862; x_wconf 88' lang='lat' dir='ltr'>coram</span> <span class='ocrx_word' id='word_1_160' title='bbox 413 2800 562 2878; x_wconf 78' lang='lat' dir='ltr'>Pontibus,</span> <span class='ocrx_word' id='word_1_161' title='bbox 579 2805 710 2866; x_wconf 85' lang='lat' dir='ltr'>videlicet</span> <span class='ocrx_word' id='word_1_162' title='bbox 727 2806 974 2869; x_wconf 86' lang='lat' dir='ltr'>Vicecamerarius</span> 
     </span>
     <span class='ocr_line' id='line_1_27' title="bbox 180 2903 973 2983; baseline 0.009 -22"><span class='ocrx_word' id='word_1_163' title='bbox 180 2915 259 2963; x_wconf 90' lang='lat' dir='ltr'>stans</span> <span class='ocrx_word' id='word_1_164' title='bbox 274 2903 366 2983; x_wconf 87' lang='lat' dir='ltr'>eapite</span> <span class='ocrx_word' id='word_1_165' title='bbox 381 2904 533 2983; x_wconf 82' lang='lat' dir='ltr'>inclinato,</span> <span class='ocrx_word' id='word_1_166' title='bbox 555 2922 672 2966; x_wconf 88' lang='lat' dir='ltr'>careum</span> <span class='ocrx_word' id='word_1_167' title='bbox 688 2905 722 2966; x_wconf 86' lang='lat' dir='ltr'>de</span> <span class='ocrx_word' id='word_1_168' title='bbox 738 2923 825 2966; x_wconf 90' lang='lat' dir='ltr'>manu</span> <span class='ocrx_word' id='word_1_169' title='bbox 843 2905 973 2968; x_wconf 79' lang='lat' dir='ltr'>scutiferi</span> 
     </span>
     <span class='ocr_line' id='line_1_28' title="bbox 181 3003 972 3088; baseline 0.005 -26"><span class='ocrx_word' id='word_1_170' title='bbox 181 3005 323 3084; x_wconf 81' lang='lat' dir='ltr'>accipiens</span> <span class='ocrx_word' id='word_1_171' title='bbox 350 3005 432 3067; x_wconf 91' lang='lat' dir='ltr'>illum</span> <span class='ocrx_word' id='word_1_172' title='bbox 459 3003 592 3067; x_wconf 86' lang='lat' dir='ltr'>Pontifici</span> <span class='ocrx_word' id='word_1_173' title='bbox 625 3006 730 3066; x_wconf 90' lang='lat' dir='ltr'>obtulit</span> <span class='ocrx_word' id='word_1_174' title='bbox 762 3008 972 3088; x_wconf 77' lang='lat' dir='ltr'>et1dexter¹am</span> 
     </span>
     <span class='ocr_line' id='line_1_29' title="bbox 164 3104 973 3185; baseline 0.001 -20"><span class='ocrx_word' id='word_1_175' title='bbox 164 3104 290 3184; x_wconf 88' lang='lat' dir='ltr'>primo,</span> <span class='ocrx_word' id='word_1_176' title='bbox 310 3105 509 3185; x_wconf 81' lang='lat' dir='ltr'>deindegenu</span> <span class='ocrx_word' id='word_1_177' title='bbox 530 3106 665 3183; x_wconf 78' lang='lat' dir='ltr'>dextrum</span> <span class='ocrx_word' id='word_1_178' title='bbox 686 3105 833 3169; x_wconf 88' lang='lat' dir='ltr'>Pontificis</span> <span class='ocrx_word' id='word_1_179' title='bbox 854 3106 973 3168; x_wconf 89' lang='lat' dir='ltr'>oscula·</span> 
     </span>
     <span class='ocr_line' id='line_1_30' title="bbox 127 3190 973 3285; baseline 0.002 -22"><span class='ocrx_word' id='word_1_180' title='bbox 127 3210 135 3217; x_wconf 86' lang='lat'><em>&#39;</em></span> <span class='ocrx_word' id='word_1_181' title='bbox 182 3190 292 3265; x_wconf 82' lang='lat' dir='ltr'>tuaest</span> <span class='ocrx_word' id='word_1_182' title='bbox 313 3216 491 3267; x_wconf 83' lang='lat' dir='ltr'>reverenter.</span> <span class='ocrx_word' id='word_1_183' title='bbox 513 3204 673 3267; x_wconf 88' lang='lat' dir='ltr'>Cardinalis</span> <span class='ocrx_word' id='word_1_184' title='bbox 691 3206 791 3268; x_wconf 85' lang='lat' dir='ltr'>Sancti</span> <span class='ocrx_word' id='word_1_185' title='bbox 813 3205 935 3285; x_wconf 86' lang='lat' dir='ltr'>Georgii</span> <span class='ocrx_word' id='word_1_186' title='bbox 954 3225 973 3266; x_wconf 88' lang='lat' dir='ltr'>a</span> 
     </span>
     <span class='ocr_line' id='line_1_31' title="bbox 179 3304 972 3388; baseline 0.005 -24"><span class='ocrx_word' id='word_1_187' title='bbox 179 3304 301 3366; x_wconf 80' lang='lat' dir='ltr'>sinistris</span> <span class='ocrx_word' id='word_1_188' title='bbox 321 3305 417 3386; x_wconf 85' lang='lat' dir='ltr'>Papae</span> <span class='ocrx_word' id='word_1_189' title='bbox 437 3307 568 3368; x_wconf 82' lang='lat' dir='ltr'>assistens</span> <span class='ocrx_word' id='word_1_190' title='bbox 591 3309 701 3388; x_wconf 87' lang='lat' dir='ltr'>accepit</span> <span class='ocrx_word' id='word_1_191' title='bbox 719 3306 972 3386; x_wconf 13' lang='lat' dir='ltr'>atPoutiflcere-</span> 
     </span>
     <span class='ocr_line' id='line_1_32' title="bbox 118 3405 971 3489; baseline -0.001 -23"><span class='ocrx_word' id='word_1_192' title='bbox 118 3434 122 3441; x_wconf 94' lang='lat'>·</span> <span class='ocrx_word' id='word_1_193' title='bbox 182 3423 266 3466; x_wconf 91' lang='lat' dir='ltr'>reum</span> <span class='ocrx_word' id='word_1_194' title='bbox 279 3405 420 3479; x_wconf 88' lang='lat' dir='ltr'>oblatum,</span> <span class='ocrx_word' id='word_1_195' title='bbox 435 3417 464 3468; x_wconf 91' lang='lat' dir='ltr'>et</span> <span class='ocrx_word' id='word_1_196' title='bbox 479 3407 549 3468; x_wconf 80' lang='lat' dir='ltr'>milri</span> <span class='ocrx_word' id='word_1_197' title='bbox 566 3411 744 3488; x_wconf 86' lang='lat' dir='ltr'>consignarit</span> <span class='ocrx_word' id='word_1_198' title='bbox 756 3408 869 3489; x_wconf 87' lang='lat' dir='ltr'>petenti,</span> <span class='ocrx_word' id='word_1_199' title='bbox 885 3425 971 3486; x_wconf 89' lang='lat' dir='ltr'>quem</span> 
     </span>
     <span class='ocr_line' id='line_1_33' title="bbox 181 3502 971 3583; baseline 0.006 -20"><span class='ocrx_word' id='word_1_200' title='bbox 181 3504 299 3583; x_wconf 92' lang='lat' dir='ltr'>reposui</span> <span class='ocrx_word' id='word_1_201' title='bbox 317 3505 346 3563; x_wconf 91' lang='lat' dir='ltr'>iu</span> <span class='ocrx_word' id='word_1_202' title='bbox 368 3502 423 3566; x_wconf 83' lang='lat' dir='ltr'>bue</span> <span class='ocrx_word' id='word_1_203' title='bbox 444 3506 555 3570; x_wconf 81' lang='lat' dir='ltr'>Missae.</span> <span class='ocrx_word' id='word_1_204' title='bbox 576 3508 652 3568; x_wconf 89' lang='lat' dir='ltr'>Tum</span> <span class='ocrx_word' id='word_1_205' title='bbox 671 3510 746 3571; x_wconf 89' lang='lat' dir='ltr'>idem</span> <span class='ocrx_word' id='word_1_206' title='bbox 768 3509 971 3570; x_wconf 81' lang='lat' dir='ltr'>Vicecamera·</span> 
     </span>
     <span class='ocr_line' id='line_1_34' title="bbox 181 3604 971 3690; baseline 0.008 -25"><span class='ocrx_word' id='word_1_207' title='bbox 181 3606 261 3676; x_wconf 80' lang='lat' dir='ltr'>rius,</span> <span class='ocrx_word' id='word_1_208' title='bbox 288 3604 446 3666; x_wconf 90' lang='lat' dir='ltr'>secundum</span> <span class='ocrx_word' id='word_1_209' title='bbox 473 3625 589 3668; x_wconf 87' lang='lat' dir='ltr'>cereum</span> <span class='ocrx_word' id='word_1_210' title='bbox 618 3611 761 3690; x_wconf 91' lang='lat' dir='ltr'>accipiens</span> <span class='ocrx_word' id='word_1_211' title='bbox 782 3612 864 3670; x_wconf 90' lang='lat' dir='ltr'>illum</span> <span class='ocrx_word' id='word_1_212' title='bbox 886 3611 971 3671; x_wconf 90' lang='lat' dir='ltr'>simili</span> 
     </span>
     <span class='ocr_line' id='line_1_35' title="bbox 181 3703 971 3787; baseline 0.006 -23"><span class='ocrx_word' id='word_1_213' title='bbox 181 3703 356 3766; x_wconf 86' lang='lat' dir='ltr'>modorum</span> <span class='ocrx_word' id='word_1_214' title='bbox 392 3724 493 3767; x_wconf 91' lang='lat' dir='ltr'>manus</span> <span class='ocrx_word' id='word_1_215' title='bbox 525 3719 555 3768; x_wconf 87' lang='lat' dir='ltr'>at</span> <span class='ocrx_word' id='word_1_216' title='bbox 576 3727 653 3787; x_wconf 92' lang='lat' dir='ltr'>genu</span> <span class='ocrx_word' id='word_1_217' title='bbox 680 3708 896 3771; x_wconf 87' lang='lat' dir='ltr'>deosculatione</span> <span class='ocrx_word' id='word_1_218' title='bbox 914 3709 971 3771; x_wconf 89' lang='lat' dir='ltr'>ob-</span> 
     </span>
     <span class='ocr_line' id='line_1_36' title="bbox 181 3803 970 3886; baseline 0.006 -21"><span class='ocrx_word' id='word_1_219' title='bbox 181 3807 249 3866; x_wconf 89' lang='lat' dir='ltr'>tulit</span> <span class='ocrx_word' id='word_1_220' title='bbox 268 3818 300 3867; x_wconf 91' lang='lat' dir='ltr'>ut</span> <span class='ocrx_word' id='word_1_221' title='bbox 320 3807 460 3886; x_wconf 88' lang='lat' dir='ltr'>primum.</span> <span class='ocrx_word' id='word_1_222' title='bbox 474 3805 550 3868; x_wconf 85' lang='lat' dir='ltr'>Turn</span> <span class='ocrx_word' id='word_1_223' title='bbox 565 3808 600 3866; x_wconf 90' lang='lat' dir='ltr'>ad</span> <span class='ocrx_word' id='word_1_224' title='bbox 623 3827 708 3870; x_wconf 88' lang='lat' dir='ltr'>suum</span> <span class='ocrx_word' id='word_1_225' title='bbox 730 3803 827 3869; x_wconf 85' lang='lat' dir='ltr'>locum</span> <span class='ocrx_word' id='word_1_226' title='bbox 846 3811 882 3869; x_wconf 88' lang='lat' dir='ltr'>ad</span> <span class='ocrx_word' id='word_1_227' title='bbox 898 3810 970 3870; x_wconf 89' lang='lat' dir='ltr'>alios</span> 
     </span>
     <span class='ocr_line' id='line_1_37' title="bbox 181 3905 973 3987; baseline 0.001 -20"><span class='ocrx_word' id='word_1_228' title='bbox 181 3905 348 3968; x_wconf 86' lang='lat' dir='ltr'>Cardinales</span> <span class='ocrx_word' id='word_1_229' title='bbox 363 3907 461 3981; x_wconf 87' lang='lat' dir='ltr'>rediit,</span> <span class='ocrx_word' id='word_1_230' title='bbox 473 3926 548 3987; x_wconf 88' lang='lat' dir='ltr'>genu</span> <span class='ocrx_word' id='word_1_231' title='bbox 561 3908 653 3970; x_wconf 76' lang='lat' dir='ltr'>derisa</span> <span class='ocrx_word' id='word_1_232' title='bbox 670 3909 769 3971; x_wconf 88' lang='lat' dir='ltr'>deinde</span> <span class='ocrx_word' id='word_1_233' title='bbox 783 3928 883 3972; x_wconf 89' lang='lat' dir='ltr'>coram</span> <span class='ocrx_word' id='word_1_234' title='bbox 892 3907 973 3970; x_wconf 87' lang='lat' dir='ltr'>Pon·</span> 
     </span>
     <span class='ocr_line' id='line_1_38' title="bbox 181 4005 973 4089; baseline 0.005 -23"><span class='ocrx_word' id='word_1_235' title='bbox 181 4005 258 4067; x_wconf 87' lang='lat' dir='ltr'>tiflce</span> <span class='ocrx_word' id='word_1_236' title='bbox 272 4006 412 4068; x_wconf 84' lang='lat' dir='ltr'>Dominus</span> <span class='ocrx_word' id='word_1_237' title='bbox 423 4007 635 4086; x_wconf 81' lang='lat' dir='ltr'>blarquardus,</span> <span class='ocrx_word' id='word_1_238' title='bbox 650 4022 678 4071; x_wconf 90' lang='lat' dir='ltr'>et</span> <span class='ocrx_word' id='word_1_239' title='bbox 690 4011 717 4072; x_wconf 90' lang='lat' dir='ltr'>ei</span> <span class='ocrx_word' id='word_1_240' title='bbox 733 4028 850 4071; x_wconf 88' lang='lat' dir='ltr'>cereum</span> <span class='ocrx_word' id='word_1_241' title='bbox 866 4012 973 4089; x_wconf 89' lang='lat' dir='ltr'>primo,</span> 
     </span>
     <span class='ocr_line' id='line_1_39' title="bbox 181 4106 972 4188; baseline 0.009 -23"><span class='ocrx_word' id='word_1_242' title='bbox 181 4106 281 4167; x_wconf 90' lang='lat' dir='ltr'>deinde</span> <span class='ocrx_word' id='word_1_243' title='bbox 296 4110 455 4175; x_wconf 87' lang='lat' dir='ltr'>canistrum</span> <span class='ocrx_word' id='word_1_244' title='bbox 468 4106 647 4188; x_wconf 81' lang='lat' dir='ltr'>praedictum</span> <span class='ocrx_word' id='word_1_245' title='bbox 663 4111 769 4172; x_wconf 92' lang='lat' dir='ltr'>obtulit</span> <span class='ocrx_word' id='word_1_246' title='bbox 779 4110 815 4169; x_wconf 91' lang='lat' dir='ltr'>ad</span> <span class='ocrx_word' id='word_1_247' title='bbox 827 4109 972 4188; x_wconf 89' lang='lat' dir='ltr'>quaelibet</span> 
     </span>
     <span class='ocr_line' id='line_1_40' title="bbox 182 4202 970 4290; baseline 0.006 -27"><span class='ocrx_word' id='word_1_248' title='bbox 182 4202 359 4281; x_wconf 85' lang='lat' dir='ltr'>lrrrjusmodi,</span> <span class='ocrx_word' id='word_1_249' title='bbox 380 4226 498 4269; x_wconf 92' lang='lat' dir='ltr'>manum</span> <span class='ocrx_word' id='word_1_250' title='bbox 519 4212 625 4289; x_wconf 84' lang='lat' dir='ltr'>primo,</span> <span class='ocrx_word' id='word_1_251' title='bbox 639 4208 747 4271; x_wconf 74' lang='lat' dir='ltr'>‘deinde</span> <span class='ocrx_word' id='word_1_252' title='bbox 769 4209 868 4290; x_wconf 89' lang='lat' dir='ltr'>pedem</span> <span class='ocrx_word' id='word_1_253' title='bbox 898 4209 970 4270; x_wconf 84' lang='lat' dir='ltr'>daz·</span> 
     </span>
     <span class='ocr_line' id='line_1_41' title="bbox 179 4305 972 4390; baseline 0.006 -25"><span class='ocrx_word' id='word_1_254' title='bbox 179 4315 262 4367; x_wconf 91' lang='lat' dir='ltr'>trum</span> <span class='ocrx_word' id='word_1_255' title='bbox 281 4305 429 4368; x_wconf 81' lang='lat' dir='ltr'>Pontificis</span> <span class='ocrx_word' id='word_1_256' title='bbox 449 4308 626 4372; x_wconf 87' lang='lat' dir='ltr'>deosculans.</span> <span class='ocrx_word' id='word_1_257' title='bbox 648 4311 727 4371; x_wconf 86' lang='lat' dir='ltr'>ldem</span> <span class='ocrx_word' id='word_1_258' title='bbox 757 4321 823 4390; x_wconf 93' lang='lat' dir='ltr'>post</span> <span class='ocrx_word' id='word_1_259' title='bbox 844 4326 894 4372; x_wconf 91' lang='lat' dir='ltr'>eos</span> <span class='ocrx_word' id='word_1_260' title='bbox 921 4328 972 4370; x_wconf 89' lang='lat' dir='ltr'>re·</span> 
     </span>
     <span class='ocr_line' id='line_1_42' title="bbox 179 4400 972 4486; baseline 0.009 -22"><span class='ocrx_word' id='word_1_261' title='bbox 179 4407 307 4486; x_wconf 74' lang='lat' dir='ltr'>spectim</span> <span class='ocrx_word' id='word_1_262' title='bbox 326 4407 458 4469; x_wconf 88' lang='lat' dir='ltr'>fecerunt</span> <span class='ocrx_word' id='word_1_263' title='bbox 472 4409 691 4474; x_wconf 74' lang='lat' dir='ltr'>mediolanensis</span> <span class='ocrx_word' id='word_1_264' title='bbox 706 4400 881 4472; x_wconf 47' lang='lat' dir='ltr'>et‘Senensis</span> <span class='ocrx_word' id='word_1_265' title='bbox 895 4408 972 4471; x_wconf 88' lang='lat' dir='ltr'>Car·</span> 
     </span>
     <span class='ocr_line' id='line_1_43' title="bbox 182 4505 970 4591; baseline 0.006 -25"><span class='ocrx_word' id='word_1_266' title='bbox 182 4505 291 4568; x_wconf 88' lang='lat' dir='ltr'>dinales</span> <span class='ocrx_word' id='word_1_267' title='bbox 312 4508 416 4574; x_wconf 85' lang='lat' dir='ltr'>acalii</span> <span class='ocrx_word' id='word_1_268' title='bbox 443 4509 502 4572; x_wconf 90' lang='lat' dir='ltr'>duo</span> <span class='ocrx_word' id='word_1_269' title='bbox 523 4508 664 4573; x_wconf 86' lang='lat' dir='ltr'>Oratores</span> <span class='ocrx_word' id='word_1_270' title='bbox 691 4511 829 4591; x_wconf 90' lang='lat' dir='ltr'>praedicti</span> <span class='ocrx_word' id='word_1_271' title='bbox 836 4531 847 4584; x_wconf 79' lang='lat'>3</span> <span class='ocrx_word' id='word_1_272' title='bbox 881 4521 970 4571; x_wconf 90' lang='lat' dir='ltr'>totam</span> 
     </span>
     <span class='ocr_line' id='line_1_44' title="bbox 102 4606 972 4691; baseline 0.006 -23"><span class='ocrx_word' id='word_1_273' title='bbox 102 4644 106 4654; x_wconf 88' lang='lat'><em>·</em></span> <span class='ocrx_word' id='word_1_274' title='bbox 180 4606 353 4670; x_wconf 86' lang='lat' dir='ltr'>oblationem</span> <span class='ocrx_word' id='word_1_275' title='bbox 376 4613 491 4691; x_wconf 84' lang='lat' dir='ltr'>reposui</span> <span class='ocrx_word' id='word_1_276' title='bbox 516 4623 598 4673; x_wconf 85' lang='lat' dir='ltr'>retro</span> <span class='ocrx_word' id='word_1_277' title='bbox 616 4612 708 4673; x_wconf 86' lang='lat' dir='ltr'>altare</span> <span class='ocrx_word' id='word_1_278' title='bbox 735 4610 840 4689; x_wconf 75' lang='lat' dir='ltr'>majus,</span> <span class='ocrx_word' id='word_1_279' title='bbox 862 4612 890 4672; x_wconf 87' lang='lat' dir='ltr'>ln</span> <span class='ocrx_word' id='word_1_280' title='bbox 912 4630 972 4690; x_wconf 95' lang='lat' dir='ltr'>quo</span> 
     </span>
     <span class='ocr_line' id='line_1_45' title="bbox 180 4707 972 4773; baseline 0.006 -7"><span class='ocrx_word' id='word_1_281' title='bbox 180 4707 265 4768; x_wconf 82' lang='lat' dir='ltr'>dlissa</span> <span class='ocrx_word' id='word_1_282' title='bbox 292 4709 452 4771; x_wconf 89' lang='lat' dir='ltr'>dicebatur.</span> <span class='ocrx_word' id='word_1_283' title='bbox 479 4711 524 4771; x_wconf 74' lang='lat' dir='ltr'>ad</span> <span class='ocrx_word' id='word_1_284' title='bbox 549 4712 663 4772; x_wconf 80' lang='lat' dir='ltr'>Missam</span> <span class='ocrx_word' id='word_1_285' title='bbox 685 4711 904 4773; x_wconf 87' lang='lat' dir='ltr'>debito&#39;ordine</span> <span class='ocrx_word' id='word_1_286' title='bbox 924 4712 972 4771; x_wconf 85' lang='lat' dir='ltr'>di·</span> 
     </span>
    </p>
   </div>
   <div class='ocr_carea' id='block_1_9' title="bbox 1726 256 1836 343">
    <p class='ocr_par' dir='ltr' id='par_1_10' title="bbox 1726 256 1836 343">
     <span class='ocr_line' id='line_1_46' title="bbox 1726 256 1836 343; baseline 0.018 -21"><span class='ocrx_word' id='word_1_287' title='bbox 1726 256 1836 343; x_wconf 78' lang='lat' dir='ltr'>(rus)</span> 
     </span>
    </p>
   </div>
   <div class='ocr_carea' id='block_1_10' title="bbox 1041 387 1838 2080">
    <p class='ocr_par' dir='ltr' id='par_1_11' title="bbox 1041 387 1838 2080">
     <span class='ocr_line' id='line_1_47' title="bbox 1043 387 1836 479; baseline 0 -23"><span class='ocrx_word' id='word_1_288' title='bbox 1043 393 1158 479; x_wconf 84' lang='lat' dir='ltr'>stante)</span> <span class='ocrx_word' id='word_1_289' title='bbox 1178 396 1288 474; x_wconf 89' lang='lat' dir='ltr'>populo</span> <span class='ocrx_word' id='word_1_290' title='bbox 1303 412 1383 455; x_wconf 86' lang='lat' dir='ltr'>more</span> <span class='ocrx_word' id='word_1_291' title='bbox 1399 403 1538 455; x_wconf 89' lang='lat' dir='ltr'>consueto</span> <span class='ocrx_word' id='word_1_292' title='bbox 1558 387 1712 466; x_wconf 77' lang='lat' dir='ltr'>benedixit,</span> <span class='ocrx_word' id='word_1_293' title='bbox 1727 405 1759 456; x_wconf 87' lang='lat' dir='ltr'>et</span> <span class='ocrx_word' id='word_1_294' title='bbox 1775 397 1836 474; x_wconf 88' lang='lat' dir='ltr'>ple·</span> 
     </span>
     <span class='ocr_line' id='line_1_48' title="bbox 1043 494 1836 575; baseline 0 -19"><span class='ocrx_word' id='word_1_295' title='bbox 1043 496 1139 556; x_wconf 91' lang='lat' dir='ltr'>narias</span> <span class='ocrx_word' id='word_1_296' title='bbox 1153 495 1345 575; x_wconf 89' lang='lat' dir='ltr'>indulgentias</span> <span class='ocrx_word' id='word_1_297' title='bbox 1359 495 1499 559; x_wconf 85' lang='lat' dir='ltr'>concessit</span> <span class='ocrx_word' id='word_1_298' title='bbox 1509 494 1754 568; x_wconf 88' lang='lat' dir='ltr'>interessentibus,</span> <span class='ocrx_word' id='word_1_299' title='bbox 1768 505 1836 574; x_wconf 89' lang='lat' dir='ltr'>quas</span> 
     </span>
     <span class='ocr_line' id='line_1_49' title="bbox 1043 595 1836 675; baseline 0.001 -19"><span class='ocrx_word' id='word_1_300' title='bbox 1043 597 1208 675; x_wconf 89' lang='lat' dir='ltr'>praedictus</span> <span class='ocrx_word' id='word_1_301' title='bbox 1228 595 1389 658; x_wconf 81' lang='lat' dir='ltr'>cardinatis</span> <span class='ocrx_word' id='word_1_302' title='bbox 1410 596 1543 658; x_wconf 76' lang='lat' dir='ltr'>Senectus</span> <span class='ocrx_word' id='word_1_303' title='bbox 1563 596 1614 675; x_wconf 89' lang='lat' dir='ltr'>qui</span> <span class='ocrx_word' id='word_1_304' title='bbox 1642 595 1836 675; x_wconf 79' lang='lat' dir='ltr'>Euangeliou</span> 
     </span>
     <span class='ocr_line' id='line_1_50' title="bbox 1043 696 1837 777; baseline -0.008 -19"><span class='ocrx_word' id='word_1_305' title='bbox 1043 697 1165 770; x_wconf 78' lang='lat' dir='ltr'>dixerat,</span> <span class='ocrx_word' id='word_1_306' title='bbox 1185 709 1215 759; x_wconf 82' lang='lat' dir='ltr'>et</span> <span class='ocrx_word' id='word_1_307' title='bbox 1240 701 1269 758; x_wconf 91' lang='lat' dir='ltr'>in</span> <span class='ocrx_word' id='word_1_308' title='bbox 1290 698 1374 758; x_wconf 80' lang='lat' dir='ltr'>Missa</span> <span class='ocrx_word' id='word_1_309' title='bbox 1395 696 1490 777; x_wconf 86' lang='lat' dir='ltr'>Papae</span> <span class='ocrx_word' id='word_1_310' title='bbox 1506 696 1742 768; x_wconf 80' lang='lat' dir='ltr'>ministraverat,</span> <span class='ocrx_word' id='word_1_311' title='bbox 1767 715 1837 777; x_wconf 89' lang='lat' dir='ltr'>prn-</span> 
     </span>
     <span class='ocr_line' id='line_1_51' title="bbox 1042 796 1837 877; baseline 0.004 -21"><span class='ocrx_word' id='word_1_312' title='bbox 1042 796 1198 857; x_wconf 84' lang='lat' dir='ltr'>nunciasit.</span> <span class='ocrx_word' id='word_1_313' title='bbox 1220 796 1351 858; x_wconf 81' lang='lat' dir='ltr'>Pontifex</span> <span class='ocrx_word' id='word_1_314' title='bbox 1372 796 1473 859; x_wconf 89' lang='lat' dir='ltr'>deinde</span> <span class='ocrx_word' id='word_1_315' title='bbox 1494 797 1588 858; x_wconf 81' lang='lat' dir='ltr'>rediit</span> <span class='ocrx_word' id='word_1_316' title='bbox 1606 798 1635 858; x_wconf 91' lang='lat' dir='ltr'>iu</span> <span class='ocrx_word' id='word_1_317' title='bbox 1662 799 1837 877; x_wconf 84' lang='lat' dir='ltr'>paramentis</span> 
     </span>
     <span class='ocr_line' id='line_1_52' title="bbox 1042 895 1838 971; baseline 0.005 -17"><span class='ocrx_word' id='word_1_318' title='bbox 1042 896 1077 954; x_wconf 92' lang='lat' dir='ltr'>ad</span> <span class='ocrx_word' id='word_1_319' title='bbox 1099 895 1243 956; x_wconf 89' lang='lat' dir='ltr'>Palatium</span> <span class='ocrx_word' id='word_1_320' title='bbox 1266 908 1294 958; x_wconf 90' lang='lat' dir='ltr'>et</span> <span class='ocrx_word' id='word_1_321' title='bbox 1321 916 1467 959; x_wconf 88' lang='lat' dir='ltr'>cameram</span> <span class='ocrx_word' id='word_1_322' title='bbox 1487 914 1581 971; x_wconf 89' lang='lat' dir='ltr'>suam,</span> <span class='ocrx_word' id='word_1_323' title='bbox 1600 897 1718 957; x_wconf 90' lang='lat' dir='ltr'>dimisso</span> <span class='ocrx_word' id='word_1_324' title='bbox 1733 897 1764 956; x_wconf 89' lang='lat' dir='ltr'>in</span> <span class='ocrx_word' id='word_1_325' title='bbox 1790 917 1838 959; x_wconf 92' lang='lat' dir='ltr'>ec·</span> 
     </span>
     <span class='ocr_line' id='line_1_53' title="bbox 1042 997 1836 1080; baseline -0.001 -21"><span class='ocrx_word' id='word_1_326' title='bbox 1042 1000 1126 1059; x_wconf 86' lang='lat' dir='ltr'>alesia</span> <span class='ocrx_word' id='word_1_327' title='bbox 1145 997 1344 1070; x_wconf 89' lang='lat' dir='ltr'>baldaccbino,</span> <span class='ocrx_word' id='word_1_328' title='bbox 1355 999 1484 1080; x_wconf 79' lang='lat' dir='ltr'>expensis</span> <span class='ocrx_word' id='word_1_329' title='bbox 1498 999 1746 1060; x_wconf 73' lang='lat' dir='ltr'>canonizationem</span> <span class='ocrx_word' id='word_1_330' title='bbox 1764 1017 1836 1077; x_wconf 90' lang='lat' dir='ltr'>pro-</span> 
     </span>
     <span class='ocr_line' id='line_1_54' title="bbox 1042 1099 1837 1178; baseline 0.005 -22"><span class='ocrx_word' id='word_1_331' title='bbox 1042 1099 1209 1157; x_wconf 85' lang='lat' dir='ltr'>curantium</span> <span class='ocrx_word' id='word_1_332' title='bbox 1231 1099 1318 1172; x_wconf 92' lang='lat' dir='ltr'>facto,</span> <span class='ocrx_word' id='word_1_333' title='bbox 1342 1110 1371 1159; x_wconf 87' lang='lat' dir='ltr'>et</span> <span class='ocrx_word' id='word_1_334' title='bbox 1388 1117 1476 1178; x_wconf 88' lang='lat' dir='ltr'>super</span> <span class='ocrx_word' id='word_1_335' title='bbox 1498 1099 1602 1171; x_wconf 88' lang='lat' dir='ltr'>altare,</span> <span class='ocrx_word' id='word_1_336' title='bbox 1624 1100 1653 1159; x_wconf 91' lang='lat' dir='ltr'>in</span> <span class='ocrx_word' id='word_1_337' title='bbox 1675 1117 1736 1177; x_wconf 92' lang='lat' dir='ltr'>quo</span> <span class='ocrx_word' id='word_1_338' title='bbox 1757 1099 1837 1160; x_wconf 87' lang='lat' dir='ltr'>Pon·</span> 
     </span>
     <span class='ocr_line' id='line_1_55' title="bbox 1042 1196 1836 1279; baseline 0.008 -22"><span class='ocrx_word' id='word_1_339' title='bbox 1042 1196 1108 1258; x_wconf 83' lang='lat' dir='ltr'>tifex</span> <span class='ocrx_word' id='word_1_340' title='bbox 1130 1198 1287 1259; x_wconf 88' lang='lat' dir='ltr'>celebravit</span> <span class='ocrx_word' id='word_1_341' title='bbox 1308 1209 1440 1271; x_wconf 79' lang='lat' dir='ltr'>extenso,</span> <span class='ocrx_word' id='word_1_342' title='bbox 1455 1199 1534 1277; x_wconf 94' lang='lat' dir='ltr'>quod</span> <span class='ocrx_word' id='word_1_343' title='bbox 1554 1199 1724 1279; x_wconf 89' lang='lat' dir='ltr'>Capitulum</span> <span class='ocrx_word' id='word_1_344' title='bbox 1746 1199 1836 1263; x_wconf 90' lang='lat' dir='ltr'>dictae</span> 
     </span>
     <span class='ocr_line' id='line_1_56' title="bbox 1041 1291 1836 1380; baseline 0.004 -23"><span class='ocrx_word' id='word_1_345' title='bbox 1041 1298 1174 1360; x_wconf 89' lang='lat' dir='ltr'>basilicae</span> <span class='ocrx_word' id='word_1_346' title='bbox 1187 1291 1229 1359; x_wconf 53' lang='lat' dir='ltr'>‘ex</span> <span class='ocrx_word' id='word_1_347' title='bbox 1250 1317 1332 1360; x_wconf 90' lang='lat' dir='ltr'>more</span> <span class='ocrx_word' id='word_1_348' title='bbox 1360 1300 1479 1362; x_wconf 87' lang='lat' dir='ltr'>retinuit</span> <span class='ocrx_word' id='word_1_349' title='bbox 1506 1319 1561 1380; x_wconf 92' lang='lat' dir='ltr'>pro</span> <span class='ocrx_word' id='word_1_350' title='bbox 1585 1300 1721 1361; x_wconf 86' lang='lat' dir='ltr'>basilicae</span> <span class='ocrx_word' id='word_1_351' title='bbox 1750 1301 1836 1380; x_wconf 87' lang='lat' dir='ltr'>ipsios</span> 
     </span>
     <span class='ocr_line' id='line_1_57' title="bbox 1041 1397 1836 1481; baseline 0.003 -24"><span class='ocrx_word' id='word_1_352' title='bbox 1041 1397 1168 1470; x_wconf 90' lang='lat' dir='ltr'>decore,</span> <span class='ocrx_word' id='word_1_353' title='bbox 1190 1410 1219 1461; x_wconf 90' lang='lat' dir='ltr'>et</span> <span class='ocrx_word' id='word_1_354' title='bbox 1252 1401 1473 1461; x_wconf 87' lang='lat' dir='ltr'>canonizationis</span> <span class='ocrx_word' id='word_1_355' title='bbox 1502 1399 1668 1479; x_wconf 85' lang='lat' dir='ltr'>hujusmodi</span> <span class='ocrx_word' id='word_1_356' title='bbox 1696 1404 1836 1481; x_wconf 86' lang='lat' dir='ltr'>perpetua</span> 
     </span>
     <span class='ocr_line' id='line_1_58' title="bbox 1041 1499 1836 1563; baseline 0.004 -6"><span class='ocrx_word' id='word_1_357' title='bbox 1041 1500 1182 1559; x_wconf 88' lang='lat' dir='ltr'>memorio</span> <span class='ocrx_word' id='word_1_358' title='bbox 1202 1499 1443 1561; x_wconf 81' lang='lat' dir='ltr'>conservandum.</span> <span class='ocrx_word' id='word_1_359' title='bbox 1466 1500 1535 1562; x_wconf 89' lang='lat' dir='ltr'>Post</span> <span class='ocrx_word' id='word_1_360' title='bbox 1557 1500 1707 1563; x_wconf 86' lang='lat' dir='ltr'>Pontidcis</span> <span class='ocrx_word' id='word_1_361' title='bbox 1729 1501 1836 1561; x_wconf 84' lang='lat' dir='ltr'>disces·</span> 
     </span>
     <span class='ocr_line' id='line_1_59' title="bbox 1041 1599 1834 1685; baseline 0.006 -28"><span class='ocrx_word' id='word_1_362' title='bbox 1041 1617 1105 1658; x_wconf 93' lang='lat' dir='ltr'>sum</span> <span class='ocrx_word' id='word_1_363' title='bbox 1128 1599 1291 1660; x_wconf 88' lang='lat' dir='ltr'>distribuite</span> <span class='ocrx_word' id='word_1_364' title='bbox 1312 1611 1356 1661; x_wconf 85' lang='lat' dir='ltr'>est</span> <span class='ocrx_word' id='word_1_365' title='bbox 1379 1621 1433 1681; x_wconf 88' lang='lat' dir='ltr'>per</span> <span class='ocrx_word' id='word_1_366' title='bbox 1455 1619 1507 1661; x_wconf 92' lang='lat' dir='ltr'>nos</span> <span class='ocrx_word' id='word_1_367' title='bbox 1520 1601 1637 1685; x_wconf 90' lang='lat' dir='ltr'>oblatio</span> <span class='ocrx_word' id='word_1_368' title='bbox 1663 1602 1751 1681; x_wconf 83' lang='lat' dir='ltr'>cujus</span> <span class='ocrx_word' id='word_1_369' title='bbox 1773 1619 1834 1662; x_wconf 89' lang='lat' dir='ltr'>me·</span> 
     </span>
     <span class='ocr_line' id='line_1_60' title="bbox 1042 1699 1835 1781; baseline 0.004 -23"><span class='ocrx_word' id='word_1_370' title='bbox 1042 1699 1118 1759; x_wconf 91' lang='lat' dir='ltr'>diam</span> <span class='ocrx_word' id='word_1_371' title='bbox 1140 1711 1251 1779; x_wconf 89' lang='lat' dir='ltr'>partem</span> <span class='ocrx_word' id='word_1_372' title='bbox 1273 1702 1384 1780; x_wconf 88' lang='lat' dir='ltr'>accepit</span> <span class='ocrx_word' id='word_1_373' title='bbox 1413 1702 1564 1774; x_wconf 78' lang='lat' dir='ltr'>Seroiata,</span> <span class='ocrx_word' id='word_1_374' title='bbox 1596 1703 1683 1761; x_wconf 91' lang='lat' dir='ltr'>aliam</span> <span class='ocrx_word' id='word_1_375' title='bbox 1715 1700 1835 1781; x_wconf 87' lang='lat' dir='ltr'>Episco-</span> 
     </span>
     <span class='ocr_line' id='line_1_61' title="bbox 1042 1798 1833 1879; baseline 0.004 -21"><span class='ocrx_word' id='word_1_376' title='bbox 1042 1818 1096 1878; x_wconf 90' lang='lat' dir='ltr'>pus</span> <span class='ocrx_word' id='word_1_377' title='bbox 1128 1798 1287 1859; x_wconf 82' lang='lat' dir='ltr'>Pientinus</span> <span class='ocrx_word' id='word_1_378' title='bbox 1299 1811 1327 1861; x_wconf 89' lang='lat' dir='ltr'>et</span> <span class='ocrx_word' id='word_1_379' title='bbox 1342 1819 1397 1879; x_wconf 84' lang='lat' dir='ltr'>ego</span> <span class='ocrx_word' id='word_1_380' title='bbox 1410 1820 1452 1862; x_wconf 79' lang='lat' dir='ltr'>¹ac</span> <span class='ocrx_word' id='word_1_381' title='bbox 1473 1802 1570 1863; x_wconf 90' lang='lat' dir='ltr'>clerici</span> <span class='ocrx_word' id='word_1_382' title='bbox 1591 1801 1833 1862; x_wconf 89' lang='lat' dir='ltr'>caerimoniarum</span> 
     </span>
     <span class='ocr_line' id='line_1_62' title="bbox 1041 1898 1833 1981; baseline 0.003 -23"><span class='ocrx_word' id='word_1_383' title='bbox 1041 1915 1115 1975; x_wconf 91' lang='lat' dir='ltr'>equa</span> <span class='ocrx_word' id='word_1_384' title='bbox 1148 1898 1280 1976; x_wconf 91' lang='lat' dir='ltr'>portione</span> <span class='ocrx_word' id='word_1_385' title='bbox 1309 1901 1393 1960; x_wconf 87' lang='lat' dir='ltr'>iuter</span> <span class='ocrx_word' id='word_1_386' title='bbox 1422 1918 1473 1961; x_wconf 92' lang='lat' dir='ltr'>nos</span> <span class='ocrx_word' id='word_1_387' title='bbox 1500 1900 1681 1972; x_wconf 82' lang='lat' dir='ltr'>divisimus,</span> <span class='ocrx_word' id='word_1_388' title='bbox 1717 1901 1833 1981; x_wconf 90' lang='lat' dir='ltr'>demptis</span> 
     </span>
     <span class='ocr_line' id='line_1_63' title="bbox 1042 1999 1834 2080; baseline 0.005 -24"><span class='ocrx_word' id='word_1_389' title='bbox 1042 1999 1135 2059; x_wconf 89' lang='lat' dir='ltr'>tribus</span> <span class='ocrx_word' id='word_1_390' title='bbox 1171 2000 1368 2073; x_wconf 88' lang='lat' dir='ltr'>canistrellis,</span> <span class='ocrx_word' id='word_1_391' title='bbox 1401 2020 1474 2080; x_wconf 91' lang='lat' dir='ltr'>quos</span> <span class='ocrx_word' id='word_1_392' title='bbox 1506 2003 1645 2062; x_wconf 88' lang='lat' dir='ltr'>Dominus</span> <span class='ocrx_word' id='word_1_393' title='bbox 1664 2001 1834 2062; x_wconf 83' lang='lat' dir='ltr'>Laurentius</span> 
     </span>
    </p>
   </div>
   <div class='ocr_carea' id='block_1_11' title="bbox 1011 2096 1834 2181">
    <p class='ocr_par' dir='ltr' id='par_1_12' title="bbox 1011 2096 1834 2181">
     <span class='ocr_line' id='line_1_64' title="bbox 1011 2096 1834 2181; baseline 0.006 -26"><span class='ocrx_word' id='word_1_394' title='bbox 1011 2125 1013 2128; x_wconf 30' lang='lat' dir='ltr'>v</span> <span class='ocrx_word' id='word_1_395' title='bbox 1042 2096 1076 2159; x_wconf 93' lang='lat' dir='ltr'>de</span> <span class='ocrx_word' id='word_1_396' title='bbox 1097 2099 1172 2159; x_wconf 82' lang='lat' dir='ltr'>utari</span> <span class='ocrx_word' id='word_1_397' title='bbox 1189 2121 1211 2171; x_wconf 46' lang='lat'>‚¹</span> <span class='ocrx_word' id='word_1_398' title='bbox 1228 2110 1257 2161; x_wconf 93' lang='lat' dir='ltr'>et</span> <span class='ocrx_word' id='word_1_399' title='bbox 1280 2101 1476 2181; x_wconf 81' lang='lat' dir='ltr'>Hieronymus</span> <span class='ocrx_word' id='word_1_400' title='bbox 1501 2102 1689 2181; x_wconf 86' lang='lat' dir='ltr'>Calagranus.</span> <span class='ocrx_word' id='word_1_401' title='bbox 1704 2119 1741 2160; x_wconf 93' lang='lat' dir='ltr'>ac</span> <span class='ocrx_word' id='word_1_402' title='bbox 1763 2101 1834 2161; x_wconf 85' lang='lat' dir='ltr'>Ber·</span> 
     </span>
    </p>
   </div>
   <div class='ocr_carea' id='block_1_12' title="bbox 1040 2198 1835 3486">
    <p class='ocr_par' dir='ltr' id='par_1_13' title="bbox 1042 2198 1832 2460">
     <span class='ocr_line' id='line_1_65' title="bbox 1044 2198 1831 2263; baseline 0.005 -7"><span class='ocrx_word' id='word_1_403' title='bbox 1044 2199 1183 2259; x_wconf 90' lang='lat' dir='ltr'>nardiuus</span> <span class='ocrx_word' id='word_1_404' title='bbox 1221 2198 1394 2260; x_wconf 73' lang='lat' dir='ltr'>(lamberius</span> <span class='ocrx_word' id='word_1_405' title='bbox 1433 2212 1462 2262; x_wconf 90' lang='lat' dir='ltr'>et</span> <span class='ocrx_word' id='word_1_406' title='bbox 1495 2202 1720 2263; x_wconf 77' lang='lat' dir='ltr'>bartholomeus</span> <span class='ocrx_word' id='word_1_407' title='bbox 1751 2201 1831 2261; x_wconf 79' lang='lat' dir='ltr'>bloo-</span> 
     </span>
     <span class='ocr_line' id='line_1_66' title="bbox 1042 2302 1832 2376; baseline 0.005 -17"><span class='ocrx_word' id='word_1_408' title='bbox 1042 2310 1149 2374; x_wconf 84' lang='lat' dir='ltr'>tanus,</span> <span class='ocrx_word' id='word_1_409' title='bbox 1177 2303 1253 2361; x_wconf 90' lang='lat' dir='ltr'>sacri</span> <span class='ocrx_word' id='word_1_410' title='bbox 1287 2302 1481 2376; x_wconf 89' lang='lat' dir='ltr'>cubicularii,</span> <span class='ocrx_word' id='word_1_411' title='bbox 1513 2303 1587 2363; x_wconf 90' lang='lat' dir='ltr'>inter</span> <span class='ocrx_word' id='word_1_412' title='bbox 1617 2323 1647 2364; x_wconf 91' lang='lat' dir='ltr'>se</span> <span class='ocrx_word' id='word_1_413' title='bbox 1678 2302 1832 2363; x_wconf 89' lang='lat' dir='ltr'>distribue·</span> 
     </span>
     <span class='ocr_line' id='line_1_67' title="bbox 1043 2412 1123 2460; baseline -0.013 -1"><span class='ocrx_word' id='word_1_414' title='bbox 1043 2412 1123 2460; x_wconf 90' lang='lat' dir='ltr'>runt.</span> 
     </span>
    </p>

    <p class='ocr_par' dir='ltr' id='par_1_14' title="bbox 1040 2499 1835 3486">
     <span class='ocr_line' id='line_1_68' title="bbox 1085 2499 1831 2581; baseline 0.001 -22"><span class='ocrx_word' id='word_1_415' title='bbox 1085 2499 1244 2578; x_wconf 85' lang='lat' dir='ltr'>Postquam</span> <span class='ocrx_word' id='word_1_416' title='bbox 1266 2511 1362 2563; x_wconf 90' lang='lat' dir='ltr'>autem</span> <span class='ocrx_word' id='word_1_417' title='bbox 1378 2501 1546 2581; x_wconf 87' lang='lat' dir='ltr'>protestatio</span> <span class='ocrx_word' id='word_1_418' title='bbox 1560 2501 1637 2562; x_wconf 89' lang='lat' dir='ltr'>facta</span> <span class='ocrx_word' id='word_1_419' title='bbox 1658 2502 1714 2561; x_wconf 90' lang='lat' dir='ltr'>fuit</span> <span class='ocrx_word' id='word_1_420' title='bbox 1734 2520 1787 2580; x_wconf 92' lang='lat' dir='ltr'>per</span> <span class='ocrx_word' id='word_1_421' title='bbox 1802 2499 1831 2560; x_wconf 87' lang='lat' dir='ltr'>S.</span> 
     </span>
     <span class='ocr_line' id='line_1_69' title="bbox 1041 2598 1831 2680; baseline 0.004 -21"><span class='ocrx_word' id='word_1_422' title='bbox 1041 2598 1076 2659; x_wconf 87' lang='lat' dir='ltr'>D.</span> <span class='ocrx_word' id='word_1_423' title='bbox 1098 2598 1133 2659; x_wconf 84' lang='lat' dir='ltr'>N.</span> <span class='ocrx_word' id='word_1_424' title='bbox 1155 2609 1220 2660; x_wconf 91' lang='lat' dir='ltr'>ante</span> <span class='ocrx_word' id='word_1_425' title='bbox 1241 2612 1338 2661; x_wconf 92' lang='lat' dir='ltr'>actum</span> <span class='ocrx_word' id='word_1_426' title='bbox 1360 2602 1595 2675; x_wconf 84' lang='lat' dir='ltr'>canonizationis,</span> <span class='ocrx_word' id='word_1_427' title='bbox 1611 2603 1689 2680; x_wconf 93' lang='lat' dir='ltr'>quod</span> <span class='ocrx_word' id='word_1_428' title='bbox 1713 2619 1771 2662; x_wconf 92' lang='lat' dir='ltr'>non</span> <span class='ocrx_word' id='word_1_429' title='bbox 1789 2601 1831 2662; x_wconf 92' lang='lat' dir='ltr'>io·</span> 
     </span>
     <span class='ocr_line' id='line_1_70' title="bbox 1040 2698 1828 2780; baseline 0.006 -22"><span class='ocrx_word' id='word_1_430' title='bbox 1040 2698 1172 2760; x_wconf 89' lang='lat' dir='ltr'>tendebat</span> <span class='ocrx_word' id='word_1_431' title='bbox 1194 2719 1244 2780; x_wconf 87' lang='lat' dir='ltr'>per</span> <span class='ocrx_word' id='word_1_432' title='bbox 1272 2700 1354 2762; x_wconf 87' lang='lat' dir='ltr'>illum</span> <span class='ocrx_word' id='word_1_433' title='bbox 1383 2713 1481 2762; x_wconf 91' lang='lat' dir='ltr'>actum</span> <span class='ocrx_word' id='word_1_434' title='bbox 1502 2701 1617 2780; x_wconf 87' lang='lat' dir='ltr'>aliquid</span> <span class='ocrx_word' id='word_1_435' title='bbox 1632 2703 1730 2763; x_wconf 85' lang='lat' dir='ltr'>fucare</span> <span class='ocrx_word' id='word_1_436' title='bbox 1746 2702 1828 2780; x_wconf 78' lang='lat' dir='ltr'>&#39;quod</span> 
     </span>
     <span class='ocr_line' id='line_1_71' title="bbox 1041 2800 1831 2882; baseline 0.004 -24"><span class='ocrx_word' id='word_1_437' title='bbox 1041 2810 1114 2859; x_wconf 87' lang='lat' dir='ltr'>esset</span> <span class='ocrx_word' id='word_1_438' title='bbox 1136 2811 1238 2860; x_wconf 90' lang='lat' dir='ltr'>contra</span> <span class='ocrx_word' id='word_1_439' title='bbox 1266 2800 1441 2862; x_wconf 87' lang='lat' dir='ltr'>catholicam</span> <span class='ocrx_word' id='word_1_440' title='bbox 1463 2801 1549 2864; x_wconf 82' lang='lat' dir='ltr'>fidem</span> <span class='ocrx_word' id='word_1_441' title='bbox 1569 2813 1647 2876; x_wconf 81' lang='lat' dir='ltr'>etc,</span> <span class='ocrx_word' id='word_1_442' title='bbox 1667 2814 1701 2863; x_wconf 87' lang='lat' dir='ltr'>ut</span> <span class='ocrx_word' id='word_1_443' title='bbox 1726 2821 1831 2882; x_wconf 86' lang='lat' dir='ltr'>supra,</span> 
     </span>
     <span class='ocr_line' id='line_1_72' title="bbox 1040 2897 1832 2964; baseline 0.005 -6"><span class='ocrx_word' id='word_1_444' title='bbox 1040 2897 1078 2958; x_wconf 85' lang='lat' dir='ltr'>tt.</span> <span class='ocrx_word' id='word_1_445' title='bbox 1099 2899 1241 2961; x_wconf 83' lang='lat' dir='ltr'>Dominus</span> <span class='ocrx_word' id='word_1_446' title='bbox 1262 2900 1423 2961; x_wconf 71' lang='lat' dir='ltr'>cardinalis</span> <span class='ocrx_word' id='word_1_447' title='bbox 1446 2901 1477 2962; x_wconf 87' lang='lat' dir='ltr'>S.</span> <span class='ocrx_word' id='word_1_448' title='bbox 1498 2902 1591 2963; x_wconf 79' lang='lat' dir='ltr'>Marci</span> <span class='ocrx_word' id='word_1_449' title='bbox 1613 2920 1658 2963; x_wconf 92' lang='lat' dir='ltr'>me</span> <span class='ocrx_word' id='word_1_450' title='bbox 1673 2901 1711 2962; x_wconf 86' lang='lat' dir='ltr'>ad</span> <span class='ocrx_word' id='word_1_451' title='bbox 1729 2922 1761 2964; x_wconf 89' lang='lat' dir='ltr'>se</span> <span class='ocrx_word' id='word_1_452' title='bbox 1784 2921 1832 2962; x_wconf 86' lang='lat' dir='ltr'>vo·</span> 
     </span>
     <span class='ocr_line' id='line_1_73' title="bbox 1041 2999 1834 3084; baseline 0.004 -23"><span class='ocrx_word' id='word_1_453' title='bbox 1041 3000 1119 3061; x_wconf 88' lang='lat' dir='ltr'>carit</span> <span class='ocrx_word' id='word_1_454' title='bbox 1139 3012 1168 3061; x_wconf 89' lang='lat' dir='ltr'>et</span> <span class='ocrx_word' id='word_1_455' title='bbox 1188 3019 1242 3080; x_wconf 91' lang='lat' dir='ltr'>pro</span> <span class='ocrx_word' id='word_1_456' title='bbox 1266 2999 1433 3079; x_wconf 83' lang='lat' dir='ltr'>hujusmodi</span> <span class='ocrx_word' id='word_1_457' title='bbox 1455 3005 1658 3084; x_wconf 87' lang='lat' dir='ltr'>protestatione</span> <span class='ocrx_word' id='word_1_458' title='bbox 1679 3005 1758 3065; x_wconf 91' lang='lat' dir='ltr'>facta</span> <span class='ocrx_word' id='word_1_459' title='bbox 1789 3022 1834 3064; x_wconf 90' lang='lat' dir='ltr'>re·</span> 
     </span>
     <span class='ocr_line' id='line_1_74' title="bbox 1041 3100 1835 3181; baseline 0.003 -20"><span class='ocrx_word' id='word_1_460' title='bbox 1041 3101 1202 3179; x_wconf 80' lang='lat' dir='ltr'>prehendit,</span> <span class='ocrx_word' id='word_1_461' title='bbox 1213 3101 1309 3163; x_wconf 90' lang='lat' dir='ltr'>dicens</span> <span class='ocrx_word' id='word_1_462' title='bbox 1318 3120 1383 3163; x_wconf 88' lang='lat' dir='ltr'>eam</span> <span class='ocrx_word' id='word_1_463' title='bbox 1396 3100 1564 3181; x_wconf 85' lang='lat' dir='ltr'>hujusmodi</span> <span class='ocrx_word' id='word_1_464' title='bbox 1576 3105 1655 3166; x_wconf 92' lang='lat' dir='ltr'>actui</span> <span class='ocrx_word' id='word_1_465' title='bbox 1677 3106 1835 3165; x_wconf 89' lang='lat' dir='ltr'>nullatenus</span> 
     </span>
     <span class='ocr_line' id='line_1_75' title="bbox 1041 3204 1830 3289; baseline 0.005 -27"><span class='ocrx_word' id='word_1_466' title='bbox 1041 3204 1206 3289; x_wconf 86' lang='lat' dir='ltr'>convenire,</span> <span class='ocrx_word' id='word_1_467' title='bbox 1219 3204 1340 3264; x_wconf 86' lang='lat' dir='ltr'>maxime</span> <span class='ocrx_word' id='word_1_468' title='bbox 1355 3221 1423 3263; x_wconf 91' lang='lat' dir='ltr'>cum</span> <span class='ocrx_word' id='word_1_469' title='bbox 1438 3222 1589 3283; x_wconf 89' lang='lat' dir='ltr'>processus</span> <span class='ocrx_word' id='word_1_470' title='bbox 1603 3205 1722 3266; x_wconf 88' lang='lat' dir='ltr'>babitus</span> <span class='ocrx_word' id='word_1_471' title='bbox 1737 3206 1768 3264; x_wconf 91' lang='lat' dir='ltr'>in</span> <span class='ocrx_word' id='word_1_472' title='bbox 1783 3205 1830 3266; x_wconf 84' lang='lat' dir='ltr'>dac</span> 
     </span>
     <span class='ocr_line' id='line_1_76' title="bbox 1041 3304 1831 3385; baseline 0.008 -23"><span class='ocrx_word' id='word_1_473' title='bbox 1041 3304 1164 3364; x_wconf 88' lang='lat' dir='ltr'>materia</span> <span class='ocrx_word' id='word_1_474' title='bbox 1185 3305 1222 3363; x_wconf 90' lang='lat' dir='ltr'>sit</span> <span class='ocrx_word' id='word_1_475' title='bbox 1244 3322 1309 3364; x_wconf 79' lang='lat' dir='ltr'>crum</span> <span class='ocrx_word' id='word_1_476' title='bbox 1332 3322 1437 3384; x_wconf 76' lang='lat' dir='ltr'>inagna</span> <span class='ocrx_word' id='word_1_477' title='bbox 1462 3305 1607 3385; x_wconf 85' lang='lat' dir='ltr'>diligentia</span> <span class='ocrx_word' id='word_1_478' title='bbox 1632 3307 1669 3366; x_wconf 83' lang='lat' dir='ltr'>E.</span> <span class='ocrx_word' id='word_1_479' title='bbox 1693 3308 1831 3368; x_wconf 92' lang='lat' dir='ltr'>Domino·</span> 
     </span>
     <span class='ocr_line' id='line_1_77' title="bbox 1040 3403 1830 3486; baseline 0.008 -24"><span class='ocrx_word' id='word_1_480' title='bbox 1040 3421 1108 3462; x_wconf 90' lang='lat' dir='ltr'>rum</span> <span class='ocrx_word' id='word_1_481' title='bbox 1130 3403 1330 3466; x_wconf 74' lang='lat' dir='ltr'>cardinalium</span> <span class='ocrx_word' id='word_1_482' title='bbox 1356 3415 1386 3466; x_wconf 91' lang='lat' dir='ltr'>et</span> <span class='ocrx_word' id='word_1_483' title='bbox 1406 3406 1531 3467; x_wconf 91' lang='lat' dir='ltr'>aliorum</span> <span class='ocrx_word' id='word_1_484' title='bbox 1548 3406 1655 3467; x_wconf 83' lang='lat' dir='ltr'>adhoc</span> <span class='ocrx_word' id='word_1_485' title='bbox 1679 3406 1830 3486; x_wconf 87' lang='lat' dir='ltr'>deputato·</span> 
     </span>
    </p>
   </div>
   <div class='ocr_carea' id='block_1_13' title="bbox 1014 3504 1832 3577">
    <p class='ocr_par' dir='ltr' id='par_1_15' title="bbox 1014 3504 1832 3577">
     <span class='ocr_line' id='line_1_78' title="bbox 1014 3504 1832 3577; baseline 0.005 -15"><span class='ocrx_word' id='word_1_486' title='bbox 1014 3527 1021 3548; x_wconf 77' lang='lat'>.</span> <span class='ocrx_word' id='word_1_487' title='bbox 1040 3504 1361 3577; x_wconf 77' lang='lat' dir='ltr'>r·um,eramiuatus;-et</span> <span class='ocrx_word' id='word_1_488' title='bbox 1377 3507 1621 3567; x_wconf 84' lang='lat' dir='ltr'>canonizationem</span> <span class='ocrx_word' id='word_1_489' title='bbox 1632 3506 1756 3568; x_wconf 83' lang='lat' dir='ltr'>hancex</span> <span class='ocrx_word' id='word_1_490' title='bbox 1767 3506 1832 3567; x_wconf 91' lang='lat' dir='ltr'>actis</span> 
     </span>
    </p>
   </div>
   <div class='ocr_carea' id='block_1_14' title="bbox 1036 3602 1835 4596">
    <p class='ocr_par' dir='ltr' id='par_1_16' title="bbox 1036 3602 1835 4596">
     <span class='ocr_line' id='line_1_79' title="bbox 1039 3602 1831 3689; baseline 0.008 -26"><span class='ocrx_word' id='word_1_491' title='bbox 1039 3613 1068 3663; x_wconf 88' lang='lat' dir='ltr'>et</span> <span class='ocrx_word' id='word_1_492' title='bbox 1089 3602 1302 3682; x_wconf 82' lang='lat' dir='ltr'>probatis-fleri</span> <span class='ocrx_word' id='word_1_493' title='bbox 1325 3605 1455 3668; x_wconf 90' lang='lat' dir='ltr'>debuisse</span> <span class='ocrx_word' id='word_1_494' title='bbox 1475 3618 1504 3668; x_wconf 91' lang='lat' dir='ltr'>ct</span> <span class='ocrx_word' id='word_1_495' title='bbox 1536 3607 1649 3669; x_wconf 87' lang='lat' dir='ltr'>debere.</span> <span class='ocrx_word' id='word_1_496' title='bbox 1674 3606 1831 3689; x_wconf 84' lang='lat' dir='ltr'>Propterea</span> 
     </span>
     <span class='ocr_line' id='line_1_80' title="bbox 1039 3699 1834 3786; baseline 0.009 -24"><span class='ocrx_word' id='word_1_497' title='bbox 1039 3699 1198 3765; x_wconf 84' lang='lat' dir='ltr'>Ecclesiam</span> <span class='ocrx_word' id='word_1_498' title='bbox 1213 3722 1270 3766; x_wconf 88' lang='lat' dir='ltr'>usn</span> <span class='ocrx_word' id='word_1_499' title='bbox 1289 3708 1416 3786; x_wconf 89' lang='lat' dir='ltr'>potuisse</span> <span class='ocrx_word' id='word_1_500' title='bbox 1430 3727 1481 3769; x_wconf 90' lang='lat' dir='ltr'>nec</span> <span class='ocrx_word' id='word_1_501' title='bbox 1498 3708 1600 3771; x_wconf 87' lang='lat' dir='ltr'>debere</span> <span class='ocrx_word' id='word_1_502' title='bbox 1620 3709 1649 3768; x_wconf 92' lang='lat' dir='ltr'>in</span> <span class='ocrx_word' id='word_1_503' title='bbox 1664 3728 1698 3771; x_wconf 89' lang='lat' dir='ltr'>ea</span> <span class='ocrx_word' id='word_1_504' title='bbox 1714 3728 1816 3770; x_wconf 84' lang='lat' dir='ltr'>errare</span> <span class='ocrx_word' id='word_1_505' title='bbox 1825 3731 1834 3783; x_wconf 83' lang='lat'>3</span> 
     </span>
     <span class='ocr_line' id='line_1_81' title="bbox 1039 3805 1831 3885; baseline 0.006 -22"><span class='ocrx_word' id='word_1_506' title='bbox 1039 3805 1088 3863; x_wconf 93' lang='lat' dir='ltr'>sed</span> <span class='ocrx_word' id='word_1_507' title='bbox 1104 3807 1338 3884; x_wconf 86' lang='lat' dir='ltr'>protestationem</span> <span class='ocrx_word' id='word_1_508' title='bbox 1351 3805 1528 3885; x_wconf 85' lang='lat' dir='ltr'>hujusmodi,</span> <span class='ocrx_word' id='word_1_509' title='bbox 1539 3809 1609 3868; x_wconf 87' lang='lat' dir='ltr'>alias</span> <span class='ocrx_word' id='word_1_510' title='bbox 1625 3809 1731 3869; x_wconf 89' lang='lat' dir='ltr'>factam</span> <span class='ocrx_word' id='word_1_511' title='bbox 1748 3810 1831 3869; x_wconf 88' lang='lat' dir='ltr'>fuisse</span> 
     </span>
     <span class='ocr_line' id='line_1_82' title="bbox 1040 3903 1835 3991; baseline 0.006 -27"><span class='ocrx_word' id='word_1_512' title='bbox 1040 3918 1203 3985; x_wconf 89' lang='lat' dir='ltr'>opportune</span> <span class='ocrx_word' id='word_1_513' title='bbox 1222 3918 1250 3968; x_wconf 89' lang='lat' dir='ltr'>et</span> <span class='ocrx_word' id='word_1_514' title='bbox 1268 3903 1471 3970; x_wconf 84' lang='lat' dir='ltr'>convenienter</span> <span class='ocrx_word' id='word_1_515' title='bbox 1486 3929 1538 3990; x_wconf 91' lang='lat' dir='ltr'>per</span> <span class='ocrx_word' id='word_1_516' title='bbox 1551 3912 1593 3972; x_wconf 88' lang='lat' dir='ltr'>fe:</span> <span class='ocrx_word' id='word_1_517' title='bbox 1613 3931 1660 3972; x_wconf 91' lang='lat' dir='ltr'>re:</span> <span class='ocrx_word' id='word_1_518' title='bbox 1678 3956 1685 3969; x_wconf 94' lang='lat'>.</span> <span class='ocrx_word' id='word_1_519' title='bbox 1706 3955 1714 3970; x_wconf 90' lang='lat'>.</span> <span class='ocrx_word' id='word_1_520' title='bbox 1741 3955 1748 3970; x_wconf 98' lang='lat'>.</span> <span class='ocrx_word' id='word_1_521' title='bbox 1770 3906 1835 3991; x_wconf 79' lang='lat' dir='ltr'>(sic)</span> 
     </span>
     <span class='ocr_line' id='line_1_83' title="bbox 1042 4005 1835 4094; baseline 0.006 -30"><span class='ocrx_word' id='word_1_522' title='bbox 1042 4005 1220 4069; x_wconf 78' lang='lat' dir='ltr'>incivitate.</span> <span class='ocrx_word' id='word_1_523' title='bbox 1243 4054 1250 4067; x_wconf 94' lang='lat'>.</span> <span class='ocrx_word' id='word_1_524' title='bbox 1274 4055 1281 4068; x_wconf 91' lang='lat'>.</span> <span class='ocrx_word' id='word_1_525' title='bbox 1305 4009 1392 4094; x_wconf 85' lang='lat' dir='ltr'>.(sic)</span> <span class='ocrx_word' id='word_1_526' title='bbox 1408 4011 1435 4070; x_wconf 93' lang='lat' dir='ltr'>in</span> <span class='ocrx_word' id='word_1_527' title='bbox 1454 4011 1666 4073; x_wconf 89' lang='lat' dir='ltr'>canonizatione</span> <span class='ocrx_word' id='word_1_528' title='bbox 1688 4011 1729 4070; x_wconf 90' lang='lat' dir='ltr'>ad</span> <span class='ocrx_word' id='word_1_529' title='bbox 1748 4027 1835 4090; x_wconf 89' lang='lat' dir='ltr'>quam</span> 
     </span>
     <span class='ocr_line' id='line_1_84' title="bbox 1039 4105 1835 4193; baseline 0.009 -28"><span class='ocrx_word' id='word_1_530' title='bbox 1039 4105 1200 4168; x_wconf 88' lang='lat' dir='ltr'>faciendam</span> <span class='ocrx_word' id='word_1_531' title='bbox 1222 4111 1298 4171; x_wconf 90' lang='lat' dir='ltr'>idem</span> <span class='ocrx_word' id='word_1_532' title='bbox 1326 4111 1458 4173; x_wconf 79' lang='lat' dir='ltr'>Pontifex</span> <span class='ocrx_word' id='word_1_533' title='bbox 1477 4113 1585 4192; x_wconf 88' lang='lat' dir='ltr'>absque</span> <span class='ocrx_word' id='word_1_534' title='bbox 1609 4114 1743 4192; x_wconf 87' lang='lat' dir='ltr'>legitimo</span> <span class='ocrx_word' id='word_1_535' title='bbox 1765 4130 1835 4193; x_wconf 91' lang='lat' dir='ltr'>pro·</span> 
     </span>
     <span class='ocr_line' id='line_1_85' title="bbox 1040 4209 1833 4293; baseline 0.008 -26"><span class='ocrx_word' id='word_1_536' title='bbox 1040 4224 1121 4267; x_wconf 85' lang='lat' dir='ltr'>cassu</span> <span class='ocrx_word' id='word_1_537' title='bbox 1160 4209 1259 4270; x_wconf 88' lang='lat' dir='ltr'>fuerat</span> <span class='ocrx_word' id='word_1_538' title='bbox 1290 4212 1556 4293; x_wconf 84' lang='lat' dir='ltr'>semicompulsus‚</span> <span class='ocrx_word' id='word_1_539' title='bbox 1585 4213 1723 4292; x_wconf 89' lang='lat' dir='ltr'>illamque</span> <span class='ocrx_word' id='word_1_540' title='bbox 1753 4215 1833 4292; x_wconf 83' lang='lat' dir='ltr'>quasi</span> 
     </span>
     <span class='ocr_line' id='line_1_86' title="bbox 1036 4309 1833 4392; baseline 0.011 -27"><span class='ocrx_word' id='word_1_541' title='bbox 1036 4318 1119 4368; x_wconf 89' lang='lat' dir='ltr'>metu</span> <span class='ocrx_word' id='word_1_542' title='bbox 1142 4309 1255 4370; x_wconf 86' lang='lat' dir='ltr'>fecisse:</span> <span class='ocrx_word' id='word_1_543' title='bbox 1279 4329 1353 4388; x_wconf 87' lang='lat' dir='ltr'>quae</span> <span class='ocrx_word' id='word_1_544' title='bbox 1385 4313 1414 4371; x_wconf 93' lang='lat' dir='ltr'>in</span> <span class='ocrx_word' id='word_1_545' title='bbox 1446 4314 1587 4392; x_wconf 90' lang='lat' dir='ltr'>praesenti</span> <span class='ocrx_word' id='word_1_546' title='bbox 1619 4312 1833 4374; x_wconf 87' lang='lat' dir='ltr'>canonizatione</span> 
     </span>
     <span class='ocr_line' id='line_1_87' title="bbox 1039 4410 1832 4496; baseline 0.01 -30"><span class='ocrx_word' id='word_1_547' title='bbox 1039 4424 1095 4468; x_wconf 94' lang='lat' dir='ltr'>non</span> <span class='ocrx_word' id='word_1_548' title='bbox 1113 4410 1304 4472; x_wconf 77' lang='lat' dir='ltr'>offendebant.</span> <span class='ocrx_word' id='word_1_549' title='bbox 1324 4412 1486 4493; x_wconf 83' lang='lat' dir='ltr'>Replicavi,</span> <span class='ocrx_word' id='word_1_550' title='bbox 1510 4416 1584 4482; x_wconf 87' lang='lat' dir='ltr'>banc</span> <span class='ocrx_word' id='word_1_551' title='bbox 1598 4418 1832 4496; x_wconf 85' lang='lat' dir='ltr'>protestationem</span> 
     </span>
     <span class='ocr_line' id='line_1_88' title="bbox 1039 4503 1833 4596; baseline 0.011 -31"><span class='ocrx_word' id='word_1_552' title='bbox 1039 4504 1102 4569; x_wconf 86' lang='lat' dir='ltr'>ficri</span> <span class='ocrx_word' id='word_1_553' title='bbox 1129 4503 1234 4572; x_wconf 83' lang='lat' dir='ltr'>debere</span> <span class='ocrx_word' id='word_1_554' title='bbox 1255 4531 1306 4592; x_wconf 91' lang='lat' dir='ltr'>per</span> <span class='ocrx_word' id='word_1_555' title='bbox 1335 4510 1370 4571; x_wconf 83' lang='lat' dir='ltr'>R.</span> <span class='ocrx_word' id='word_1_556' title='bbox 1399 4513 1435 4574; x_wconf 90' lang='lat' dir='ltr'>D.</span> <span class='ocrx_word' id='word_1_557' title='bbox 1466 4514 1641 4596; x_wconf 82' lang='lat' dir='ltr'>Episcopum</span> <span class='ocrx_word' id='word_1_558' title='bbox 1668 4515 1833 4577; x_wconf 84' lang='lat' dir='ltr'>Pientiuum</span> 
     </span>
    </p>
   </div>
   <div class='ocr_carea' id='block_1_15' title="bbox 1024 4609 1839 4695">
    <p class='ocr_par' dir='ltr' id='par_1_17' title="bbox 1024 4609 1839 4695">
     <span class='ocr_line' id='line_1_89' title="bbox 1024 4609 1839 4695; baseline 0.007 -28"><span class='ocrx_word' id='word_1_559' title='bbox 1024 4609 1124 4669; x_wconf 31' lang='lat' dir='ltr'>&#39;officii</span> <span class='ocrx_word' id='word_1_560' title='bbox 1146 4611 1236 4670; x_wconf 88' lang='lat' dir='ltr'>nostri</span> <span class='ocrx_word' id='word_1_561' title='bbox 1258 4611 1503 4674; x_wconf 90' lang='lat' dir='ltr'>caerimoniarum</span> <span class='ocrx_word' id='word_1_562' title='bbox 1524 4615 1744 4695; x_wconf 86' lang='lat' dir='ltr'>praesidentem,</span> <span class='ocrx_word' id='word_1_563' title='bbox 1771 4626 1800 4676; x_wconf 90' lang='lat' dir='ltr'>et</span> <span class='ocrx_word' id='word_1_564' title='bbox 1824 4633 1839 4673; x_wconf 94' lang='lat' dir='ltr'>a</span> 
     </span>
    </p>
   </div>
   <div class='ocr_carea' id='block_1_16' title="bbox 1039 4710 1836 4794">
    <p class='ocr_par' dir='ltr' id='par_1_18' title="bbox 1039 4710 1836 4794">
     <span class='ocr_line' id='line_1_90' title="bbox 1039 4710 1836 4794; baseline 0.009 -26"><span class='ocrx_word' id='word_1_565' title='bbox 1039 4727 1086 4770; x_wconf 92' lang='lat' dir='ltr'>me</span> <span class='ocrx_word' id='word_1_566' title='bbox 1108 4710 1198 4771; x_wconf 91' lang='lat' dir='ltr'>fuisse</span> <span class='ocrx_word' id='word_1_567' title='bbox 1217 4710 1395 4786; x_wconf 80' lang='lat' dir='ltr'>ordinatam,</span> <span class='ocrx_word' id='word_1_568' title='bbox 1417 4735 1451 4777; x_wconf 89' lang='lat' dir='ltr'>ex</span> <span class='ocrx_word' id='word_1_569' title='bbox 1471 4735 1507 4776; x_wconf 88' lang='lat' dir='ltr'>eo</span> <span class='ocrx_word' id='word_1_570' title='bbox 1528 4717 1606 4794; x_wconf 93' lang='lat' dir='ltr'>quod</span> <span class='ocrx_word' id='word_1_571' title='bbox 1628 4716 1655 4777; x_wconf 86' lang='lat' dir='ltr'>ln</span> <span class='ocrx_word' id='word_1_572' title='bbox 1677 4716 1836 4777; x_wconf 83' lang='lat' dir='ltr'>canoniza-</span> 
     </span>
    </p>
   </div>
   <div class='ocr_carea' id='block_1_17' title="bbox 179 4808 972 5384">
    <p class='ocr_par' dir='ltr' id='par_1_19' title="bbox 179 4808 972 5384">
     <span class='ocr_line' id='line_1_91' title="bbox 179 4808 971 4891; baseline 0.006 -24"><span class='ocrx_word' id='word_1_573' title='bbox 179 4808 399 4882; x_wconf 89' lang='lat' dir='ltr'>stribuendam‚</span> <span class='ocrx_word' id='word_1_574' title='bbox 424 4824 542 4891; x_wconf 88' lang='lat' dir='ltr'>accepta</span> <span class='ocrx_word' id='word_1_575' title='bbox 563 4812 707 4873; x_wconf 89' lang='lat' dir='ltr'>oblatione</span> <span class='ocrx_word' id='word_1_576' title='bbox 719 4856 728 4886; x_wconf 94' lang='lat'>,</span> <span class='ocrx_word' id='word_1_577' title='bbox 750 4812 879 4873; x_wconf 85' lang='lat' dir='ltr'>Pontifex</span> <span class='ocrx_word' id='word_1_578' title='bbox 901 4814 971 4872; x_wconf 81' lang='lat' dir='ltr'>lavit</span> 
     </span>
     <span class='ocr_line' id='line_1_92' title="bbox 180 4910 971 4991; baseline 0.006 -24"><span class='ocrx_word' id='word_1_579' title='bbox 180 4926 294 4982; x_wconf 92' lang='lat' dir='ltr'>manus,</span> <span class='ocrx_word' id='word_1_580' title='bbox 315 4910 435 4973; x_wconf 87' lang='lat' dir='ltr'>accessit</span> <span class='ocrx_word' id='word_1_581' title='bbox 455 4912 554 4974; x_wconf 87' lang='lat' dir='ltr'>deinde</span> <span class='ocrx_word' id='word_1_582' title='bbox 572 4913 609 4971; x_wconf 94' lang='lat' dir='ltr'>ad</span> <span class='ocrx_word' id='word_1_583' title='bbox 630 4914 722 4974; x_wconf 87' lang='lat' dir='ltr'>altare</span> <span class='ocrx_word' id='word_1_584' title='bbox 743 4924 773 4973; x_wconf 88' lang='lat' dir='ltr'>et</span> <span class='ocrx_word' id='word_1_585' title='bbox 798 4924 971 4991; x_wconf 88' lang='lat' dir='ltr'>prosecutus</span> 
     </span>
     <span class='ocr_line' id='line_1_93' title="bbox 180 5009 971 5092; baseline 0 -22"><span class='ocrx_word' id='word_1_586' title='bbox 180 5020 223 5070; x_wconf 88' lang='lat' dir='ltr'>ast</span> <span class='ocrx_word' id='word_1_587' title='bbox 244 5009 360 5074; x_wconf 77' lang='lat' dir='ltr'>Missam</span> <span class='ocrx_word' id='word_1_588' title='bbox 381 5029 434 5073; x_wconf 90' lang='lat' dir='ltr'>suo</span> <span class='ocrx_word' id='word_1_589' title='bbox 455 5013 556 5074; x_wconf 87' lang='lat' dir='ltr'>ordina</span> <span class='ocrx_word' id='word_1_590' title='bbox 578 5032 670 5092; x_wconf 90' lang='lat' dir='ltr'>usque</span> <span class='ocrx_word' id='word_1_591' title='bbox 692 5012 727 5072; x_wconf 90' lang='lat' dir='ltr'>ad</span> <span class='ocrx_word' id='word_1_592' title='bbox 746 5011 845 5085; x_wconf 84' lang='lat' dir='ltr'>duem,</span> <span class='ocrx_word' id='word_1_593' title='bbox 861 5030 918 5090; x_wconf 87' lang='lat' dir='ltr'>qua</span> <span class='ocrx_word' id='word_1_594' title='bbox 933 5010 971 5070; x_wconf 87' lang='lat' dir='ltr'>fi·</span> 
     </span>
     <span class='ocr_line' id='line_1_94' title="bbox 181 5110 971 5192; baseline 0.005 -23"><span class='ocrx_word' id='word_1_595' title='bbox 181 5113 252 5183; x_wconf 92' lang='lat' dir='ltr'>nitu,</span> <span class='ocrx_word' id='word_1_596' title='bbox 267 5110 347 5190; x_wconf 89' lang='lat' dir='ltr'>Papa</span> <span class='ocrx_word' id='word_1_597' title='bbox 365 5122 442 5177; x_wconf 85' lang='lat' dir='ltr'>stans</span> <span class='ocrx_word' id='word_1_598' title='bbox 462 5133 563 5174; x_wconf 85' lang='lat' dir='ltr'>versus</span> <span class='ocrx_word' id='word_1_599' title='bbox 581 5114 618 5174; x_wconf 89' lang='lat' dir='ltr'>ad</span> <span class='ocrx_word' id='word_1_600' title='bbox 632 5113 758 5175; x_wconf 90' lang='lat' dir='ltr'>Crucem</span> <span class='ocrx_word' id='word_1_601' title='bbox 776 5130 858 5173; x_wconf 91' lang='lat' dir='ltr'>suam</span> <span class='ocrx_word' id='word_1_602' title='bbox 870 5110 971 5192; x_wconf 92' lang='lat' dir='ltr'>(quam</span> 
     </span>
     <span class='ocr_line' id='line_1_95' title="bbox 182 5208 972 5292; baseline 0.009 -23"><span class='ocrx_word' id='word_1_603' title='bbox 182 5208 381 5272; x_wconf 87' lang='lat' dir='ltr'>Subdiaconus</span> <span class='ocrx_word' id='word_1_604' title='bbox 399 5210 544 5292; x_wconf 84' lang='lat' dir='ltr'>Epistulae</span> <span class='ocrx_word' id='word_1_605' title='bbox 555 5232 656 5274; x_wconf 89' lang='lat' dir='ltr'>coram</span> <span class='ocrx_word' id='word_1_606' title='bbox 671 5233 706 5274; x_wconf 90' lang='lat' dir='ltr'>eo</span> <span class='ocrx_word' id='word_1_607' title='bbox 724 5231 805 5275; x_wconf 90' lang='lat' dir='ltr'>more</span> <span class='ocrx_word' id='word_1_608' title='bbox 823 5215 908 5275; x_wconf 91' lang='lat' dir='ltr'>solito</span> <span class='ocrx_word' id='word_1_609' title='bbox 926 5225 972 5276; x_wconf 88' lang='lat' dir='ltr'>tc·</span> 
     </span>
     <span class='ocr_line' id='line_1_96' title="bbox 181 5309 971 5384; baseline 0.003 -12"><span class='ocrx_word' id='word_1_610' title='bbox 181 5309 276 5384; x_wconf 87' lang='lat' dir='ltr'>nebat,</span> <span class='ocrx_word' id='word_1_611' title='bbox 297 5310 436 5377; x_wconf 84' lang='lat' dir='ltr'>Pontidce</span> <span class='ocrx_word' id='word_1_612' title='bbox 456 5314 492 5373; x_wconf 91' lang='lat' dir='ltr'>ad</span> <span class='ocrx_word' id='word_1_613' title='bbox 518 5315 612 5376; x_wconf 87' lang='lat' dir='ltr'>altare</span> <span class='ocrx_word' id='word_1_614' title='bbox 635 5315 753 5378; x_wconf 85' lang='lat' dir='ltr'>renibus</span> <span class='ocrx_word' id='word_1_615' title='bbox 771 5316 858 5380; x_wconf 81' lang='lat' dir='ltr'>altari</span> <span class='ocrx_word' id='word_1_616' title='bbox 882 5317 971 5378; x_wconf 79' lang='lat' dir='ltr'>versis</span> 
     </span>
    </p>
   </div>
   <div class='ocr_carea' id='block_1_18' title="bbox 1039 4810 1879 5398">
    <p class='ocr_par' dir='ltr' id='par_1_20' title="bbox 1039 4810 1879 5398">
     <span class='ocr_line' id='line_1_97' title="bbox 1039 4810 1836 4890; baseline 0.013 -22"><span class='ocrx_word' id='word_1_617' title='bbox 1039 4810 1164 4869; x_wconf 89' lang='lat' dir='ltr'>tionibus</span> <span class='ocrx_word' id='word_1_618' title='bbox 1185 4810 1362 4876; x_wconf 86' lang='lat' dir='ltr'>Sanctorum</span> <span class='ocrx_word' id='word_1_619' title='bbox 1381 4815 1569 4890; x_wconf 82' lang='lat' dir='ltr'>Bamordini‚</span> <span class='ocrx_word' id='word_1_620' title='bbox 1591 4817 1754 4890; x_wconf 75' lang='lat' dir='ltr'>vincentii,</span> <span class='ocrx_word' id='word_1_621' title='bbox 1775 4815 1836 4878; x_wconf 79' lang='lat' dir='ltr'>ca·</span> 
     </span>
     <span class='ocr_line' id='line_1_98' title="bbox 1040 4909 1861 4990; baseline 0.007 -20"><span class='ocrx_word' id='word_1_622' title='bbox 1040 4909 1170 4973; x_wconf 81' lang='lat' dir='ltr'>tberinae</span> <span class='ocrx_word' id='word_1_623' title='bbox 1190 4912 1226 4973; x_wconf 91' lang='lat' dir='ltr'>de</span> <span class='ocrx_word' id='word_1_624' title='bbox 1242 4913 1335 4989; x_wconf 89' lang='lat' dir='ltr'>Senis,</span> <span class='ocrx_word' id='word_1_625' title='bbox 1348 4927 1377 4976; x_wconf 92' lang='lat' dir='ltr'>et</span> <span class='ocrx_word' id='word_1_626' title='bbox 1390 4917 1622 4990; x_wconf 76' lang='lat' dir='ltr'>Donamnturte,</span> <span class='ocrx_word' id='word_1_627' title='bbox 1639 4918 1746 4984; x_wconf 79' lang='lat' dir='ltr'>nostris</span> <span class='ocrx_word' id='word_1_628' title='bbox 1760 4929 1861 4979; x_wconf 39' lang='lat' dir='ltr'>tem-⁷</span> 
     </span>
     <span class='ocr_line' id='line_1_99' title="bbox 1039 5012 1856 5098; baseline 0.009 -25"><span class='ocrx_word' id='word_1_629' title='bbox 1039 5012 1159 5091; x_wconf 90' lang='lat' dir='ltr'>poribus</span> <span class='ocrx_word' id='word_1_630' title='bbox 1173 5014 1243 5078; x_wconf 89' lang='lat' dir='ltr'>alias</span> <span class='ocrx_word' id='word_1_631' title='bbox 1256 5026 1322 5077; x_wconf 92' lang='lat' dir='ltr'>ante</span> <span class='ocrx_word' id='word_1_632' title='bbox 1337 5016 1500 5090; x_wconf 88' lang='lat' dir='ltr'>celebratis,</span> <span class='ocrx_word' id='word_1_633' title='bbox 1514 5036 1577 5079; x_wconf 90' lang='lat' dir='ltr'>eam</span> <span class='ocrx_word' id='word_1_634' title='bbox 1596 5019 1762 5098; x_wconf 83' lang='lat' dir='ltr'>reperimus</span> <span class='ocrx_word' id='word_1_635' title='bbox 1773 5037 1856 5079; x_wconf 58' lang='lat' dir='ltr'>esse</span> 
     </span>
     <span class='ocr_line' id='line_1_100' title="bbox 1039 5105 1879 5195; baseline 0.005 -21"><span class='ocrx_word' id='word_1_636' title='bbox 1039 5113 1223 5175; x_wconf 84' lang='lat' dir='ltr'>observatam</span> <span class='ocrx_word' id='word_1_637' title='bbox 1251 5105 1399 5195; x_wconf 80' lang='lat' dir='ltr'>umquam</span> <span class='ocrx_word' id='word_1_638' title='bbox 1430 5117 1585 5178; x_wconf 83' lang='lat' dir='ltr'>convenire</span> <span class='ocrx_word' id='word_1_639' title='bbox 1619 5116 1725 5191; x_wconf 84' lang='lat' dir='ltr'>videri,</span> <span class='ocrx_word' id='word_1_640' title='bbox 1745 5135 1879 5180; x_wconf 59' lang='lat' dir='ltr'>auctr</span> 
     </span>
     <span class='ocr_line' id='line_1_101' title="bbox 1040 5215 1870 5297; baseline 0.001 -22"><span class='ocrx_word' id='word_1_641' title='bbox 1040 5215 1118 5295; x_wconf 87' lang='lat' dir='ltr'>quod</span> <span class='ocrx_word' id='word_1_642' title='bbox 1136 5217 1189 5276; x_wconf 90' lang='lat' dir='ltr'>etsi</span> <span class='ocrx_word' id='word_1_643' title='bbox 1211 5225 1275 5276; x_wconf 89' lang='lat' dir='ltr'>acta</span> <span class='ocrx_word' id='word_1_644' title='bbox 1297 5228 1325 5277; x_wconf 91' lang='lat' dir='ltr'>et</span> <span class='ocrx_word' id='word_1_645' title='bbox 1344 5216 1465 5297; x_wconf 88' lang='lat' dir='ltr'>probata</span> <span class='ocrx_word' id='word_1_646' title='bbox 1484 5236 1539 5297; x_wconf 93' lang='lat' dir='ltr'>pro</span> <span class='ocrx_word' id='word_1_647' title='bbox 1557 5219 1775 5279; x_wconf 80' lang='lat' dir='ltr'>canonisatione</span> <span class='ocrx_word' id='word_1_648' title='bbox 1788 5218 1870 5278; x_wconf 75' lang='lat' dir='ltr'>fa·—</span> 
     </span>
     <span class='ocr_line' id='line_1_102' title="bbox 1039 5314 1820 5398; baseline 0.008 -24"><span class='ocrx_word' id='word_1_649' title='bbox 1039 5314 1128 5389; x_wconf 88' lang='lat' dir='ltr'>ciant,</span> <span class='ocrx_word' id='word_1_650' title='bbox 1149 5326 1269 5397; x_wconf 89' lang='lat' dir='ltr'>possunt</span> <span class='ocrx_word' id='word_1_651' title='bbox 1286 5315 1471 5379; x_wconf 83' lang='lat' dir='ltr'>nibilominus</span> <span class='ocrx_word' id='word_1_652' title='bbox 1485 5337 1546 5381; x_wconf 87' lang='lat' dir='ltr'>asse</span> <span class='ocrx_word' id='word_1_653' title='bbox 1561 5320 1645 5393; x_wconf 87' lang='lat' dir='ltr'>falsa,</span> <span class='ocrx_word' id='word_1_654' title='bbox 1659 5321 1760 5398; x_wconf 90' lang='lat' dir='ltr'>sicque</span> <span class='ocrx_word' id='word_1_655' title='bbox 1776 5317 1820 5379; x_wconf 87' lang='lat' dir='ltr'>Ee</span> 
     </span>
    </p>
   </div>
   <div class='ocr_carea' id='block_1_19' title="bbox 0 0 1894 6021">
    <p class='ocr_par' dir='ltr' id='par_1_21' title="bbox 0 0 1894 6021">
     <span class='ocr_line' id='line_1_103' title="bbox 0 0 1894 6021; baseline 0 0"><span class='ocrx_word' id='word_1_656' title='bbox 0 0 1894 6021; x_wconf 95' lang='lat' dir='ltr'> </span> 
     </span>
    </p>
   </div>
  </div>
 </body>
</html>
