3780 6030
54 108 166 189 (¹⁴8⁴)

54 347 158 407 tertiae
178 348 274 418 aulae,
293 366 350 427 qua
371 349 431 411 itur
452 346 488 406 ad
510 366 654 411 cameram
668 347 826 429 paramenti
833 368 844 421 ;

53 457 81 506 et
96 443 232 508 finestrae
246 465 344 510 omnes
359 448 529 510 earumdem
547 450 694 522 aularum,
715 459 846 509 muratae

54 545 188 620 fuerunt,
203 546 323 607 dimims
339 558 449 610 tantum
465 548 649 627 insuperiori
667 558 749 628 parte
765 547 846 608 fena

56 657 190 707 strarum
204 645 368 726 spiraculis,
382 666 434 728 per
450 666 524 726 quae
544 645 655 709 luceret
670 647 737 707 dies.

96 749 171 810 ltcm
182 749 277 829 prima
288 749 394 821 auleta,
407 758 436 809 ec
451 766 566 809 camera
581 764 672 828 parra
687 747 846 819 sacristiae,

55 849 158 926 inqua
175 859 342 927 paramenta
353 857 382 907 et
398 847 465 908 libri
481 850 627 929 cappellae
640 846 846 928 contrapositi,

54 946 187 1010 dimissae
200 960 267 1008 sunt
279 948 384 1010 liberae
400 967 454 1028 pro
476 948 618 1022 conclavi3
633 959 662 1010 ct
680 948 801 1008 latrinae
818 947 846 1006 in

55 1047 133 1107 dicta
148 1065 264 1109 camma
276 1047 434 1121 existentes,
445 1065 517 1127 quas
531 1049 659 1109 Sacrista
675 1049 786 1108 clausas
800 1058 846 1108 te-

56 1164 125 1207 nera
140 1146 261 1221 soldrat,
276 1159 393 1227 apertae
409 1160 477 1210 sunt
492 1168 547 1230 pro
562 1168 617 1210 usu
632 1148 847 1220 cardinalium

56 1264 156 1309 omnes
176 1249 248 1310 aliae
267 1260 388 1328 portae,
402 1260 433 1311 et
447 1250 587 1312 fenestrae
603 1249 708 1310 ibidem
728 1248 847 1309 fuerunt

59 1360 203 1410 muratae.

97 1452 173 1511 ltem
187 1451 217 1510 in
229 1452 336 1530 angulo
352 1469 472 1531 magnae
485 1452 567 1514 aulae
584 1452 621 1512 ad
634 1453 780 1513 sinistram
800 1450 848 1511 in·

58 1550 175 1622 traotis,
190 1562 293 1630 ruptus
307 1561 349 1612 est
362 1570 465 1612 marus
480 1571 535 1632 pro
549 1554 667 1613 introitu
683 1573 735 1634 per
750 1571 850 1615 catne-¹

57 1668 120 1711 ram
136 1650 253 1724 ibidem,
268 1669 355 1730 quam
371 1653 498 1715 medicus
512 1653 606 1735 Papae
621 1655 780 1716 inhabitare
796 1675 848 1716 so·

57 1751 150 1814 lebate
170 1751 208 1810 ad
229 1752 346 1812 latrinas
368 1754 396 1812 in
415 1755 537 1815 cameris
552 1755 656 1816 ibidem
675 1775 765 1836 prope
786 1759 849 1817 exi-

57 1864 174 1926 stentes,
191 1854 248 1913 alia
266 1855 349 1928 ostia,
364 1867 394 1916 et
407 1856 547 1918 fenestrae
564 1855 729 1934 hujusmodi
750 1873 849 1918 υυυιο-

59 1974 164 2015 rarum
180 1956 312 2015 similiter
327 1967 393 2016 sunt
408 1966 547 2017 muratae.
563 1958 597 2017 ln
612 1975 702 2037 parva
722 1957 850 2037 cappella

59 2069 140 2119 retro
164 2057 258 2117 altare
271 2057 365 2136 majus
381 2057 409 2115 in
425 2075 516 2117 cornu
532 2059 685 2138 evangelii,
702 2068 743 2118 est
759 2076 850 2137 parva

59 2158 190 2218 sacristia
213 2155 319 2216 habens
337 2174 458 2235 parram
478 2155 648 2232 fenestram,
669 2176 743 2236 quae
763 2156 850 2220 etidm

63 2268 178 2318 murata
200 2257 265 2330 fuit,
284 2267 377 2318 tamen
393 2261 453 2318 sine
470 2259 591 2332 calcina,
607 2272 640 2321 ut
656 2271 755 2321 creato
771 2259 851 2321 Pon-

61 2355 138 2418 tiliee
161 2369 254 2435 posset
274 2358 359 2418 eitius
379 2359 497 2439 aperiri,
513 2378 586 2420 crux
607 2360 710 2421 ibidem
732 2362 850 2440 erponi,

60 2470 88 2520 ct
116 2461 228 2521 creatio
253 2462 320 2521 nori
346 2460 492 2522 Pontificis
521 2464 628 2543 populo
655 2464 798 2524 nunciari.
818 2464 850 2525 ln

61 2560 153 2638 prima
169 2562 237 2622 aula
250 2573 316 2622 ante
331 2566 436 2623 ostium
450 2582 502 2642 per
516 2575 735 2637 transversum,
755 2578 851 2627 erecta

61 2659 113 2721 fuit
128 2680 235 2741 magna
249 2673 278 2722 et
291 2663 350 2722 alta
361 2663 507 2725 credentia
521 2684 556 2724 ex
569 2666 650 2725 noris
661 2666 766 2727 tabulis
778 2686 852 2728 con·

62 2764 192 2835 clarata,
218 2764 376 2825 altitudinis
396 2785 445 2828 sex
464 2769 646 2846 palmorum,
664 2768 852 2848 longitudinis

64 2864 101 2927 aa
116 2879 146 2928 et
161 2863 318 2927 latitudinis
340 2865 391 2938 111,
407 2868 452 2928 rel
475 2872 564 2942 circa,
578 2887 634 2949 pro
650 2868 785 2949 ponendis
800 2888 849 2931 re·

63 2965 116 3026 bus
137 2968 175 3026 ab
195 2979 276 3030 extra
290 2970 319 3029 in
335 2971 472 3032 conclave
492 2972 576 3042 datis,
594 2982 622 3033 et
639 2972 740 3034 exinde
761 2992 851 3053 expo-

62 3068 167 3129 nendis.
186 3068 255 3129 Post
281 3072 454 3133 credentiam
474 3073 639 3152 hujusmodi
658 3092 759 3135 versus
780 3093 852 3155 cup·

63 3171 152 3249 pellas
169 3169 226 3231 fuit
245 3182 376 3233 extensus
397 3174 514 3253 quidam
530 3195 641 3256 pannns
656 3196 690 3236 ex
709 3179 801 3238 rescia
823 3180 851 3239 in

63 3283 262 3333 transversum
282 3273 316 3333 de
331 3291 389 3334 uno
404 3292 491 3336 muro
508 3275 545 3336 ad
558 3278 649 3337 aliurn
662 3277 755 3339 dictae
768 3279 852 3340 aulae

65 3375 151 3446 altus,
161 3373 199 3433 ab
211 3375 272 3435 alto
282 3373 311 3433 in
322 3384 430 3434 terram
441 3393 533 3454 usque
546 3377 715 3458 dependens,
726 3379 852 3441 serviens

64 3493 97 3536 ne
111 3475 279 3538 cardinales
298 3493 349 3556 per
368 3476 465 3536 aulam
479 3476 693 3540 deambulantes
713 3496 729 3538 a
751 3491 853 3539 custo-

66 3576 148 3638 dibus
173 3576 278 3637 exteris
305 3577 466 3639 rideantur.
488 3581 519 3641 ln
540 3582 671 3661 cappella
692 3579 795 3658 majori
816 3582 853 3640 ab

67 3695 119 3737 uua
133 3689 217 3759 parte
229 3690 343 3740 erectae
358 3691 424 3742 saint
438 3682 560 3745 cellulae
577 3684 615 3744 la
630 3702 725 3763 pares,
739 3700 854 3744 arnuro

65 3779 163 3840 altaris
183 3777 220 3838 ad
238 3798 358 3840 murum
370 3780 434 3842 ostii
456 3793 550 3843 totum
566 3783 852 3863 comprehendentes,

67 3879 182 3939 lotidem
209 3878 246 3937 ab
266 3881 322 3940 alia
343 3891 435 3961 parte,
451 3901 485 3942 ea
506 3883 616 3963 regulis
638 3883 772 3956 fortibus,
793 3885 854 3944 sive

67 3978 223 4039 trabicellia
242 3981 343 4058 parvis
364 3981 546 4062 compositae.
571 3983 650 4045 lnter
667 3984 804 4046 cellulam
825 3996 855 4044 et

67 4078 203 4138 cellulam
222 4089 286 4139 erat
304 4081 417 4158 palmus
432 4094 461 4142 et
479 4083 563 4144 semis
584 4085 631 4145 rel
655 4084 760 4154 minus,
774 4094 803 4143 et
823 4083 853 4144 iu

67 4178 157 4240 radio
173 4177 434 4241 deambulatorium
461 4182 618 4243 latitudinis
636 4184 760 4243 duarum
782 4199 854 4241 can·

68 4295 185 4350 narum,
202 4279 255 4338 rel.
267 4284 356 4340 eirca.
380 4281 424 4341 rlb
447 4284 523 4344 ostio
543 4285 689 4364 cappellae
709 4284 854 4363 usquead

67 4380 157 4440 altare
178 4376 273 4455 majus
293 4392 394 4459 portae
419 4385 537 4445 cancelli
558 4383 718 4445 intermedii
743 4386 854 4447 amotae

67 4477 195 4552 inerunt,
204 4491 234 4541 et
246 4481 348 4542 subtus
361 4483 453 4545 altare
467 4481 561 4561 majus
570 4484 696 4546 eiusdem
710 4485 854 4565 cappellae

67 4579 216 4658 repositae.
231 4579 264 4640 ln
278 4582 403 4659 qrralibet
418 4601 532 4644 camera
550 4595 646 4646 erecta
658 4584 714 4645 fuit
731 4602 788 4644 nna
810 4586 855 4646 le·

68 4679 138 4739 ctica
152 4697 189 4740 ca
204 4678 310 4740 tabulis
321 4682 405 4742 novis
416 4684 596 4755 conclavata,
610 4684 769 4745 altitudinis
779 4703 856 4764 qua·

68 4786 132 4839 tuor
146 4779 325 4858 palmorum,
339 4781 499 4842 latitudinis
513 4795 631 4863 septem,
649 4797 678 4845 et
696 4783 856 4863 longitudi-

68 4875 107 4935 nis
121 4875 268 4952 undecim,
288 4880 333 4940 rel
353 4880 444 4953 circa,
462 4893 491 4942 et
512 4901 569 4942 nna
587 4883 707 4945 banella.
728 4885 854 4946 cellulas

68 4972 242 5052 hujusmodi,
259 4978 319 5039 sire
335 4999 463 5042 cameras
478 4983 703 5064 quamprimum,
719 4996 854 5064 utsupra

69 5072 248 5151 dictumest,
274 5075 475 5141 cardinalibus
499 5081 678 5156 distributas,
698 5084 854 5146 servitores

69 5174 247 5254 singulorum
261 5177 389 5256 singulas
402 5193 580 5243 ornaverunt
591 5162 632 5241 'ab
646 5193 726 5244 extra
740 5182 853 5250 circum

444 136 451 153 r
523 106 727 171 ccll'clanE
749 105 849 170 POST
871 107 1019 172 SlXTllll
1042 106 1248 179 libandins.
1664 112 1703 173 13

53 245 123 308 dens
141 264 229 325 super
243 245 356 306 curiam
374 245 582 319 bibliothecam
596 258 624 308 et
638 264 741 325 magna
759 257 853 326 porta

914 244 1006 319 circen
1025 256 1054 308 et
1073 265 1173 326 supra,
1185 267 1220 310 ex
1235 247 1324 327 sagis,
1340 247 1457 326 quidum
1474 248 1575 321 rubea,
1590 246 1638 309 alii
1657 250 1705 308 ri·

916 345 982 418 ridi,
1003 346 1051 406 alii
1070 348 1182 417 azuria,
1207 347 1257 407 alii
1277 347 1353 418 alba,
1376 348 1424 409 alii
1441 349 1540 419 mixta,
1553 359 1582 410 et
1602 346 1706 422 ineis,

916 465 989 524 quae
1005 464 1062 526 pro
1074 464 1128 506 usu
1144 445 1208 507 llll.
1222 446 1285 506 DI).
1300 447 1496 509 Cardinalium
1512 466 1632 509 suornm
1647 464 1701 508 ne·

915 547 1037 607 cessaria
1070 556 1099 608 et
1123 560 1285 628 opportuna
1312 559 1395 610 erant
1428 547 1440 628 l
1464 547 1546 627 justa
1574 559 1702 609 tenorem

915 645 1069 708 schedulae
1088 649 1259 728 registratac
1273 649 1301 708 in
1323 651 1418 729 primo
1431 650 1506 710 libro
1522 646 1704 710 ceremonia-

916 764 982 805 rum
1004 765 1097 807 manu‘
1112 766 1174 808 mea
1193 748 1301 828 scripto
1319 749 1368 809 fol.
1388 749 1440 822 aa,
1462 768 1549 828 quarn
1573 747 1705 828 pluribus

914 867 949 908 ex
966 846 1030 907 Rll.
1046 846 1109 909 llll.
1124 848 1324 909 Cardinalibus
1339 848 1419 932 dedi)
1434 850 1545 930 portari
1562 849 1703 909 fecerunt.

915 949 947 1009 ln
964 950 1091 1029 cappella
1109 950 1220 1010 minore
1234 960 1335 1029 parata
1350 948 1404 1009 fuit
1423 966 1480 1008 una
1496 965 1590 1008 mensa
1611 963 1703 1026 parra

916 1049 1100 1131 longitudinis
1115 1061 1181 1131 octo
1196 1052 1371 1130 palmorum,
1388 1050 1432 1110 vel
1452 1048 1541 1119 circa,
1557 1057 1586 1107 et
1600 1047 1702 1105 latitu-

916 1152 988 1211 dinis
1002 1152 1168 1232 palmorum
1183 1162 1320 1228 quatuor,
1339 1160 1367 1210 et
1385 1147 1526 1210 debebant
1545 1165 1605 1207 esse
1623 1145 1705 1225 spal-

917 1254 1004 1313 larlne
1018 1264 1099 1313 retro
1113 1269 1229 1313 scamna
1244 1250 1440 1312 Cardinalium
1453 1268 1487 1310 ex
1502 1265 1595 1328 panno
1608 1245 1705 1315 riridi,

917 1371 991 1431 quaa
1017 1370 1073 1411 non
1092 1350 1212 1412 fuerunt
1231 1353 1347 1431 positae.
1366 1349 1493 1412 sacrista
1507 1346 1620 1427 portari
1640 1345 1708 1406 fecit

916 1452 1010 1511 omnia
1027 1450 1093 1523 sibi,
1106 1460 1135 1511 et
1151 1469 1206 1530 pro
1226 1451 1367 1513 vestiendo
1381 1451 1484 1511 futuro
1499 1445 1636 1511 Pontifice
1652 1465 1707 1507 ne·

917 1553 1052 1625 cessaria,
1063 1562 1092 1612 et
1105 1569 1156 1612 nos
1170 1552 1226 1613 alia
1239 1570 1293 1632 pro
1303 1552 1400 1612 ‘officio
1413 1561 1522 1623 nostro,
1535 1568 1609 1629 qnae
1619 1549 1706 1610 etiam

917 1653 967 1713 fol.
986 1653 1026 1712 ll
1043 1665 1110 1713 sunt
1127 1663 1232 1712 notata.
1252 1652 1326 1712 'fres
1342 1672 1413 1713 vero
1426 1650 1609 1736 supradictae
1627 1645 1707 1727 (au-

919 1753 985 1835 lae)
1006 1771 1062 1813 non
1084 1754 1202 1815 fuerunt
1219 1754 1302 1814 aliter
1324 1763 1452 1824 ornatae,
1470 1749 1519 1812 sed
1536 1750 1629 1810 solum
1648 1765 1706 1826 pro

918 1855 1054 1917 exercitio
1067 1864 1096 1915 et
1106 1854 1333 1915 deambulatione
1354 1852 1551 1944 cardinalium
1570 1866 1709 1910 reserva·

920 1967 973 2016 tue.
993 1954 1121 2017 cellulae
1135 1967 1244 2027 autem,
1263 1955 1324 2014 sive
1339 1971 1470 2014 camerae
1495 1961 1527 2012 ut
1548 1968 1635 2030 supra
1661 1947 1709 2006 di-

919 2056 1070 2127 stributaa,
1091 2057 1276 2135 contigerunt
1291 2065 1324 2116 uc
1339 2054 1424 2114 infra.

946 2159 984 2220 Ii.
1006 2159 1044 2220 D.
1069 2155 1164 2218 cord.
1191 2155 1219 2216 V
1220 2154 1484 2216 iceconcellurina
1506 2152 1571 2213 litt.
1594 2150 1629 2222 Q.
1651 2161 1708 2210 etc.

961 2260 1046 2320 Feria
1061 2258 1173 2337 quinta,
1189 2256 1292 2317 mensis
1309 2254 1424 2334 augusti
1436 2252 1490 2319 ΞΒ,
1500 2251 1537 2312 lt.
1551 2252 1587 2313 n
1600 2249 1709 2312 cardi·

919 2359 992 2419 nalis
1015 2357 1114 2419 Sancti
1138 2358 1231 2420 lilarci
1252 2355 1282 2416 in
1302 2356 1419 2416 basilica
1444 2354 1542 2415 Sancti
1569 2352 1660 2422 Petri,
1681 2363 1711 2411 et

919 2460 1012 2519 altare
1026 2470 1092 2520 ante
1106 2459 1278 2530 cancellum,
1290 2468 1324 2518 ut
1342 2474 1430 2536 supra
1451 2465 1568 2535 parato,
1583 2454 1611 2512 in
1630 2462 1710 2513 cete·

921 2577 1023 2620 rorum
1041 2576 1140 2620 xxnrr
1158 2559 1222 2620 RB.
1243 2559 1307 2619 bn.
1321 2556 1518 2619 Cardinalium
1539 2553 1711 2636 praesentia,

920 2670 948 2719 et
967 2661 1176 2738 praelatorum,
1202 2671 1229 2721 et
1254 2658 1414 2720 (iratorum
1432 2659 1460 2717 in
1484 2673 1603 2726 romana
1625 2655 1708 2716 curia

919 2762 1108 2832 existentium,
1123 2760 1279 2821 celebravit
1297 2761 1410 2819 missurn
1426 2761 1579 2819 solemnem
1592 2758 1627 2817 de
1639 2755 1710 2834 Spi-

921 2861 981 2921 ritu
996 2858 1105 2921 Sancto
1120 2878 1186 2921 eum
1201 2861 1329 2921 oratione
1345 2858 1535 2932 convenienti,
1549 2870 1577 2919 et
1594 2857 1711 2938 praefa-

921 2961 1007 3033 tione,
1022 2958 1132 3021 omissis
1154 2960 1249 3021 verbis
1271 2960 1428 3020 bodicrno
1450 2959 1514 3032 die,
1539 2968 1580 3031 et,
1600 2957 1623 3016 ai
1642 2956 1712 3018 bene

921 3060 1046 3132 memini,
1057 3060 1133 3120 dicta
1144 3061 1237 3140 prima
1249 3058 1378 3120 oratione
1390 3060 1444 3120 sub
1454 3075 1506 3118 aua
1518 3059 1712 3129 conclusione,

921 3161 991 3223 dixit
1001 3163 1098 3233 alium,
1112 3159 1244 3232 etbene3
1254 3159 1336 3221 debet
1346 3161 1422 3221 enim
1438 3159 1494 3219 dici
1508 3176 1563 3238 pro
1577 3160 1713 3221 electione

920 3266 1012 3328 futuri
1023 3262 1180 3337 Pontificis,
1194 3263 1315 3325 scilicet.-
1330 3263 1479 3345 Supplici
1497 3261 1642 3330 Domine,
1654 3260 1715 3320 ltn-

923 3370 1059 3430 militote
1079 3366 1274 3448 deposcimus
1296 3376 1353 3426 etc.
1375 3364 1452 3425 Dixit
1475 3362 1588 3434 Credo,
1609 3372 1637 3422 et
1654 3359 1714 3420 alia

923 3488 1004 3529 more
1025 3468 1118 3528 solito.
1137 3465 1283 3527 cumiret
1305 3477 1369 3526 unte
1389 3468 1482 3527 altare
1499 3465 1534 3526 de
1553 3463 1714 3524 faldistorio

921 3587 975 3651 pro
999 3570 1117 3632 dicenda
1137 3571 1321 3642 confessione,
1336 3568 1460 3651 deposita
1475 3567 1528 3628 sibi
1545 3566 1642 3635 mitra,
1665 3581 1716 3621 re-

923 3682 1001 3730 tento
1014 3670 1067 3728 sibi
1082 3670 1110 3728 in
1127 3670 1219 3749 capite
1234 3669 1354 3741 birreto,
1368 3670 1435 3730 fecit
1446 3667 1618 3750 profundam
1638 3662 1715 3724 car-

923 3770 1065 3831 dinalibns
1087 3771 1295 3842 reverentiam,
1323 3770 1418 3830 dicens
1439 3770 1467 3828 in
1489 3768 1543 3827 bac
1568 3767 1652 3823 missa
1674 3765 1713 3822 ita

923 3872 1088 3942 convenire,
1104 3887 1171 3929 cum
1186 3869 1355 3932 cardinales
1375 3881 1444 3929 tunc
1466 3865 1634 3929 Pontificem
1662 3883 1713 3924 re·

922 3983 1112 4053 praesentent.
1127 3972 1197 4036 ltem
1209 3970 1277 4031 fecit
1292 3969 1448 4041 redeundo,
1458 3981 1486 4030 et
1500 3966 1662 4028 accedendo
1676 3966 1712 4025 ad

924 4078 1026 4148 altare,
1041 4084 1106 4156 post
1123 4072 1314 4132 offertorium.
1340 4068 1426 4129 lllissa
1444 4068 1534 4141 linita,
1554 4069 1613 4148 ipse
1635 4066 1716 4127 cele·

923 4176 1011 4236 brans
1026 4174 1103 4236 dedit
1118 4173 1342 4234 benedictionem
1359 4189 1426 4231 cum
1442 4170 1540 4242 mitra,
1560 4185 1643 4228 more
1663 4183 1714 4225 so-

924 4277 987 4348 lito,
1011 4288 1039 4337 et
1062 4293 1119 4336 non
1144 4275 1263 4335 fuerunt
1291 4272 1373 4332 datae
1398 4271 1601 4349 indulgentiae.
1630 4265 1714 4327 Tunc

924 4378 1041 4438 accessit
1052 4376 1087 4435 ad
1102 4374 1306 4445 faldistorium,
1318 4373 1378 4445 ubi,
1394 4370 1527 4452 depositis
1541 4366 1715 4450 paramentis

923 4481 1024 4554 sacris,
1035 4478 1152 4540 accessit
1166 4476 1202 4535 nd
1222 4477 1320 4535 locum
1334 4492 1420 4534 suum
1435 4473 1509 4531 inter
1522 4469 1593 4530 alios
1609 4465 1718 4526 Cardi-

924 4584 1011 4642 nales.
1037 4579 1156 4638 luterirn
1177 4575 1212 4636 D.
1229 4575 1414 4636 (inillielmus
1434 4571 1469 4632 de
1491 4567 1634 4629 Perr·eriis
1657 4582 1714 4623 uu-

924 4682 1000 4743 ditor
1020 4679 1124 4750 Rotae,
1143 4694 1233 4757 eappa
1250 4693 1302 4735 sua
1322 4683 1469 4743 consueta,
1483 4680 1513 4730 et
1529 4666 1651 4728 rocheto
1668 4665 1715 4724 in-

923 4764 1026 4849 dutus,
1051 4789 1139 4860 prout
1163 4778 1191 4836 in
1216 4775 1344 4856 cappella
1362 4774 1404 4833 uti
1432 4772 1525 4832 solent
1551 4764 1716 4839 Auditores,

925 4883 1002 4944 venit
1028 4892 1094 4940 ante
1122 4880 1225 4950 altare,
1242 4877 1291 4937 ubi
1315 4871 1482 4953 genuflexus
1501 4867 1715 4953 aliquantulum

924 4984 1027 5043 orarit.
1051 4979 1128 5041 Turn
1149 4977 1285 5046 surrexit,
1306 4986 1335 5035 et
1360 4972 1481 5033 accessit
1502 4969 1538 5029 ad
1559 4968 1718 5048 pulpitum,

925 5084 972 5143 ubi
1002 5091 1153 5161 postquam
1173 5073 1332 5137 cardinalis
1360 5072 1458 5133 Sancti
1477 5068 1569 5131 Marci
1600 5066 1637 5126 ad
1670 5067 1716 5125 lo-

924 5203 990 5246 cum
1028 5197 1113 5239 srrrrm
1141 5176 1288 5247 venisset,
1321 5191 1355 5233 ac
1388 5169 1599 5251 aliquantulum
1633 5163 1717 5244 qnie-
