<?xml version="1.0" encoding="UTF-8"?>
<!DOCTYPE html PUBLIC "-//W3C//DTD XHTML 1.0 Transitional//EN"
    "http://www.w3.org/TR/xhtml1/DTD/xhtml1-transitional.dtd">
<html xmlns="http://www.w3.org/1999/xhtml" xml:lang="en" lang="en">
 <head>
  <title>
</title>
<meta http-equiv="Content-Type" content="text/html;charset=utf-8" />
  <meta name='ocr-system' content='tesseract 3.04.00' />
  <meta name='ocr-capabilities' content='ocr_page ocr_carea ocr_par ocr_line ocrx_word'/>
</head>
<body>
  <div class='ocr_page' id='page_1' title='image "./johannisburchar00genngoog/johannisburchar00genngoog_0036.png"; bbox 0 0 3780 6030; ppageno 0'>
   <div class='ocr_carea' id='block_1_1' title="bbox 6 5446 10 5488">
    <p class='ocr_par' dir='ltr' id='par_1_1' title="bbox 6 5446 10 5488">
     <span class='ocr_line' id='line_1_1' title="bbox 6 5446 10 5488; baseline 0 0"><span class='ocrx_word' id='word_1_1' title='bbox 6 5446 10 5488; x_wconf 87' lang='lat' dir='ltr'><strong>l</strong></span> 
     </span>
    </p>
   </div>
   <div class='ocr_carea' id='block_1_2' title="bbox 52 259 170 343">
    <p class='ocr_par' dir='ltr' id='par_1_2' title="bbox 52 259 170 343">
     <span class='ocr_line' id='line_1_2' title="bbox 52 259 170 343; baseline -0.017 -20"><span class='ocrx_word' id='word_1_2' title='bbox 52 259 170 343; x_wconf 77' lang='lat' dir='ltr'><strong>(ama)</strong></span> 
     </span>
    </p>
   </div>
   <div class='ocr_carea' id='block_1_3' title="bbox 53 392 882 5213">
    <p class='ocr_par' dir='ltr' id='par_1_3' title="bbox 53 392 882 5213">
     <span class='ocr_line' id='line_1_3' title="bbox 53 392 848 477; baseline 0.003 -22"><span class='ocrx_word' id='word_1_3' title='bbox 53 403 270 466; x_wconf 87' lang='lat' dir='ltr'><strong>concesseruut,</strong></span> <span class='ocrx_word' id='word_1_4' title='bbox 287 392 368 453; x_wconf 80' lang='lat' dir='ltr'><strong>saria</strong></span> <span class='ocrx_word' id='word_1_5' title='bbox 384 393 574 467; x_wconf 88' lang='lat' dir='ltr'><strong>incommode,</strong></span> <span class='ocrx_word' id='word_1_6' title='bbox 588 406 617 455; x_wconf 91' lang='lat' dir='ltr'><strong>et</strong></span> <span class='ocrx_word' id='word_1_7' title='bbox 632 395 765 456; x_wconf 81' lang='lat' dir='ltr'><strong>semusta</strong></span> <span class='ocrx_word' id='word_1_8' title='bbox 776 417 848 477; x_wconf 89' lang='lat' dir='ltr'><strong>per·</strong></span> 
     </span>
     <span class='ocr_line' id='line_1_4' title="bbox 54 494 847 586; baseline 0.004 -30"><span class='ocrx_word' id='word_1_9' title='bbox 54 515 137 586; x_wconf 86' lang='lat' dir='ltr'><strong>saepe</strong></span> <span class='ocrx_word' id='word_1_10' title='bbox 149 506 218 556; x_wconf 85' lang='lat' dir='ltr'><strong>strat</strong></span> <span class='ocrx_word' id='word_1_11' title='bbox 227 505 339 567; x_wconf 79' lang='lat' dir='ltr'><strong>exorta,</strong></span> <span class='ocrx_word' id='word_1_12' title='bbox 347 494 542 573; x_wconf 86' lang='lat' dir='ltr'><strong>credaturque</strong></span> <span class='ocrx_word' id='word_1_13' title='bbox 555 496 702 556; x_wconf 90' lang='lat' dir='ltr'><strong>communi</strong></span> <span class='ocrx_word' id='word_1_14' title='bbox 713 500 847 576; x_wconf 86' lang='lat' dir='ltr'><strong>opinione</strong></span> 
     </span>
     <span class='ocr_line' id='line_1_5' title="bbox 55 590 882 677; baseline 0.005 -20"><span class='ocrx_word' id='word_1_15' title='bbox 55 596 188 657; x_wconf 90' lang='lat' dir='ltr'><strong>omnium</strong></span> <span class='ocrx_word' id='word_1_16' title='bbox 201 594 400 656; x_wconf 71' lang='lat' dir='ltr'>cardinalium</span> <span class='ocrx_word' id='word_1_17' title='bbox 423 590 469 676; x_wconf 89' lang='lat' dir='ltr'><strong>(l)</strong></span> <span class='ocrx_word' id='word_1_18' title='bbox 492 594 617 675; x_wconf 85' lang='lat' dir='ltr'><strong>expediri</strong></span> <span class='ocrx_word' id='word_1_19' title='bbox 637 595 703 672; x_wconf 88' lang='lat' dir='ltr'><strong>Sedi</strong></span> <span class='ocrx_word' id='word_1_20' title='bbox 723 599 848 677; x_wconf 79' lang='lat' dir='ltr'><strong>Aposto-</strong></span> <span class='ocrx_word' id='word_1_21' title='bbox 878 627 882 635; x_wconf 60' lang='lat'><strong><em>⁴</em></strong></span> 
     </span>
     <span class='ocr_line' id='line_1_6' title="bbox 56 692 848 773; baseline 0.003 -15"><span class='ocrx_word' id='word_1_22' title='bbox 56 697 139 768; x_wconf 84' lang='lat' dir='ltr'><strong>licae,</strong></span> <span class='ocrx_word' id='word_1_23' title='bbox 150 707 180 755; x_wconf 88' lang='lat' dir='ltr'><strong>et</strong></span> <span class='ocrx_word' id='word_1_24' title='bbox 195 692 342 756; x_wconf 81' lang='lat' dir='ltr'><strong>Romanae</strong></span> <span class='ocrx_word' id='word_1_25' title='bbox 353 693 459 756; x_wconf 84' lang='lat' dir='ltr'><strong>Curiae</strong></span> <span class='ocrx_word' id='word_1_26' title='bbox 473 695 510 753; x_wconf 91' lang='lat' dir='ltr'><strong>ab</strong></span> <span class='ocrx_word' id='word_1_27' title='bbox 526 696 643 757; x_wconf 85' lang='lat' dir='ltr'><strong>illarum</strong></span> <span class='ocrx_word' id='word_1_28' title='bbox 658 699 848 773; x_wconf 89' lang='lat' dir='ltr'><strong>concessione,</strong></span> 
     </span>
     <span class='ocr_line' id='line_1_7' title="bbox 56 794 848 875; baseline 0.008 -19"><span class='ocrx_word' id='word_1_29' title='bbox 56 814 128 875; x_wconf 88' lang='lat' dir='ltr'><strong>quas</strong></span> <span class='ocrx_word' id='word_1_30' title='bbox 144 794 304 856; x_wconf 81' lang='lat' dir='ltr'><strong>comnaunis</strong></span> <span class='ocrx_word' id='word_1_31' title='bbox 324 794 418 875; x_wconf 90' lang='lat' dir='ltr'><strong>opinio</strong></span> <span class='ocrx_word' id='word_1_32' title='bbox 432 795 560 868; x_wconf 90' lang='lat' dir='ltr'><strong>damnat,</strong></span> <span class='ocrx_word' id='word_1_33' title='bbox 581 797 734 872; x_wconf 87' lang='lat' dir='ltr'><strong>abstinere,</strong></span> <span class='ocrx_word' id='word_1_34' title='bbox 757 819 848 862; x_wconf 83' lang='lat' dir='ltr'><strong>voveo</strong></span> 
     </span>
     <span class='ocr_line' id='line_1_8' title="bbox 56 894 850 983; baseline 0.008 -26"><span class='ocrx_word' id='word_1_35' title='bbox 56 897 144 958; x_wconf 85' lang='lat' dir='ltr'><strong>etiam</strong></span> <span class='ocrx_word' id='word_1_36' title='bbox 155 916 191 983; x_wconf 84' lang='lat' dir='ltr'><strong>ac</strong></span> <span class='ocrx_word' id='word_1_37' title='bbox 205 894 289 972; x_wconf 87' lang='lat' dir='ltr'><strong>juro,</strong></span> <span class='ocrx_word' id='word_1_38' title='bbox 303 909 332 957; x_wconf 90' lang='lat' dir='ltr'><strong>et</strong></span> <span class='ocrx_word' id='word_1_39' title='bbox 344 898 492 976; x_wconf 87' lang='lat' dir='ltr'><strong>promitto,</strong></span> <span class='ocrx_word' id='word_1_40' title='bbox 503 899 585 971; x_wconf 90' lang='lat' dir='ltr'><strong>nulli,</strong></span> <span class='ocrx_word' id='word_1_41' title='bbox 600 899 735 978; x_wconf 76' lang='lat' dir='ltr'><strong>speciales</strong></span> <span class='ocrx_word' id='word_1_42' title='bbox 753 919 850 962; x_wconf 78' lang='lat' dir='ltr'><strong>reser-</strong></span> 
     </span>
     <span class='ocr_line' id='line_1_9' title="bbox 57 996 849 1079; baseline 0.009 -25"><span class='ocrx_word' id='word_1_43' title='bbox 57 997 187 1057; x_wconf 75' lang='lat' dir='ltr'><strong>vationes</strong></span> <span class='ocrx_word' id='word_1_44' title='bbox 197 1014 272 1073; x_wconf 86' lang='lat' dir='ltr'><strong>quae</strong></span> <span class='ocrx_word' id='word_1_45' title='bbox 285 1015 336 1075; x_wconf 86' lang='lat' dir='ltr'><strong>per</strong></span> <span class='ocrx_word' id='word_1_46' title='bbox 349 996 557 1058; x_wconf 70' lang='lat' dir='ltr'><strong>cancellariam</strong></span> <span class='ocrx_word' id='word_1_47' title='bbox 565 999 758 1079; x_wconf 79' lang='lat' dir='ltr'><strong>Apostolicam</strong></span> <span class='ocrx_word' id='word_1_48' title='bbox 766 999 849 1078; x_wconf 80' lang='lat' dir='ltr'><strong>juata</strong></span> 
     </span>
     <span class='ocr_line' id='line_1_10' title="bbox 57 1092 851 1175; baseline 0.006 -19"><span class='ocrx_word' id='word_1_49' title='bbox 57 1097 133 1158; x_wconf 89' lang='lat' dir='ltr'><strong>illius</strong></span> <span class='ocrx_word' id='word_1_50' title='bbox 149 1097 248 1156; x_wconf 88' lang='lat' dir='ltr'><strong>stilum</strong></span> <span class='ocrx_word' id='word_1_51' title='bbox 262 1092 389 1175; x_wconf 77' lang='lat' dir='ltr'><strong>expediri</strong></span> <span class='ocrx_word' id='word_1_52' title='bbox 403 1098 502 1159; x_wconf 90' lang='lat' dir='ltr'><strong>solitae</strong></span> <span class='ocrx_word' id='word_1_53' title='bbox 519 1117 575 1161; x_wconf 92' lang='lat' dir='ltr'><strong>nou</strong></span> <span class='ocrx_word' id='word_1_54' title='bbox 589 1110 666 1171; x_wconf 89' lang='lat' dir='ltr'><strong>suat,</strong></span> <span class='ocrx_word' id='word_1_55' title='bbox 679 1100 851 1173; x_wconf 79' lang='lat' dir='ltr'><strong>concedere,</strong></span> 
     </span>
     <span class='ocr_line' id='line_1_11' title="bbox 56 1196 851 1278; baseline 0 -19"><span class='ocrx_word' id='word_1_56' title='bbox 56 1208 84 1259; x_wconf 89' lang='lat' dir='ltr'><strong>et</strong></span> <span class='ocrx_word' id='word_1_57' title='bbox 101 1196 141 1256; x_wconf 90' lang='lat' dir='ltr'><strong>ab</strong></span> <span class='ocrx_word' id='word_1_58' title='bbox 161 1214 263 1256; x_wconf 89' lang='lat' dir='ltr'><strong>earum</strong></span> <span class='ocrx_word' id='word_1_59' title='bbox 279 1198 459 1259; x_wconf 76' lang='lat' dir='ltr'><strong>concessione</strong></span> <span class='ocrx_word' id='word_1_60' title='bbox 481 1199 593 1278; x_wconf 87' lang='lat' dir='ltr'><strong>penitus</strong></span> <span class='ocrx_word' id='word_1_61' title='bbox 607 1211 637 1261; x_wconf 91' lang='lat' dir='ltr'><strong>et</strong></span> <span class='ocrx_word' id='word_1_62' title='bbox 659 1202 775 1261; x_wconf 77' lang='lat' dir='ltr'><strong>austrino</strong></span> <span class='ocrx_word' id='word_1_63' title='bbox 796 1200 851 1259; x_wconf 90' lang='lat' dir='ltr'><strong>ab·</strong></span> 
     </span>
     <span class='ocr_line' id='line_1_12' title="bbox 57 1296 851 1385; baseline 0.006 -28"><span class='ocrx_word' id='word_1_64' title='bbox 57 1299 180 1368; x_wconf 82' lang='lat' dir='ltr'><strong>sunere,</strong></span> <span class='ocrx_word' id='word_1_65' title='bbox 208 1314 259 1358; x_wconf 91' lang='lat' dir='ltr'><strong>nec</strong></span> <span class='ocrx_word' id='word_1_66' title='bbox 283 1296 449 1375; x_wconf 69' lang='lat' dir='ltr'><strong>permittere</strong></span> <span class='ocrx_word' id='word_1_67' title='bbox 472 1299 547 1385; x_wconf 85' lang='lat' dir='ltr'><strong>quod</strong></span> <span class='ocrx_word' id='word_1_68' title='bbox 570 1300 684 1379; x_wconf 84' lang='lat' dir='ltr'><strong>uliquis,</strong></span> <span class='ocrx_word' id='word_1_69' title='bbox 713 1301 851 1362; x_wconf 89' lang='lat' dir='ltr'><strong>bacteaus</strong></span> 
     </span>
     <span class='ocr_line' id='line_1_13' title="bbox 57 1398 851 1480; baseline 0.006 -22"><span class='ocrx_word' id='word_1_70' title='bbox 57 1399 199 1459; x_wconf 83' lang='lat' dir='ltr'><strong>concessis</strong></span> <span class='ocrx_word' id='word_1_71' title='bbox 226 1407 255 1458; x_wconf 90' lang='lat' dir='ltr'><strong>et</strong></span> <span class='ocrx_word' id='word_1_72' title='bbox 275 1414 348 1476; x_wconf 90' lang='lat' dir='ltr'><strong>quas</strong></span> <span class='ocrx_word' id='word_1_73' title='bbox 372 1398 489 1459; x_wconf 88' lang='lat' dir='ltr'><strong>concedi</strong></span> <span class='ocrx_word' id='word_1_74' title='bbox 514 1401 712 1480; x_wconf 88' lang='lat' dir='ltr'><strong>contingeret,</strong></span> <span class='ocrx_word' id='word_1_75' title='bbox 734 1412 851 1475; x_wconf 90' lang='lat' dir='ltr'><strong>utatur,</strong></span> 
     </span>
     <span class='ocr_line' id='line_1_14' title="bbox 57 1498 766 1588; baseline 0.013 -30"><span class='ocrx_word' id='word_1_76' title='bbox 57 1510 85 1558; x_wconf 87' lang='lat' dir='ltr'><strong>ct</strong></span> <span class='ocrx_word' id='word_1_77' title='bbox 103 1518 143 1559; x_wconf 80' lang='lat' dir='ltr'><strong>cx</strong></span> <span class='ocrx_word' id='word_1_78' title='bbox 162 1499 202 1560; x_wconf 89' lang='lat' dir='ltr'><strong>eis</strong></span> <span class='ocrx_word' id='word_1_79' title='bbox 219 1499 354 1588; x_wconf 83' lang='lat' dir='ltr'><strong>ellectum</strong></span> <span class='ocrx_word' id='word_1_80' title='bbox 377 1498 504 1584; x_wconf 85' lang='lat' dir='ltr'><strong>reportet</strong></span> <span class='ocrx_word' id='word_1_81' title='bbox 525 1519 645 1579; x_wconf 86' lang='lat' dir='ltr'><strong>quoquo</strong></span> <span class='ocrx_word' id='word_1_82' title='bbox 666 1501 766 1567; x_wconf 81' lang='lat' dir='ltr'><strong>modo.</strong></span> 
     </span>
     <span class='ocr_line' id='line_1_15' title="bbox 98 1597 851 1681; baseline 0.009 -25"><span class='ocrx_word' id='word_1_83' title='bbox 98 1597 185 1670; x_wconf 88' lang='lat' dir='ltr'><strong>ltero,</strong></span> <span class='ocrx_word' id='word_1_84' title='bbox 208 1614 276 1658; x_wconf 91' lang='lat' dir='ltr'><strong>cum</strong></span> <span class='ocrx_word' id='word_1_85' title='bbox 300 1597 420 1678; x_wconf 79' lang='lat' dir='ltr'><strong>pronde</strong></span> <span class='ocrx_word' id='word_1_86' title='bbox 440 1599 655 1662; x_wconf 88' lang='lat' dir='ltr'><strong>consideratum</strong></span> <span class='ocrx_word' id='word_1_87' title='bbox 683 1602 745 1674; x_wconf 90' lang='lat' dir='ltr'><strong>sit,</strong></span> <span class='ocrx_word' id='word_1_88' title='bbox 773 1603 851 1681; x_wconf 90' lang='lat' dir='ltr'><strong>quod</strong></span> 
     </span>
     <span class='ocr_line' id='line_1_16' title="bbox 60 1698 852 1783; baseline 0.013 -28"><span class='ocrx_word' id='word_1_89' title='bbox 60 1698 179 1771; x_wconf 85' lang='lat' dir='ltr'><strong>castella</strong></span> <span class='ocrx_word' id='word_1_90' title='bbox 197 1711 227 1758; x_wconf 90' lang='lat' dir='ltr'><strong>ct</strong></span> <span class='ocrx_word' id='word_1_91' title='bbox 242 1709 337 1759; x_wconf 89' lang='lat' dir='ltr'><strong>terrae</strong></span> <span class='ocrx_word' id='word_1_92' title='bbox 352 1699 384 1760; x_wconf 91' lang='lat' dir='ltr'><strong>S.</strong></span> <span class='ocrx_word' id='word_1_93' title='bbox 401 1698 438 1760; x_wconf 86' lang='lat' dir='ltr'><strong>R.</strong></span> <span class='ocrx_word' id='word_1_94' title='bbox 453 1699 489 1763; x_wconf 81' lang='lat' dir='ltr'><strong>E.</strong></span> <span class='ocrx_word' id='word_1_95' title='bbox 506 1719 579 1779; x_wconf 88' lang='lat' dir='ltr'><strong>quae</strong></span> <span class='ocrx_word' id='word_1_96' title='bbox 596 1703 624 1761; x_wconf 91' lang='lat' dir='ltr'><strong>iu</strong></span> <span class='ocrx_word' id='word_1_97' title='bbox 641 1704 710 1764; x_wconf 91' lang='lat' dir='ltr'><strong>locis</strong></span> <span class='ocrx_word' id='word_1_98' title='bbox 730 1706 852 1783; x_wconf 87' lang='lat' dir='ltr'><strong>propin·</strong></span> 
     </span>
     <span class='ocr_line' id='line_1_17' title="bbox 59 1797 852 1882; baseline 0.01 -25"><span class='ocrx_word' id='word_1_99' title='bbox 59 1800 123 1876; x_wconf 79' lang='lat' dir='ltr'><strong>uuis</strong></span> <span class='ocrx_word' id='word_1_100' title='bbox 152 1797 222 1859; x_wconf 87' lang='lat' dir='ltr'><strong>huic</strong></span> <span class='ocrx_word' id='word_1_101' title='bbox 241 1800 340 1862; x_wconf 86' lang='lat' dir='ltr'><strong>almae</strong></span> <span class='ocrx_word' id='word_1_102' title='bbox 361 1800 436 1863; x_wconf 92' lang='lat' dir='ltr'><strong>Urbi</strong></span> <span class='ocrx_word' id='word_1_103' title='bbox 456 1813 534 1875; x_wconf 89' lang='lat' dir='ltr'><strong>sunt,</strong></span> <span class='ocrx_word' id='word_1_104' title='bbox 558 1804 585 1862; x_wconf 91' lang='lat' dir='ltr'><strong>in</strong></span> <span class='ocrx_word' id='word_1_105' title='bbox 607 1805 737 1882; x_wconf 88' lang='lat' dir='ltr'><strong>plenaet</strong></span> <span class='ocrx_word' id='word_1_106' title='bbox 758 1805 852 1866; x_wconf 90' lang='lat' dir='ltr'><strong>stabili</strong></span> 
     </span>
     <span class='ocr_line' id='line_1_18' title="bbox 60 1897 852 1984; baseline 0.01 -26"><span class='ocrx_word' id='word_1_107' title='bbox 60 1897 220 1959; x_wconf 89' lang='lat' dir='ltr'><strong>obedientia</strong></span> <span class='ocrx_word' id='word_1_108' title='bbox 239 1897 321 1960; x_wconf 87' lang='lat' dir='ltr'><strong>Sedis</strong></span> <span class='ocrx_word' id='word_1_109' title='bbox 335 1900 524 1980; x_wconf 68' lang='lat' dir='ltr'><strong>apostolicae,</strong></span> <span class='ocrx_word' id='word_1_110' title='bbox 539 1916 567 1965; x_wconf 91' lang='lat' dir='ltr'><strong>et</strong></span> <span class='ocrx_word' id='word_1_111' title='bbox 580 1924 646 1968; x_wconf 80' lang='lat' dir='ltr'><strong>cum</strong></span> <span class='ocrx_word' id='word_1_112' title='bbox 663 1902 768 1984; x_wconf 90' lang='lat' dir='ltr'><strong>majori</strong></span> <span class='ocrx_word' id='word_1_113' title='bbox 780 1908 852 1966; x_wconf 89' lang='lat' dir='ltr'><strong>sati-</strong></span> 
     </span>
     <span class='ocr_line' id='line_1_19' title="bbox 59 2000 852 2088; baseline 0.011 -30"><span class='ocrx_word' id='word_1_114' title='bbox 59 2000 195 2060; x_wconf 85' lang='lat' dir='ltr'><strong>slactione</strong></span> <span class='ocrx_word' id='word_1_115' title='bbox 208 2011 239 2060; x_wconf 91' lang='lat' dir='ltr'><strong>et</strong></span> <span class='ocrx_word' id='word_1_116' title='bbox 257 2002 450 2064; x_wconf 86' lang='lat' dir='ltr'><strong>cmtsolatioae</strong></span> <span class='ocrx_word' id='word_1_117' title='bbox 468 2004 726 2088; x_wconf 85' lang='lat' dir='ltr'><strong>gubernabuntur,</strong></span> <span class='ocrx_word' id='word_1_118' title='bbox 746 2006 769 2066; x_wconf 91' lang='lat' dir='ltr'><strong>si</strong></span> <span class='ocrx_word' id='word_1_119' title='bbox 791 2008 852 2067; x_wconf 91' lang='lat' dir='ltr'><strong>sia·</strong></span> 
     </span>
     <span class='ocr_line' id='line_1_20' title="bbox 59 2099 853 2186; baseline 0.009 -26"><span class='ocrx_word' id='word_1_120' title='bbox 59 2100 144 2178; x_wconf 76' lang='lat' dir='ltr'><strong>gulae</strong></span> <span class='ocrx_word' id='word_1_121' title='bbox 169 2101 293 2178; x_wconf 86' lang='lat' dir='ltr'><strong>singulis</strong></span> <span class='ocrx_word' id='word_1_122' title='bbox 312 2099 514 2165; x_wconf 86' lang='lat' dir='ltr'><strong>Cardiaalibns</strong></span> <span class='ocrx_word' id='word_1_123' title='bbox 537 2106 688 2180; x_wconf 88' lang='lat' dir='ltr'><strong>tenartdae,</strong></span> <span class='ocrx_word' id='word_1_124' title='bbox 710 2117 739 2167; x_wconf 93' lang='lat' dir='ltr'><strong>et</strong></span> <span class='ocrx_word' id='word_1_125' title='bbox 760 2107 853 2186; x_wconf 91' lang='lat' dir='ltr'><strong>possi·</strong></span> 
     </span>
     <span class='ocr_line' id='line_1_21' title="bbox 60 2200 852 2287; baseline 0.011 -29"><span class='ocrx_word' id='word_1_126' title='bbox 60 2200 167 2261; x_wconf 87' lang='lat' dir='ltr'><strong>dendae</strong></span> <span class='ocrx_word' id='word_1_127' title='bbox 185 2220 252 2261; x_wconf 75' lang='lat' dir='ltr'><strong>carna</strong></span> <span class='ocrx_word' id='word_1_128' title='bbox 272 2202 401 2280; x_wconf 88' lang='lat' dir='ltr'><strong>ipsarum</strong></span> <span class='ocrx_word' id='word_1_129' title='bbox 415 2205 543 2278; x_wconf 91' lang='lat' dir='ltr'><strong>arcibus,</strong></span> <span class='ocrx_word' id='word_1_130' title='bbox 556 2219 585 2268; x_wconf 92' lang='lat' dir='ltr'><strong>et</strong></span> <span class='ocrx_word' id='word_1_131' title='bbox 601 2211 712 2287; x_wconf 86' lang='lat' dir='ltr'><strong>integra</strong></span> <span class='ocrx_word' id='word_1_132' title='bbox 729 2205 852 2284; x_wconf 84' lang='lat' dir='ltr'><strong>jurisdi-</strong></span> 
     </span>
     <span class='ocr_line' id='line_1_22' title="bbox 61 2301 852 2384; baseline 0.01 -24"><span class='ocrx_word' id='word_1_133' title='bbox 61 2304 165 2375; x_wconf 84' lang='lat' dir='ltr'><strong>ctione,</strong></span> <span class='ocrx_word' id='word_1_134' title='bbox 186 2313 215 2362; x_wconf 91' lang='lat' dir='ltr'><strong>et</strong></span> <span class='ocrx_word' id='word_1_135' title='bbox 233 2301 365 2363; x_wconf 92' lang='lat' dir='ltr'><strong>omuibus</strong></span> <span class='ocrx_word' id='word_1_136' title='bbox 379 2303 538 2367; x_wconf 82' lang='lat' dir='ltr'><strong>redditibus</strong></span> <span class='ocrx_word' id='word_1_137' title='bbox 556 2308 804 2384; x_wconf 86' lang='lat' dir='ltr'><strong>assignabuntur,</strong></span> <span class='ocrx_word' id='word_1_138' title='bbox 825 2321 852 2368; x_wconf 90' lang='lat' dir='ltr'><strong>et</strong></span> 
     </span>
     <span class='ocr_line' id='line_1_23' title="bbox 62 2402 852 2486; baseline 0.009 -23"><span class='ocrx_word' id='word_1_139' title='bbox 62 2403 214 2464; x_wconf 82' lang='lat' dir='ltr'><strong>nudentur</strong></span> <span class='ocrx_word' id='word_1_140' title='bbox 245 2404 327 2480; x_wconf 81' lang='lat' dir='ltr'><strong>quasi</strong></span> <span class='ocrx_word' id='word_1_141' title='bbox 353 2402 532 2482; x_wconf 83' lang='lat' dir='ltr'><strong>conjunctim</strong></span> <span class='ocrx_word' id='word_1_142' title='bbox 545 2407 852 2486; x_wconf 81' lang='lat' dir='ltr'><strong>subgubernatoribus</strong></span> 
     </span>
     <span class='ocr_line' id='line_1_24' title="bbox 60 2500 854 2579; baseline 0.011 -16"><span class='ocrx_word' id='word_1_143' title='bbox 60 2500 191 2579; x_wconf 84' lang='lat' dir='ltr'><strong>ejusdem</strong></span> <span class='ocrx_word' id='word_1_144' title='bbox 205 2503 306 2578; x_wconf 85' lang='lat' dir='ltr'><strong>Urbis,</strong></span> <span class='ocrx_word' id='word_1_145' title='bbox 319 2516 347 2565; x_wconf 92' lang='lat' dir='ltr'><strong>et</strong></span> <span class='ocrx_word' id='word_1_146' title='bbox 363 2518 395 2565; x_wconf 93' lang='lat' dir='ltr'><strong>ut</strong></span> <span class='ocrx_word' id='word_1_147' title='bbox 410 2506 547 2567; x_wconf 87' lang='lat' dir='ltr'><strong>hactenus</strong></span> <span class='ocrx_word' id='word_1_148' title='bbox 562 2509 727 2569; x_wconf 76' lang='lat' dir='ltr'><strong>factumest</strong></span> <span class='ocrx_word' id='word_1_149' title='bbox 746 2512 854 2572; x_wconf 89' lang='lat' dir='ltr'><strong>retiae·</strong></span> 
     </span>
     <span class='ocr_line' id='line_1_25' title="bbox 61 2602 853 2686; baseline 0.006 -21"><span class='ocrx_word' id='word_1_150' title='bbox 61 2618 175 2678; x_wconf 80' lang='lat' dir='ltr'><strong>reatur3</strong></span> <span class='ocrx_word' id='word_1_151' title='bbox 192 2605 267 2665; x_wconf 91' lang='lat' dir='ltr'><strong>unde</strong></span> <span class='ocrx_word' id='word_1_152' title='bbox 279 2607 416 2684; x_wconf 80' lang='lat' dir='ltr'><strong>stragistru</strong></span> <span class='ocrx_word' id='word_1_153' title='bbox 426 2609 597 2686; x_wconf 84' lang='lat' dir='ltr'><strong>experientia</strong></span> <span class='ocrx_word' id='word_1_154' title='bbox 614 2602 853 2671; x_wconf 81' lang='lat' dir='ltr'><strong>retroactistem-</strong></span> 
     </span>
     <span class='ocr_line' id='line_1_26' title="bbox 62 2705 854 2784; baseline 0.009 -19"><span class='ocrx_word' id='word_1_155' title='bbox 62 2705 194 2784; x_wconf 89' lang='lat' dir='ltr'><strong>poribus,</strong></span> <span class='ocrx_word' id='word_1_156' title='bbox 211 2705 378 2767; x_wconf 73' lang='lat' dir='ltr'><strong>adveniente</strong></span> <span class='ocrx_word' id='word_1_157' title='bbox 400 2707 482 2768; x_wconf 88' lang='lat' dir='ltr'><strong>Sedis</strong></span> <span class='ocrx_word' id='word_1_158' title='bbox 496 2711 655 2781; x_wconf 84' lang='lat' dir='ltr'><strong>vacatione,</strong></span> <span class='ocrx_word' id='word_1_159' title='bbox 671 2721 700 2771; x_wconf 89' lang='lat' dir='ltr'><strong>et</strong></span> <span class='ocrx_word' id='word_1_160' title='bbox 712 2729 854 2780; x_wconf 65' lang='lat' dir='ltr'><strong>natrano-r</strong></span> 
     </span>
     <span class='ocr_line' id='line_1_27' title="bbox 63 2809 855 2882; baseline 0.004 -14"><span class='ocrx_word' id='word_1_161' title='bbox 63 2809 203 2868; x_wconf 70' lang='lat' dir='ltr'><strong>astruam</strong></span> <span class='ocrx_word' id='word_1_162' title='bbox 216 2820 269 2881; x_wconf 88' lang='lat' dir='ltr'><strong>est,</strong></span> <span class='ocrx_word' id='word_1_163' title='bbox 279 2819 450 2871; x_wconf 88' lang='lat' dir='ltr'><strong>attentatum</strong></span> <span class='ocrx_word' id='word_1_164' title='bbox 465 2809 641 2882; x_wconf 87' lang='lat' dir='ltr'><strong>delectionis,</strong></span> <span class='ocrx_word' id='word_1_165' title='bbox 654 2823 683 2872; x_wconf 88' lang='lat' dir='ltr'><strong>et</strong></span> <span class='ocrx_word' id='word_1_166' title='bbox 693 2812 855 2875; x_wconf 72' lang='lat' dir='ltr'><strong>rebellionis</strong></span> 
     </span>
     <span class='ocr_line' id='line_1_28' title="bbox 62 2910 853 2988; baseline 0.009 -21"><span class='ocrx_word' id='word_1_167' title='bbox 62 2910 192 2987; x_wconf 82' lang='lat' dir='ltr'><strong>ipsmum</strong></span> <span class='ocrx_word' id='word_1_168' title='bbox 218 2920 365 2975; x_wconf 88' lang='lat' dir='ltr'><strong>terrarum</strong></span> <span class='ocrx_word' id='word_1_169' title='bbox 386 2912 550 2988; x_wconf 82' lang='lat' dir='ltr'><strong>provenisse</strong></span> <span class='ocrx_word' id='word_1_170' title='bbox 570 2931 635 2973; x_wconf 92' lang='lat' dir='ltr'><strong>cum</strong></span> <span class='ocrx_word' id='word_1_171' title='bbox 668 2916 792 2974; x_wconf 82' lang='lat' dir='ltr'><strong>inaximo</strong></span> <span class='ocrx_word' id='word_1_172' title='bbox 818 2913 853 2974; x_wconf 82' lang='lat' dir='ltr'><strong>R.</strong></span> 
     </span>
     <span class='ocr_line' id='line_1_29' title="bbox 62 2996 853 3096; baseline 0.01 -28"><span class='ocrx_word' id='word_1_173' title='bbox 62 3007 93 3068; x_wconf 70' lang='lat' dir='ltr'><strong>K</strong></span> <span class='ocrx_word' id='word_1_174' title='bbox 109 3009 266 3082; x_wconf 88' lang='lat' dir='ltr'><strong>dedecore,</strong></span> <span class='ocrx_word' id='word_1_175' title='bbox 288 3022 317 3073; x_wconf 91' lang='lat' dir='ltr'><strong>et</strong></span> <span class='ocrx_word' id='word_1_176' title='bbox 342 2996 536 3085; x_wconf 85' lang='lat' dir='ltr'><strong>detrimento;</strong></span> <span class='ocrx_word' id='word_1_177' title='bbox 558 3014 668 3077; x_wconf 90' lang='lat' dir='ltr'><strong>ideirco</strong></span> <span class='ocrx_word' id='word_1_178' title='bbox 688 3015 853 3096; x_wconf 87' lang='lat' dir='ltr'><strong>hujusmodi</strong></span> 
     </span>
     <span class='ocr_line' id='line_1_30' title="bbox 61 3109 854 3193; baseline 0.004 -20"><span class='ocrx_word' id='word_1_179' title='bbox 61 3112 289 3177; x_wconf 82' lang='lat' dir='ltr'><strong>comiderutione</strong></span> <span class='ocrx_word' id='word_1_180' title='bbox 301 3113 383 3185; x_wconf 79' lang='lat' dir='ltr'><strong>inuti,</strong></span> <span class='ocrx_word' id='word_1_181' title='bbox 398 3113 573 3185; x_wconf 83' lang='lat' dir='ltr'><strong>attendentes</strong></span> <span class='ocrx_word' id='word_1_182' title='bbox 588 3109 674 3175; x_wconf 87' lang='lat' dir='ltr'><strong>etium</strong></span> <span class='ocrx_word' id='word_1_183' title='bbox 691 3117 768 3193; x_wconf 83' lang='lat' dir='ltr'><strong>quod</strong></span> <span class='ocrx_word' id='word_1_184' title='bbox 784 3118 854 3176; x_wconf 87' lang='lat' dir='ltr'><strong>alias</strong></span> 
     </span>
     <span class='ocr_line' id='line_1_31' title="bbox 62 3211 854 3294; baseline 0.009 -21"><span class='ocrx_word' id='word_1_185' title='bbox 62 3216 128 3274; x_wconf 91' lang='lat' dir='ltr'><strong>talia</strong></span> <span class='ocrx_word' id='word_1_186' title='bbox 155 3233 209 3292; x_wconf 87' lang='lat' dir='ltr'><strong>per</strong></span> <span class='ocrx_word' id='word_1_187' title='bbox 236 3215 399 3291; x_wconf 61' lang='lat' dir='ltr'><strong>securiores</strong></span> <span class='ocrx_word' id='word_1_188' title='bbox 424 3211 598 3287; x_wconf 81' lang='lat' dir='ltr'><strong>Pontifices,</strong></span> <span class='ocrx_word' id='word_1_189' title='bbox 621 3218 854 3294; x_wconf 78' lang='lat' dir='ltr'><strong>praedecessores</strong></span> 
     </span>
     <span class='ocr_line' id='line_1_32' title="bbox 61 3311 854 3391; baseline 0.006 -17"><span class='ocrx_word' id='word_1_190' title='bbox 61 3333 150 3385; x_wconf 86' lang='lat' dir='ltr'><strong>meos,</strong></span> <span class='ocrx_word' id='word_1_191' title='bbox 171 3311 331 3391; x_wconf 82' lang='lat' dir='ltr'><strong>excogitata</strong></span> <span class='ocrx_word' id='word_1_192' title='bbox 353 3313 485 3384; x_wconf 85' lang='lat' dir='ltr'><strong>itterunt,</strong></span> <span class='ocrx_word' id='word_1_193' title='bbox 502 3315 566 3375; x_wconf 89' lang='lat' dir='ltr'><strong>licet</strong></span> <span class='ocrx_word' id='word_1_194' title='bbox 581 3319 741 3377; x_wconf 80' lang='lat' dir='ltr'><strong>executioni</strong></span> <span class='ocrx_word' id='word_1_195' title='bbox 759 3320 854 3379; x_wconf 79' lang='lat' dir='ltr'><strong>adram</strong></span> 
     </span>
     <span class='ocr_line' id='line_1_33' title="bbox 62 3411 855 3497; baseline 0.008 -22"><span class='ocrx_word' id='word_1_196' title='bbox 62 3413 244 3487; x_wconf 64' lang='lat' dir='ltr'><strong>manandum,</strong></span> <span class='ocrx_word' id='word_1_197' title='bbox 260 3411 352 3489; x_wconf 86' lang='lat' dir='ltr'><strong>juro,</strong></span> <span class='ocrx_word' id='word_1_198' title='bbox 372 3424 400 3474; x_wconf 91' lang='lat' dir='ltr'><strong>et</strong></span> <span class='ocrx_word' id='word_1_199' title='bbox 426 3420 564 3496; x_wconf 92' lang='lat' dir='ltr'><strong>protnitto</strong></span> <span class='ocrx_word' id='word_1_200' title='bbox 578 3459 589 3490; x_wconf 89' lang='lat'><strong>,</strong></span> <span class='ocrx_word' id='word_1_201' title='bbox 602 3418 678 3494; x_wconf 90' lang='lat' dir='ltr'><strong>quod</strong></span> <span class='ocrx_word' id='word_1_202' title='bbox 699 3419 855 3497; x_wconf 87' lang='lat' dir='ltr'><strong>unicuique</strong></span> 
     </span>
     <span class='ocr_line' id='line_1_34' title="bbox 61 3513 854 3601; baseline 0.009 -27"><span class='ocrx_word' id='word_1_203' title='bbox 61 3516 248 3577; x_wconf 86' lang='lat' dir='ltr'><strong>dominorum</strong></span> <span class='ocrx_word' id='word_1_204' title='bbox 262 3513 471 3592; x_wconf 83' lang='lat' dir='ltr'><strong>Cardinalimn,</strong></span> <span class='ocrx_word' id='word_1_205' title='bbox 494 3519 544 3594; x_wconf 88' lang='lat' dir='ltr'><strong>qui</strong></span> <span class='ocrx_word' id='word_1_206' title='bbox 565 3534 641 3578; x_wconf 92' lang='lat' dir='ltr'><strong>nunc</strong></span> <span class='ocrx_word' id='word_1_207' title='bbox 658 3531 735 3591; x_wconf 90' lang='lat' dir='ltr'><strong>sunt,</strong></span> <span class='ocrx_word' id='word_1_208' title='bbox 749 3531 778 3581; x_wconf 90' lang='lat' dir='ltr'><strong>et</strong></span> <span class='ocrx_word' id='word_1_209' title='bbox 800 3540 854 3601; x_wconf 90' lang='lat' dir='ltr'><strong>pro</strong></span> 
     </span>
     <span class='ocr_line' id='line_1_35' title="bbox 62 3600 855 3701; baseline 0.004 -24"><span class='ocrx_word' id='word_1_210' title='bbox 62 3631 192 3697; x_wconf 86' lang='lat' dir='ltr'><strong>tempore</strong></span> <span class='ocrx_word' id='word_1_211' title='bbox 210 3616 335 3701; x_wconf 73' lang='lat' dir='ltr'><strong>laedat,</strong></span> <span class='ocrx_word' id='word_1_212' title='bbox 356 3634 441 3676; x_wconf 80' lang='lat' dir='ltr'><strong>urtam</strong></span> <span class='ocrx_word' id='word_1_213' title='bbox 458 3629 639 3693; x_wconf 87' lang='lat' dir='ltr'><strong>terram,seu</strong></span> <span class='ocrx_word' id='word_1_214' title='bbox 655 3600 805 3682; x_wconf 73' lang='lat' dir='ltr'><strong>castellian</strong></span> <span class='ocrx_word' id='word_1_215' title='bbox 827 3623 855 3681; x_wconf 93' lang='lat' dir='ltr'><strong>in</strong></span> 
     </span>
     <span class='ocr_line' id='line_1_36' title="bbox 62 3718 856 3799; baseline 0.004 -21"><span class='ocrx_word' id='word_1_216' title='bbox 62 3720 135 3781; x_wconf 83' lang='lat' dir='ltr'><strong>locis</strong></span> <span class='ocrx_word' id='word_1_217' title='bbox 155 3718 339 3799; x_wconf 84' lang='lat' dir='ltr'><strong>propinquis,</strong></span> <span class='ocrx_word' id='word_1_218' title='bbox 366 3729 516 3799; x_wconf 87' lang='lat' dir='ltr'><strong>utsupra,</strong></span> <span class='ocrx_word' id='word_1_219' title='bbox 540 3740 609 3781; x_wconf 90' lang='lat' dir='ltr'><strong>cum</strong></span> <span class='ocrx_word' id='word_1_220' title='bbox 631 3722 708 3782; x_wconf 89' lang='lat' dir='ltr'><strong>illius</strong></span> <span class='ocrx_word' id='word_1_221' title='bbox 722 3741 811 3796; x_wconf 90' lang='lat' dir='ltr'><strong>arce,</strong></span> <span class='ocrx_word' id='word_1_222' title='bbox 832 3723 856 3782; x_wconf 86' lang='lat' dir='ltr'><strong>si</strong></span> 
     </span>
     <span class='ocr_line' id='line_1_37' title="bbox 60 3816 859 3903; baseline 0.001 -19"><span class='ocrx_word' id='word_1_223' title='bbox 60 3842 126 3884; x_wconf 76' lang='lat' dir='ltr'><strong>man</strong></span> <span class='ocrx_word' id='word_1_224' title='bbox 147 3819 298 3893; x_wconf 89' lang='lat' dir='ltr'><strong>babuerit,</strong></span> <span class='ocrx_word' id='word_1_225' title='bbox 312 3838 346 3880; x_wconf 91' lang='lat' dir='ltr'><strong>ac</strong></span> <span class='ocrx_word' id='word_1_226' title='bbox 362 3822 444 3899; x_wconf 90' lang='lat' dir='ltr'><strong>plena</strong></span> <span class='ocrx_word' id='word_1_227' title='bbox 458 3816 669 3896; x_wconf 85' lang='lat' dir='ltr'><strong>jurisdictione,</strong></span> <span class='ocrx_word' id='word_1_228' title='bbox 690 3834 720 3884; x_wconf 88' lang='lat' dir='ltr'><strong>et</strong></span> <span class='ocrx_word' id='word_1_229' title='bbox 738 3825 859 3903; x_wconf 86' lang='lat' dir='ltr'><strong>singulis</strong></span> 
     </span>
     <span class='ocr_line' id='line_1_38' title="bbox 63 3921 857 4000; baseline 0.001 -18"><span class='ocrx_word' id='word_1_230' title='bbox 63 3922 235 3995; x_wconf 84' lang='lat' dir='ltr'><strong>redditibus,</strong></span> <span class='ocrx_word' id='word_1_231' title='bbox 249 3931 276 3980; x_wconf 90' lang='lat' dir='ltr'><strong>et</strong></span> <span class='ocrx_word' id='word_1_232' title='bbox 301 3921 490 4000; x_wconf 88' lang='lat' dir='ltr'><strong>proventibus</strong></span> <span class='ocrx_word' id='word_1_233' title='bbox 511 3923 586 3982; x_wconf 90' lang='lat' dir='ltr'><strong>illius</strong></span> <span class='ocrx_word' id='word_1_234' title='bbox 608 3923 720 3983; x_wconf 90' lang='lat' dir='ltr'><strong>tradam</strong></span> <span class='ocrx_word' id='word_1_235' title='bbox 739 3934 766 3985; x_wconf 89' lang='lat' dir='ltr'><strong>et</strong></span> <span class='ocrx_word' id='word_1_236' title='bbox 784 3923 857 3984; x_wconf 90' lang='lat' dir='ltr'><strong>assi-</strong></span> 
     </span>
     <span class='ocr_line' id='line_1_39' title="bbox 62 4023 858 4104; baseline 0.008 -23"><span class='ocrx_word' id='word_1_237' title='bbox 62 4025 159 4104; x_wconf 84' lang='lat' dir='ltr'><strong>gnabo</strong></span> <span class='ocrx_word' id='word_1_238' title='bbox 180 4024 217 4082; x_wconf 90' lang='lat' dir='ltr'><strong>ad</strong></span> <span class='ocrx_word' id='word_1_239' title='bbox 240 4023 327 4082; x_wconf 87' lang='lat' dir='ltr'><strong>vitam</strong></span> <span class='ocrx_word' id='word_1_240' title='bbox 349 4023 497 4089; x_wconf 74' lang='lat' dir='ltr'><strong>dumtaxat</strong></span> <span class='ocrx_word' id='word_1_241' title='bbox 518 4023 595 4084; x_wconf 91' lang='lat' dir='ltr'><strong>illius</strong></span> <span class='ocrx_word' id='word_1_242' title='bbox 621 4024 781 4085; x_wconf 90' lang='lat' dir='ltr'><strong>Cardinalis</strong></span> <span class='ocrx_word' id='word_1_243' title='bbox 806 4044 858 4087; x_wconf 86' lang='lat' dir='ltr'><strong>re·</strong></span> 
     </span>
     <span class='ocr_line' id='line_1_40' title="bbox 63 4123 857 4205; baseline -0.003 -17"><span class='ocrx_word' id='word_1_244' title='bbox 63 4125 203 4205; x_wconf 74' lang='lat' dir='ltr'><strong>gendum,</strong></span> <span class='ocrx_word' id='word_1_245' title='bbox 214 4123 382 4195; x_wconf 72' lang='lat' dir='ltr'><strong>terendum,</strong></span> <span class='ocrx_word' id='word_1_246' title='bbox 391 4123 645 4202; x_wconf 86' lang='lat' dir='ltr'><strong>etpossideadum,</strong></span> <span class='ocrx_word' id='word_1_247' title='bbox 661 4137 693 4185; x_wconf 92' lang='lat' dir='ltr'><strong>ut</strong></span> <span class='ocrx_word' id='word_1_248' title='bbox 706 4127 792 4187; x_wconf 91' lang='lat' dir='ltr'><strong>etiam</strong></span> <span class='ocrx_word' id='word_1_249' title='bbox 806 4127 857 4205; x_wconf 87' lang='lat' dir='ltr'><strong>ipsi</strong></span> 
     </span>
     <span class='ocr_line' id='line_1_41' title="bbox 64 4224 856 4306; baseline 0 -21"><span class='ocrx_word' id='word_1_250' title='bbox 64 4228 172 4289; x_wconf 91' lang='lat' dir='ltr'><strong>domiai</strong></span> <span class='ocrx_word' id='word_1_251' title='bbox 186 4224 353 4287; x_wconf 88' lang='lat' dir='ltr'><strong>Cardiaelea</strong></span> <span class='ocrx_word' id='word_1_252' title='bbox 371 4225 470 4285; x_wconf 85' lang='lat' dir='ltr'><strong>locum</strong></span> <span class='ocrx_word' id='word_1_253' title='bbox 488 4227 615 4303; x_wconf 84' lang='lat' dir='ltr'><strong>aliquem</strong></span> <span class='ocrx_word' id='word_1_254' title='bbox 630 4227 782 4306; x_wconf 89' lang='lat' dir='ltr'><strong>specialem</strong></span> <span class='ocrx_word' id='word_1_255' title='bbox 802 4227 856 4286; x_wconf 87' lang='lat' dir='ltr'><strong>he·</strong></span> 
     </span>
     <span class='ocr_line' id='line_1_42' title="bbox 65 4326 857 4409; baseline -0.008 -17"><span class='ocrx_word' id='word_1_256' title='bbox 65 4329 159 4402; x_wconf 85' lang='lat' dir='ltr'><strong>beant,</strong></span> <span class='ocrx_word' id='word_1_257' title='bbox 176 4327 204 4387; x_wconf 95' lang='lat' dir='ltr'><strong>in</strong></span> <span class='ocrx_word' id='word_1_258' title='bbox 226 4345 312 4404; x_wconf 84' lang='lat' dir='ltr'><strong>quent</strong></span> <span class='ocrx_word' id='word_1_259' title='bbox 332 4326 441 4409; x_wconf 91' lang='lat' dir='ltr'><strong>libere,</strong></span> <span class='ocrx_word' id='word_1_260' title='bbox 464 4327 508 4388; x_wconf 89' lang='lat' dir='ltr'><strong>rel</strong></span> <span class='ocrx_word' id='word_1_261' title='bbox 528 4326 565 4386; x_wconf 90' lang='lat' dir='ltr'><strong>ad</strong></span> <span class='ocrx_word' id='word_1_262' title='bbox 583 4326 780 4388; x_wconf 89' lang='lat' dir='ltr'><strong>declinandam</strong></span> <span class='ocrx_word' id='word_1_263' title='bbox 799 4347 857 4407; x_wconf 88' lang='lat' dir='ltr'><strong>pe·</strong></span> 
     </span>
     <span class='ocr_line' id='line_1_43' title="bbox 64 4429 858 4507; baseline -0.008 -13"><span class='ocrx_word' id='word_1_264' title='bbox 64 4444 147 4506; x_wconf 65' lang='lat' dir='ltr'><strong>aaa,</strong></span> <span class='ocrx_word' id='word_1_265' title='bbox 161 4431 207 4493; x_wconf 85' lang='lat' dir='ltr'><strong>rel</strong></span> <span class='ocrx_word' id='word_1_266' title='bbox 223 4430 407 4491; x_wconf 83' lang='lat' dir='ltr'><strong>recreationis</strong></span> <span class='ocrx_word' id='word_1_267' title='bbox 421 4446 493 4498; x_wconf 88' lang='lat' dir='ltr'><strong>suae</strong></span> <span class='ocrx_word' id='word_1_268' title='bbox 508 4445 593 4488; x_wconf 87' lang='lat' dir='ltr'><strong>causa</strong></span> <span class='ocrx_word' id='word_1_269' title='bbox 611 4429 718 4507; x_wconf 86' lang='lat' dir='ltr'><strong>possint</strong></span> <span class='ocrx_word' id='word_1_270' title='bbox 732 4449 762 4489; x_wconf 85' lang='lat' dir='ltr'><strong>se</strong></span> <span class='ocrx_word' id='word_1_271' title='bbox 777 4429 858 4490; x_wconf 88' lang='lat' dir='ltr'><strong>reci·</strong></span> 
     </span>
     <span class='ocr_line' id='line_1_44' title="bbox 66 4527 857 4612; baseline -0.006 -19"><span class='ocrx_word' id='word_1_272' title='bbox 66 4552 141 4612; x_wconf 89' lang='lat' dir='ltr'><strong>pere.</strong></span> <span class='ocrx_word' id='word_1_273' title='bbox 158 4532 201 4589; x_wconf 90' lang='lat' dir='ltr'><strong>lta</strong></span> <span class='ocrx_word' id='word_1_274' title='bbox 214 4542 309 4589; x_wconf 79' lang='lat' dir='ltr'><strong>utinen</strong></span> <span class='ocrx_word' id='word_1_275' title='bbox 321 4527 397 4605; x_wconf 87' lang='lat' dir='ltr'><strong>quod</strong></span> <span class='ocrx_word' id='word_1_276' title='bbox 410 4527 495 4587; x_wconf 86' lang='lat' dir='ltr'><strong>iidem</strong></span> <span class='ocrx_word' id='word_1_277' title='bbox 509 4527 674 4588; x_wconf 73' lang='lat' dir='ltr'><strong>cardinales</strong></span> <span class='ocrx_word' id='word_1_278' title='bbox 686 4531 714 4586; x_wconf 90' lang='lat' dir='ltr'><strong>ia</strong></span> <span class='ocrx_word' id='word_1_279' title='bbox 727 4528 857 4588; x_wconf 82' lang='lat' dir='ltr'><strong>inanibus</strong></span> 
     </span>
     <span class='ocr_line' id='line_1_45' title="bbox 68 4615 860 4709; baseline -0.006 -16"><span class='ocrx_word' id='word_1_280' title='bbox 68 4630 299 4709; x_wconf 84' lang='lat' dir='ltr'><strong>tneisjurabunt,</strong></span> <span class='ocrx_word' id='word_1_281' title='bbox 311 4629 388 4708; x_wconf 90' lang='lat' dir='ltr'><strong>quod</strong></span> <span class='ocrx_word' id='word_1_282' title='bbox 403 4629 547 4702; x_wconf 85' lang='lat' dir='ltr'><strong>officiales,</strong></span> <span class='ocrx_word' id='word_1_283' title='bbox 559 4640 586 4689; x_wconf 89' lang='lat' dir='ltr'><strong>et</strong></span> <span class='ocrx_word' id='word_1_284' title='bbox 599 4615 766 4690; x_wconf 83' lang='lat' dir='ltr'><strong>castellanos</strong></span> <span class='ocrx_word' id='word_1_285' title='bbox 781 4647 860 4702; x_wconf 91' lang='lat' dir='ltr'><strong>suos,</strong></span> 
     </span>
     <span class='ocr_line' id='line_1_46' title="bbox 68 4730 862 4812; baseline -0.004 -19"><span class='ocrx_word' id='word_1_286' title='bbox 68 4754 137 4812; x_wconf 85' lang='lat' dir='ltr'><strong>quos</strong></span> <span class='ocrx_word' id='word_1_287' title='bbox 154 4734 184 4792; x_wconf 93' lang='lat' dir='ltr'><strong>ia</strong></span> <span class='ocrx_word' id='word_1_288' title='bbox 200 4731 376 4809; x_wconf 75' lang='lat' dir='ltr'><strong>hujusmodi</strong></span> <span class='ocrx_word' id='word_1_289' title='bbox 385 4730 470 4790; x_wconf 90' lang='lat' dir='ltr'><strong>terris</strong></span> <span class='ocrx_word' id='word_1_290' title='bbox 484 4742 511 4789; x_wconf 91' lang='lat' dir='ltr'><strong>et</strong></span> <span class='ocrx_word' id='word_1_291' title='bbox 528 4731 645 4790; x_wconf 89' lang='lat' dir='ltr'><strong>arcibus</strong></span> <span class='ocrx_word' id='word_1_292' title='bbox 667 4730 862 4809; x_wconf 85' lang='lat' dir='ltr'><strong>deputabunt,</strong></span> 
     </span>
     <span class='ocr_line' id='line_1_47' title="bbox 70 4827 859 4916; baseline -0.006 -19"><span class='ocrx_word' id='word_1_293' title='bbox 70 4836 238 4916; x_wconf 90' lang='lat' dir='ltr'><strong>obligabunt</strong></span> <span class='ocrx_word' id='word_1_294' title='bbox 262 4834 316 4894; x_wconf 92' lang='lat' dir='ltr'><strong>sub</strong></span> <span class='ocrx_word' id='word_1_295' title='bbox 342 4832 469 4912; x_wconf 87' lang='lat' dir='ltr'><strong>speciali,</strong></span> <span class='ocrx_word' id='word_1_296' title='bbox 483 4842 510 4892; x_wconf 90' lang='lat' dir='ltr'><strong>et</strong></span> <span class='ocrx_word' id='word_1_297' title='bbox 522 4850 655 4911; x_wconf 66' lang='lat' dir='ltr'><strong>expresso</strong></span> <span class='ocrx_word' id='word_1_298' title='bbox 670 4827 859 4907; x_wconf 81' lang='lat' dir='ltr'><strong>jtnamento,</strong></span> 
     </span>
     <span class='ocr_line' id='line_1_48' title="bbox 71 4932 858 5016; baseline -0.006 -17"><span class='ocrx_word' id='word_1_299' title='bbox 71 4939 155 5016; x_wconf 80' lang='lat' dir='ltr'><strong>quod,</strong></span> <span class='ocrx_word' id='word_1_300' title='bbox 179 4936 399 5016; x_wconf 82' lang='lat' dir='ltr'><strong>superveniente</strong></span> <span class='ocrx_word' id='word_1_301' title='bbox 426 4932 504 4994; x_wconf 90' lang='lat' dir='ltr'><strong>obitu</strong></span> <span class='ocrx_word' id='word_1_302' title='bbox 531 4932 711 5004; x_wconf 80' lang='lat' dir='ltr'><strong>Cur-dinariis,</strong></span> <span class='ocrx_word' id='word_1_303' title='bbox 733 4934 858 5011; x_wconf 88' lang='lat' dir='ltr'><strong>aliquam</strong></span> 
     </span>
     <span class='ocr_line' id='line_1_49' title="bbox 72 5033 859 5112; baseline -0.005 -12"><span class='ocrx_word' id='word_1_304' title='bbox 72 5053 176 5102; x_wconf 88' lang='lat' dir='ltr'><strong>terram</strong></span> <span class='ocrx_word' id='word_1_305' title='bbox 199 5036 244 5100; x_wconf 87' lang='lat' dir='ltr'><strong>vel</strong></span> <span class='ocrx_word' id='word_1_306' title='bbox 263 5036 414 5098; x_wconf 87' lang='lat' dir='ltr'><strong>castellum</strong></span> <span class='ocrx_word' id='word_1_307' title='bbox 431 5035 471 5094; x_wconf 90' lang='lat' dir='ltr'><strong>sic</strong></span> <span class='ocrx_word' id='word_1_308' title='bbox 498 5033 674 5112; x_wconf 86' lang='lat' dir='ltr'><strong>possidentis,</strong></span> <span class='ocrx_word' id='word_1_309' title='bbox 700 5034 790 5105; x_wconf 89' lang='lat' dir='ltr'><strong>illum,</strong></span> <span class='ocrx_word' id='word_1_310' title='bbox 815 5037 859 5096; x_wconf 88' lang='lat' dir='ltr'><strong>rel</strong></span> 
     </span>
     <span class='ocr_line' id='line_1_50' title="bbox 74 5135 861 5213; baseline -0.011 -10"><span class='ocrx_word' id='word_1_311' title='bbox 74 5136 148 5203; x_wconf 80' lang='lat' dir='ltr'><strong>ittam</strong></span> <span class='ocrx_word' id='word_1_312' title='bbox 164 5160 232 5203; x_wconf 82' lang='lat' dir='ltr'><strong>ctam</strong></span> <span class='ocrx_word' id='word_1_313' title='bbox 255 5159 324 5199; x_wconf 91' lang='lat' dir='ltr'><strong>arce</strong></span> <span class='ocrx_word' id='word_1_314' title='bbox 338 5182 346 5210; x_wconf 96' lang='lat'><strong>,</strong></span> <span class='ocrx_word' id='word_1_315' title='bbox 360 5139 392 5213; x_wconf 24' lang='lat' dir='ltr'><strong>si·</strong></span> <span class='ocrx_word' id='word_1_316' title='bbox 407 5137 558 5209; x_wconf 87' lang='lat' dir='ltr'><strong>babuerit,</strong></span> <span class='ocrx_word' id='word_1_317' title='bbox 574 5136 602 5195; x_wconf 93' lang='lat' dir='ltr'><strong>in</strong></span> <span class='ocrx_word' id='word_1_318' title='bbox 622 5135 751 5194; x_wconf 76' lang='lat' dir='ltr'><strong>astartibus</strong></span> <span class='ocrx_word' id='word_1_319' title='bbox 768 5137 837 5197; x_wconf 79' lang='lat' dir='ltr'><strong>tarcis</strong></span> <span class='ocrx_word' id='word_1_320' title='bbox 852 5183 861 5211; x_wconf 89' lang='lat'>‚</span> 
     </span>
    </p>
   </div>
   <div class='ocr_carea' id='block_1_4' title="bbox 535 257 1261 345">
    <p class='ocr_par' dir='ltr' id='par_1_4' title="bbox 535 257 1261 345">
     <span class='ocr_line' id='line_1_51' title="bbox 535 257 1261 345; baseline -0.004 -23"><span class='ocrx_word' id='word_1_321' title='bbox 535 257 741 345; x_wconf 74' lang='lat' dir='ltr'><strong>Ctllle‘dVE</strong></span> <span class='ocrx_word' id='word_1_322' title='bbox 762 262 865 328; x_wconf 81' lang='lat' dir='ltr'>POST</span> <span class='ocrx_word' id='word_1_323' title='bbox 888 264 1037 328; x_wconf 79' lang='lat' dir='ltr'><strong>stxruttt</strong></span> <span class='ocrx_word' id='word_1_324' title='bbox 1059 259 1261 334; x_wconf 60' lang='lat' dir='ltr'><strong>cusentin.</strong></span> 
     </span>
    </p>
   </div>
   <div class='ocr_carea' id='block_1_5' title="bbox 1602 252 1715 315">
    <p class='ocr_par' dir='ltr' id='par_1_5' title="bbox 1602 252 1715 315">
     <span class='ocr_line' id='line_1_52' title="bbox 1602 252 1715 315; baseline -0.044 2"><span class='ocrx_word' id='word_1_325' title='bbox 1602 252 1715 315; x_wconf 61' lang='lat'><strong>&#39;23</strong></span> 
     </span>
    </p>
   </div>
   <div class='ocr_carea' id='block_1_6' title="bbox 920 388 1726 2185">
    <p class='ocr_par' dir='ltr' id='par_1_6' title="bbox 925 388 1726 576">
     <span class='ocr_line' id='line_1_53' title="bbox 928 388 1716 469; baseline -0.015 -8"><span class='ocrx_word' id='word_1_326' title='bbox 928 401 973 461; x_wconf 83' lang='lat' dir='ltr'><strong>rel</strong></span> <span class='ocrx_word' id='word_1_327' title='bbox 987 411 1347 461; x_wconf 53' lang='lat' dir='ltr'><strong>successorumsmeorum</strong></span> <span class='ocrx_word' id='word_1_328' title='bbox 1363 393 1451 457; x_wconf 87' lang='lat' dir='ltr'><strong>libera</strong></span> <span class='ocrx_word' id='word_1_329' title='bbox 1464 402 1493 453; x_wconf 90' lang='lat' dir='ltr'><strong>et</strong></span> <span class='ocrx_word' id='word_1_330' title='bbox 1510 388 1636 469; x_wconf 77' lang='lat' dir='ltr'><strong>expedite</strong></span> <span class='ocrx_word' id='word_1_331' title='bbox 1654 399 1716 450; x_wconf 88' lang='lat' dir='ltr'><strong>sta·</strong></span> 
     </span>
     <span class='ocr_line' id='line_1_54' title="bbox 925 489 1726 576; baseline -0.011 -18"><span class='ocrx_word' id='word_1_332' title='bbox 925 501 978 559; x_wconf 89' lang='lat' dir='ltr'><strong>tim</strong></span> <span class='ocrx_word' id='word_1_333' title='bbox 996 501 1056 560; x_wconf 86' lang='lat' dir='ltr'><strong>sine</strong></span> <span class='ocrx_word' id='word_1_334' title='bbox 1076 500 1134 562; x_wconf 92' lang='lat' dir='ltr'><strong>ulla</strong></span> <span class='ocrx_word' id='word_1_335' title='bbox 1150 496 1312 576; x_wconf 82' lang='lat' dir='ltr'><strong>exceptione</strong></span> <span class='ocrx_word' id='word_1_336' title='bbox 1331 493 1455 566; x_wconf 79' lang='lat' dir='ltr'><strong>natent,</strong></span> <span class='ocrx_word' id='word_1_337' title='bbox 1472 503 1502 555; x_wconf 91' lang='lat' dir='ltr'><strong>et</strong></span> <span class='ocrx_word' id='word_1_338' title='bbox 1520 489 1726 570; x_wconf 82' lang='lat' dir='ltr'><strong>assignabunt.-</strong></span> 
     </span>
    </p>

    <p class='ocr_par' dir='ltr' id='par_1_7' title="bbox 920 590 1715 2185">
     <span class='ocr_line' id='line_1_55' title="bbox 967 590 1715 672; baseline -0.013 -11"><span class='ocrx_word' id='word_1_339' title='bbox 967 601 1128 672; x_wconf 89' lang='lat' dir='ltr'><strong>ltem,cuut</strong></span> <span class='ocrx_word' id='word_1_340' title='bbox 1145 597 1229 657; x_wconf 90' lang='lat' dir='ltr'><strong>multi</strong></span> <span class='ocrx_word' id='word_1_341' title='bbox 1252 616 1286 657; x_wconf 85' lang='lat' dir='ltr'><strong>ex</strong></span> <span class='ocrx_word' id='word_1_342' title='bbox 1307 594 1429 657; x_wconf 85' lang='lat' dir='ltr'><strong>dominis</strong></span> <span class='ocrx_word' id='word_1_343' title='bbox 1446 592 1649 654; x_wconf 72' lang='lat' dir='ltr'><strong>cardinalibus</strong></span> <span class='ocrx_word' id='word_1_344' title='bbox 1667 590 1715 651; x_wconf 88' lang='lat' dir='ltr'><strong>bic</strong></span> 
     </span>
     <span class='ocr_line' id='line_1_56' title="bbox 925 691 1714 778; baseline -0.014 -17"><span class='ocrx_word' id='word_1_345' title='bbox 925 698 1120 778; x_wconf 86' lang='lat' dir='ltr'><strong>praesentibus</strong></span> <span class='ocrx_word' id='word_1_346' title='bbox 1139 695 1296 768; x_wconf 79' lang='lat' dir='ltr'><strong>nonnullis,</strong></span> <span class='ocrx_word' id='word_1_347' title='bbox 1315 694 1386 755; x_wconf 89' lang='lat' dir='ltr'><strong>alias</strong></span> <span class='ocrx_word' id='word_1_348' title='bbox 1402 691 1592 764; x_wconf 81' lang='lat' dir='ltr'><strong>cathedrales,</strong></span> <span class='ocrx_word' id='word_1_349' title='bbox 1611 706 1714 751; x_wconf 90' lang='lat' dir='ltr'><strong>tnoaa·</strong></span> 
     </span>
     <span class='ocr_line' id='line_1_57' title="bbox 923 794 1714 879; baseline -0.011 -19"><span class='ocrx_word' id='word_1_350' title='bbox 923 801 1023 872; x_wconf 90' lang='lat' dir='ltr'><strong>steria,</strong></span> <span class='ocrx_word' id='word_1_351' title='bbox 1051 800 1210 879; x_wconf 89' lang='lat' dir='ltr'><strong>prioratus,</strong></span> <span class='ocrx_word' id='word_1_352' title='bbox 1238 795 1462 877; x_wconf 86' lang='lat' dir='ltr'><strong>praepositurus,</strong></span> <span class='ocrx_word' id='word_1_353' title='bbox 1486 794 1714 875; x_wconf 87' lang='lat' dir='ltr'><strong>praepositatus,</strong></span> 
     </span>
     <span class='ocr_line' id='line_1_58' title="bbox 922 893 1710 979; baseline -0.009 -19"><span class='ocrx_word' id='word_1_354' title='bbox 922 899 1085 979; x_wconf 74' lang='lat' dir='ltr'><strong>fflgnbates,</strong></span> <span class='ocrx_word' id='word_1_355' title='bbox 1100 897 1371 970; x_wconf 81' lang='lat' dir='ltr'><strong>administrationes,</strong></span> <span class='ocrx_word' id='word_1_356' title='bbox 1386 897 1488 968; x_wconf 88' lang='lat' dir='ltr'><strong>officia,</strong></span> <span class='ocrx_word' id='word_1_357' title='bbox 1505 895 1603 956; x_wconf 88' lang='lat' dir='ltr'><strong>etalio</strong></span> <span class='ocrx_word' id='word_1_358' title='bbox 1621 893 1710 954; x_wconf 88' lang='lat' dir='ltr'><strong>bene-</strong></span> 
     </span>
     <span class='ocr_line' id='line_1_59' title="bbox 922 994 1713 1087; baseline -0.008 -28"><span class='ocrx_word' id='word_1_359' title='bbox 922 999 985 1063; x_wconf 88' lang='lat' dir='ltr'><strong>iicia</strong></span> <span class='ocrx_word' id='word_1_360' title='bbox 1001 1001 1191 1087; x_wconf 81' lang='lat' dir='ltr'><strong>ecclesiastica</strong></span> <span class='ocrx_word' id='word_1_361' title='bbox 1204 998 1373 1075; x_wconf 84' lang='lat' dir='ltr'><strong>saecttlaria,</strong></span> <span class='ocrx_word' id='word_1_362' title='bbox 1383 998 1427 1058; x_wconf 90' lang='lat' dir='ltr'><strong>rel</strong></span> <span class='ocrx_word' id='word_1_363' title='bbox 1443 994 1614 1076; x_wconf 84' lang='lat' dir='ltr'><strong>quorumvis</strong></span> <span class='ocrx_word' id='word_1_364' title='bbox 1627 994 1713 1054; x_wconf 88' lang='lat' dir='ltr'><strong>ordi·</strong></span> 
     </span>
     <span class='ocr_line' id='line_1_60' title="bbox 920 1097 1714 1181; baseline -0.009 -20"><span class='ocrx_word' id='word_1_365' title='bbox 920 1111 1000 1162; x_wconf 89' lang='lat' dir='ltr'><strong>num</strong></span> <span class='ocrx_word' id='word_1_366' title='bbox 1013 1102 1180 1181; x_wconf 83' lang='lat' dir='ltr'><strong>regularia,</strong></span> <span class='ocrx_word' id='word_1_367' title='bbox 1196 1099 1423 1179; x_wconf 84' lang='lat' dir='ltr'><strong>quacobtineut,</strong></span> <span class='ocrx_word' id='word_1_368' title='bbox 1438 1111 1467 1159; x_wconf 88' lang='lat' dir='ltr'><strong>et</strong></span> <span class='ocrx_word' id='word_1_369' title='bbox 1488 1097 1641 1178; x_wconf 87' lang='lat' dir='ltr'><strong>possident,</strong></span> <span class='ocrx_word' id='word_1_370' title='bbox 1662 1107 1714 1155; x_wconf 93' lang='lat' dir='ltr'><strong>aut</strong></span> 
     </span>
     <span class='ocr_line' id='line_1_61' title="bbox 920 1195 1713 1281; baseline -0.008 -19"><span class='ocrx_word' id='word_1_371' title='bbox 920 1201 1098 1275; x_wconf 85' lang='lat' dir='ltr'><strong>obtinebant,</strong></span> <span class='ocrx_word' id='word_1_372' title='bbox 1113 1213 1143 1263; x_wconf 87' lang='lat' dir='ltr'><strong>et</strong></span> <span class='ocrx_word' id='word_1_373' title='bbox 1162 1199 1532 1281; x_wconf 57' lang='lat' dir='ltr'><strong>possidebam-resignare,</strong></span> <span class='ocrx_word' id='word_1_374' title='bbox 1543 1216 1594 1258; x_wconf 88' lang='lat' dir='ltr'><strong>seu</strong></span> <span class='ocrx_word' id='word_1_375' title='bbox 1610 1195 1713 1257; x_wconf 87' lang='lat' dir='ltr'><strong>cedere</strong></span> 
     </span>
     <span class='ocr_line' id='line_1_62' title="bbox 921 1294 1713 1379; baseline -0.011 -15"><span class='ocrx_word' id='word_1_376' title='bbox 921 1305 949 1364; x_wconf 93' lang='lat' dir='ltr'><strong>io</strong></span> <span class='ocrx_word' id='word_1_377' title='bbox 962 1305 1088 1367; x_wconf 89' lang='lat' dir='ltr'><strong>aliorum</strong></span> <span class='ocrx_word' id='word_1_378' title='bbox 1107 1303 1238 1367; x_wconf 84' lang='lat' dir='ltr'><strong>fusorem</strong></span> <span class='ocrx_word' id='word_1_379' title='bbox 1255 1300 1412 1374; x_wconf 91' lang='lat' dir='ltr'><strong>intendant,</strong></span> <span class='ocrx_word' id='word_1_380' title='bbox 1425 1299 1575 1379; x_wconf 90' lang='lat' dir='ltr'><strong>promitto,</strong></span> <span class='ocrx_word' id='word_1_381' title='bbox 1587 1294 1671 1373; x_wconf 87' lang='lat' dir='ltr'><strong>juro,</strong></span> <span class='ocrx_word' id='word_1_382' title='bbox 1683 1307 1713 1357; x_wconf 87' lang='lat' dir='ltr'><strong>et</strong></span> 
     </span>
     <span class='ocr_line' id='line_1_63' title="bbox 921 1396 1713 1482; baseline -0.015 -17"><span class='ocrx_word' id='word_1_383' title='bbox 921 1425 1013 1468; x_wconf 79' lang='lat' dir='ltr'><strong>coreo</strong></span> <span class='ocrx_word' id='word_1_384' title='bbox 1025 1403 1183 1465; x_wconf 85' lang='lat' dir='ltr'><strong>concedere</strong></span> <span class='ocrx_word' id='word_1_385' title='bbox 1198 1413 1285 1482; x_wconf 90' lang='lat' dir='ltr'><strong>prout</strong></span> <span class='ocrx_word' id='word_1_386' title='bbox 1300 1401 1336 1462; x_wconf 91' lang='lat' dir='ltr'><strong>dc</strong></span> <span class='ocrx_word' id='word_1_387' title='bbox 1347 1401 1491 1480; x_wconf 85' lang='lat' dir='ltr'><strong>praesenti</strong></span> <span class='ocrx_word' id='word_1_388' title='bbox 1504 1397 1631 1460; x_wconf 90' lang='lat' dir='ltr'><strong>concedo</strong></span> <span class='ocrx_word' id='word_1_389' title='bbox 1644 1396 1713 1476; x_wconf 89' lang='lat' dir='ltr'><strong>ipsis</strong></span> 
     </span>
     <span class='ocr_line' id='line_1_64' title="bbox 920 1497 1713 1581; baseline -0.015 -14"><span class='ocrx_word' id='word_1_390' title='bbox 920 1508 1040 1573; x_wconf 88' lang='lat' dir='ltr'><strong>dominis</strong></span> <span class='ocrx_word' id='word_1_391' title='bbox 1063 1505 1279 1576; x_wconf 74' lang='lat' dir='ltr'><strong>cardinalibus,</strong></span> <span class='ocrx_word' id='word_1_392' title='bbox 1303 1504 1354 1581; x_wconf 92' lang='lat' dir='ltr'><strong>qui</strong></span> <span class='ocrx_word' id='word_1_393' title='bbox 1376 1499 1541 1579; x_wconf 76' lang='lat' dir='ltr'><strong>hujusmodi</strong></span> <span class='ocrx_word' id='word_1_394' title='bbox 1561 1497 1713 1560; x_wconf 87' lang='lat' dir='ltr'><strong>ecclesias.</strong></span> 
     </span>
     <span class='ocr_line' id='line_1_65' title="bbox 920 1597 1713 1678; baseline -0.016 -8"><span class='ocrx_word' id='word_1_395' title='bbox 920 1611 1093 1670; x_wconf 86' lang='lat' dir='ltr'><strong>monasteria</strong></span> <span class='ocrx_word' id='word_1_396' title='bbox 1124 1618 1194 1678; x_wconf 88' lang='lat' dir='ltr'><strong>etc,</strong></span> <span class='ocrx_word' id='word_1_397' title='bbox 1211 1615 1241 1666; x_wconf 80' lang='lat' dir='ltr'><strong>‘et</strong></span> <span class='ocrx_word' id='word_1_398' title='bbox 1270 1606 1327 1665; x_wconf 89' lang='lat' dir='ltr'><strong>alia</strong></span> <span class='ocrx_word' id='word_1_399' title='bbox 1357 1602 1547 1666; x_wconf 78' lang='lat' dir='ltr'><strong>ecclmiastica</strong></span> <span class='ocrx_word' id='word_1_400' title='bbox 1578 1597 1713 1669; x_wconf 73' lang='lat' dir='ltr'><strong>beneficia</strong></span> 
     </span>
     <span class='ocr_line' id='line_1_66' title="bbox 920 1703 1713 1789; baseline -0.015 -20"><span class='ocrx_word' id='word_1_401' title='bbox 920 1706 1006 1770; x_wconf 88' lang='lat' dir='ltr'><strong>etiarn</strong></span> <span class='ocrx_word' id='word_1_402' title='bbox 1022 1708 1241 1789; x_wconf 81' lang='lat' dir='ltr'><strong>resignaverint,</strong></span> <span class='ocrx_word' id='word_1_403' title='bbox 1253 1719 1304 1766; x_wconf 90' lang='lat' dir='ltr'><strong>aut</strong></span> <span class='ocrx_word' id='word_1_404' title='bbox 1321 1705 1519 1785; x_wconf 81' lang='lat' dir='ltr'><strong>resignabunt,</strong></span> <span class='ocrx_word' id='word_1_405' title='bbox 1533 1703 1595 1763; x_wconf 87' lang='lat' dir='ltr'><strong>sive</strong></span> <span class='ocrx_word' id='word_1_406' title='bbox 1609 1717 1713 1760; x_wconf 89' lang='lat' dir='ltr'><strong>eorum</strong></span> 
     </span>
     <span class='ocr_line' id='line_1_67' title="bbox 920 1805 1715 1883; baseline -0.018 -11"><span class='ocrx_word' id='word_1_407' title='bbox 920 1811 1094 1879; x_wconf 87' lang='lat' dir='ltr'><strong>commendis</strong></span> <span class='ocrx_word' id='word_1_408' title='bbox 1122 1810 1271 1878; x_wconf 86' lang='lat' dir='ltr'><strong>cesserint,</strong></span> <span class='ocrx_word' id='word_1_409' title='bbox 1291 1818 1343 1868; x_wconf 88' lang='lat' dir='ltr'><strong>aut</strong></span> <span class='ocrx_word' id='word_1_410' title='bbox 1364 1806 1467 1868; x_wconf 89' lang='lat' dir='ltr'><strong>cedant</strong></span> <span class='ocrx_word' id='word_1_411' title='bbox 1494 1805 1523 1864; x_wconf 94' lang='lat' dir='ltr'><strong>in</strong></span> <span class='ocrx_word' id='word_1_412' title='bbox 1544 1814 1715 1883; x_wconf 86' lang='lat' dir='ltr'><strong>posterum,</strong></span> 
     </span>
     <span class='ocr_line' id='line_1_68' title="bbox 922 1901 1714 1988; baseline -0.013 -18"><span class='ocrx_word' id='word_1_413' title='bbox 922 1914 968 1973; x_wconf 86' lang='lat' dir='ltr'><strong>rel</strong></span> <span class='ocrx_word' id='word_1_414' title='bbox 988 1912 1165 1983; x_wconf 87' lang='lat' dir='ltr'><strong>concedent,</strong></span> <span class='ocrx_word' id='word_1_415' title='bbox 1181 1920 1334 1988; x_wconf 83' lang='lat' dir='ltr'><strong>quatenus,</strong></span> <span class='ocrx_word' id='word_1_416' title='bbox 1354 1906 1535 1978; x_wconf 86' lang='lat' dir='ltr'><strong>cedentibus,</strong></span> <span class='ocrx_word' id='word_1_417' title='bbox 1558 1913 1610 1962; x_wconf 89' lang='lat' dir='ltr'><strong>aut</strong></span> <span class='ocrx_word' id='word_1_418' title='bbox 1628 1901 1714 1961; x_wconf 86' lang='lat' dir='ltr'><strong>dece-</strong></span> 
     </span>
     <span class='ocr_line' id='line_1_69' title="bbox 921 1996 1714 2090; baseline -0.019 -16"><span class='ocrx_word' id='word_1_419' title='bbox 921 2011 1052 2074; x_wconf 87' lang='lat' dir='ltr'><strong>dentibus</strong></span> <span class='ocrx_word' id='word_1_420' title='bbox 1071 2013 1116 2084; x_wconf 92' lang='lat' dir='ltr'><strong>iis,</strong></span> <span class='ocrx_word' id='word_1_421' title='bbox 1142 2012 1192 2090; x_wconf 86' lang='lat' dir='ltr'><strong>qui</strong></span> <span class='ocrx_word' id='word_1_422' title='bbox 1215 2029 1266 2090; x_wconf 88' lang='lat' dir='ltr'><strong>per</strong></span> <span class='ocrx_word' id='word_1_423' title='bbox 1292 2007 1458 2086; x_wconf 85' lang='lat' dir='ltr'><strong>hujusmodi</strong></span> <span class='ocrx_word' id='word_1_424' title='bbox 1479 1996 1714 2084; x_wconf 82' lang='lat' dir='ltr'><strong>resignationem,</strong></span> 
     </span>
     <span class='ocr_line' id='line_1_70' title="bbox 921 2094 1715 2185; baseline -0.013 -14"><span class='ocrx_word' id='word_1_425' title='bbox 921 2113 982 2172; x_wconf 84' lang='lat' dir='ltr'><strong>site</strong></span> <span class='ocrx_word' id='word_1_426' title='bbox 1000 2113 1154 2174; x_wconf 87' lang='lat' dir='ltr'><strong>cessionem</strong></span> <span class='ocrx_word' id='word_1_427' title='bbox 1174 2112 1320 2183; x_wconf 89' lang='lat' dir='ltr'><strong>ecclesias,</strong></span> <span class='ocrx_word' id='word_1_428' title='bbox 1337 2094 1509 2170; x_wconf 87' lang='lat' dir='ltr'><strong>monasteria</strong></span> <span class='ocrx_word' id='word_1_429' title='bbox 1531 2107 1590 2185; x_wconf 90' lang='lat' dir='ltr'><strong>ipsa</strong></span> <span class='ocrx_word' id='word_1_430' title='bbox 1602 2115 1669 2172; x_wconf 83' lang='lat' dir='ltr'><strong>etc,</strong></span> <span class='ocrx_word' id='word_1_431' title='bbox 1686 2113 1715 2161; x_wconf 88' lang='lat' dir='ltr'><strong>et</strong></span> 
     </span>
    </p>
   </div>
   <div class='ocr_carea' id='block_1_7' title="bbox 899 2202 1714 2276">
    <p class='ocr_par' dir='ltr' id='par_1_8' title="bbox 899 2202 1714 2276">
     <span class='ocr_line' id='line_1_71' title="bbox 899 2202 1714 2276; baseline -0.012 -4"><span class='ocrx_word' id='word_1_432' title='bbox 899 2204 902 2209; x_wconf 56' lang='grc'><strong><em>’</em></strong></span> <span class='ocrx_word' id='word_1_433' title='bbox 920 2214 976 2273; x_wconf 88' lang='lat' dir='ltr'><strong>alia</strong></span> <span class='ocrx_word' id='word_1_434' title='bbox 989 2212 1125 2275; x_wconf 83' lang='lat' dir='ltr'><strong>beneficia</strong></span> <span class='ocrx_word' id='word_1_435' title='bbox 1136 2211 1428 2273; x_wconf 82' lang='lat' dir='ltr'><strong>ecclesiastieaetiam</strong></span> <span class='ocrx_word' id='word_1_436' title='bbox 1443 2206 1631 2276; x_wconf 86' lang='lat' dir='ltr'><strong>obtinuerint,</strong></span> <span class='ocrx_word' id='word_1_437' title='bbox 1640 2202 1714 2263; x_wconf 90' lang='lat' dir='ltr'><strong>libe·</strong></span> 
     </span>
    </p>
   </div>
   <div class='ocr_carea' id='block_1_8' title="bbox 921 2307 1755 5220">
    <p class='ocr_par' dir='ltr' id='par_1_9' title="bbox 921 2307 1717 2904">
     <span class='ocr_line' id='line_1_72' title="bbox 921 2307 1715 2393; baseline -0.016 -18"><span class='ocrx_word' id='word_1_438' title='bbox 921 2324 1003 2386; x_wconf 87' lang='lat' dir='ltr'><strong>rum,</strong></span> <span class='ocrx_word' id='word_1_439' title='bbox 1014 2326 1042 2376; x_wconf 91' lang='lat' dir='ltr'><strong>et</strong></span> <span class='ocrx_word' id='word_1_440' title='bbox 1056 2314 1252 2393; x_wconf 90' lang='lat' dir='ltr'><strong>plenissimum</strong></span> <span class='ocrx_word' id='word_1_441' title='bbox 1267 2311 1306 2370; x_wconf 90' lang='lat' dir='ltr'><strong>ad</strong></span> <span class='ocrx_word' id='word_1_442' title='bbox 1320 2311 1434 2372; x_wconf 84' lang='lat' dir='ltr'><strong>easdem</strong></span> <span class='ocrx_word' id='word_1_443' title='bbox 1452 2307 1596 2377; x_wconf 86' lang='lat' dir='ltr'><strong>ecclesias,</strong></span> <span class='ocrx_word' id='word_1_444' title='bbox 1611 2310 1715 2364; x_wconf 87' lang='lat' dir='ltr'><strong>mona·</strong></span> 
     </span>
     <span class='ocr_line' id='line_1_73' title="bbox 921 2405 1717 2489; baseline -0.016 -14"><span class='ocrx_word' id='word_1_445' title='bbox 921 2418 1008 2476; x_wconf 85' lang='lat' dir='ltr'><strong>steria</strong></span> <span class='ocrx_word' id='word_1_446' title='bbox 1027 2428 1095 2489; x_wconf 83' lang='lat' dir='ltr'><strong>etc,</strong></span> <span class='ocrx_word' id='word_1_447' title='bbox 1108 2413 1337 2476; x_wconf 87' lang='lat' dir='ltr'><strong>eteoclesiastica</strong></span> <span class='ocrx_word' id='word_1_448' title='bbox 1355 2408 1492 2472; x_wconf 79' lang='lat' dir='ltr'><strong>beneficia</strong></span> <span class='ocrx_word' id='word_1_449' title='bbox 1509 2419 1577 2479; x_wconf 81' lang='lat' dir='ltr'><strong>etc,</strong></span> <span class='ocrx_word' id='word_1_450' title='bbox 1594 2405 1717 2465; x_wconf 86' lang='lat' dir='ltr'><strong>habeant</strong></span> 
     </span>
     <span class='ocr_line' id='line_1_74' title="bbox 925 2503 1717 2596; baseline -0.015 -20"><span class='ocrx_word' id='word_1_451' title='bbox 925 2534 1100 2596; x_wconf 80' lang='lat' dir='ltr'><strong>regressum,</strong></span> <span class='ocrx_word' id='word_1_452' title='bbox 1112 2533 1215 2576; x_wconf 90' lang='lat' dir='ltr'><strong>eorum</strong></span> <span class='ocrx_word' id='word_1_453' title='bbox 1227 2514 1350 2591; x_wconf 85' lang='lat' dir='ltr'><strong>denique</strong></span> <span class='ocrx_word' id='word_1_454' title='bbox 1361 2512 1566 2592; x_wconf 88' lang='lat' dir='ltr'><strong>possessionem</strong></span> <span class='ocrx_word' id='word_1_455' title='bbox 1578 2508 1639 2587; x_wconf 91' lang='lat' dir='ltr'><strong>ipso</strong></span> <span class='ocrx_word' id='word_1_456' title='bbox 1647 2503 1717 2583; x_wconf 79' lang='lat' dir='ltr'><strong>jure</strong></span> 
     </span>
     <span class='ocr_line' id='line_1_75' title="bbox 923 2608 1717 2697; baseline -0.016 -19"><span class='ocrx_word' id='word_1_457' title='bbox 923 2628 1073 2697; x_wconf 77' lang='lat' dir='ltr'><strong>repetere,</strong></span> <span class='ocrx_word' id='word_1_458' title='bbox 1095 2629 1125 2679; x_wconf 89' lang='lat' dir='ltr'><strong>et</strong></span> <span class='ocrx_word' id='word_1_459' title='bbox 1146 2616 1180 2676; x_wconf 92' lang='lat' dir='ltr'><strong>de</strong></span> <span class='ocrx_word' id='word_1_460' title='bbox 1201 2634 1277 2676; x_wconf 86' lang='lat' dir='ltr'><strong>novo</strong></span> <span class='ocrx_word' id='word_1_461' title='bbox 1298 2632 1402 2694; x_wconf 83' lang='lat' dir='ltr'><strong>capere</strong></span> <span class='ocrx_word' id='word_1_462' title='bbox 1422 2612 1530 2681; x_wconf 89' lang='lat' dir='ltr'><strong>libere,</strong></span> <span class='ocrx_word' id='word_1_463' title='bbox 1548 2627 1583 2670; x_wconf 90' lang='lat' dir='ltr'><strong>ec</strong></span> <span class='ocrx_word' id='word_1_464' title='bbox 1610 2608 1717 2688; x_wconf 91' lang='lat' dir='ltr'><strong>plenis·</strong></span> 
     </span>
     <span class='ocr_line' id='line_1_76' title="bbox 921 2707 1717 2798; baseline -0.015 -21"><span class='ocrx_word' id='word_1_465' title='bbox 921 2719 991 2779; x_wconf 81' lang='lat' dir='ltr'><strong>abne</strong></span> <span class='ocrx_word' id='word_1_466' title='bbox 1010 2719 1133 2798; x_wconf 86' lang='lat' dir='ltr'><strong>possint,</strong></span> <span class='ocrx_word' id='word_1_467' title='bbox 1145 2729 1173 2777; x_wconf 88' lang='lat' dir='ltr'><strong>et</strong></span> <span class='ocrx_word' id='word_1_468' title='bbox 1193 2712 1416 2785; x_wconf 75' lang='lat' dir='ltr'><strong>valeant‚etiam</strong></span> <span class='ocrx_word' id='word_1_469' title='bbox 1437 2712 1460 2771; x_wconf 89' lang='lat' dir='ltr'><strong>si</strong></span> <span class='ocrx_word' id='word_1_470' title='bbox 1487 2729 1543 2772; x_wconf 80' lang='lat' dir='ltr'><strong>tion</strong></span> <span class='ocrx_word' id='word_1_471' title='bbox 1564 2707 1717 2769; x_wconf 89' lang='lat' dir='ltr'><strong>habuerint</strong></span> 
     </span>
     <span class='ocr_line' id='line_1_77' title="bbox 922 2801 1572 2904; baseline -0.018 -21"><span class='ocrx_word' id='word_1_472' title='bbox 922 2821 1015 2883; x_wconf 86' lang='lat' dir='ltr'><strong>bullas</strong></span> <span class='ocrx_word' id='word_1_473' title='bbox 1033 2838 1184 2904; x_wconf 89' lang='lat' dir='ltr'><strong>regressus</strong></span> <span class='ocrx_word' id='word_1_474' title='bbox 1199 2837 1215 2877; x_wconf 91' lang='lat' dir='ltr'><strong>a</strong></span> <span class='ocrx_word' id='word_1_475' title='bbox 1232 2814 1372 2876; x_wconf 87' lang='lat' dir='ltr'><strong>Pontifice</strong></span> <span class='ocrx_word' id='word_1_476' title='bbox 1386 2813 1465 2892; x_wconf 86' lang='lat' dir='ltr'><strong>Papa</strong></span> <span class='ocrx_word' id='word_1_477' title='bbox 1481 2801 1572 2872; x_wconf 80' lang='lat' dir='ltr'><strong>Sixto.</strong></span> 
     </span>
    </p>

    <p class='ocr_par' dir='ltr' id='par_1_10' title="bbox 922 2911 1755 4117">
     <span class='ocr_line' id='line_1_78' title="bbox 959 2911 1714 3000; baseline -0.02 -19"><span class='ocrx_word' id='word_1_478' title='bbox 959 2924 1046 2993; x_wconf 87' lang='lat' dir='ltr'><strong>-ltetn,</strong></span> <span class='ocrx_word' id='word_1_479' title='bbox 1059 2924 1215 3000; x_wconf 88' lang='lat' dir='ltr'><strong>promitto,</strong></span> <span class='ocrx_word' id='word_1_480' title='bbox 1238 2936 1347 2984; x_wconf 81' lang='lat' dir='ltr'><strong>roseo,</strong></span> <span class='ocrx_word' id='word_1_481' title='bbox 1360 2926 1389 2975; x_wconf 90' lang='lat' dir='ltr'><strong>et</strong></span> <span class='ocrx_word' id='word_1_482' title='bbox 1409 2915 1481 2995; x_wconf 85' lang='lat' dir='ltr'><strong>juro</strong></span> <span class='ocrx_word' id='word_1_483' title='bbox 1503 2911 1581 2990; x_wconf 87' lang='lat' dir='ltr'><strong>quod</strong></span> <span class='ocrx_word' id='word_1_484' title='bbox 1600 2926 1714 2970; x_wconf 86' lang='lat' dir='ltr'><strong>onmem</strong></span> 
     </span>
     <span class='ocr_line' id='line_1_79' title="bbox 922 3009 1715 3094; baseline -0.016 -12"><span class='ocrx_word' id='word_1_485' title='bbox 922 3024 1064 3094; x_wconf 79' lang='lat' dir='ltr'><strong>latorem,</strong></span> <span class='ocrx_word' id='word_1_486' title='bbox 1078 3022 1234 3088; x_wconf 87' lang='lat' dir='ltr'><strong>auxilium,</strong></span> <span class='ocrx_word' id='word_1_487' title='bbox 1249 3029 1277 3078; x_wconf 88' lang='lat' dir='ltr'><strong>et</strong></span> <span class='ocrx_word' id='word_1_488' title='bbox 1291 3016 1498 3085; x_wconf 77' lang='lat' dir='ltr'><strong>arathoritatem</strong></span> <span class='ocrx_word' id='word_1_489' title='bbox 1518 3031 1610 3073; x_wconf 86' lang='lat' dir='ltr'><strong>meum</strong></span> <span class='ocrx_word' id='word_1_490' title='bbox 1622 3009 1715 3070; x_wconf 84' lang='lat' dir='ltr'><strong>inter·</strong></span> 
     </span>
     <span class='ocr_line' id='line_1_80' title="bbox 924 3109 1715 3204; baseline -0.028 -16"><span class='ocrx_word' id='word_1_491' title='bbox 924 3143 1037 3204; x_wconf 89' lang='lat' dir='ltr'><strong>ponam,</strong></span> <span class='ocrx_word' id='word_1_492' title='bbox 1056 3121 1133 3201; x_wconf 85' lang='lat' dir='ltr'><strong>quod</strong></span> <span class='ocrx_word' id='word_1_493' title='bbox 1155 3132 1212 3181; x_wconf 84' lang='lat' dir='ltr'><strong>ten</strong></span> <span class='ocrx_word' id='word_1_494' title='bbox 1227 3115 1433 3180; x_wconf 83' lang='lat' dir='ltr'><strong>Cardinalibus</strong></span> <span class='ocrx_word' id='word_1_495' title='bbox 1455 3113 1486 3173; x_wconf 88' lang='lat' dir='ltr'><strong>S.</strong></span> <span class='ocrx_word' id='word_1_496' title='bbox 1513 3112 1549 3172; x_wconf 86' lang='lat' dir='ltr'><strong>ll.</strong></span> <span class='ocrx_word' id='word_1_497' title='bbox 1575 3109 1610 3170; x_wconf 86' lang='lat' dir='ltr'><strong>E.</strong></span> <span class='ocrx_word' id='word_1_498' title='bbox 1628 3123 1715 3187; x_wconf 84' lang='lat' dir='ltr'><strong>quarn</strong></span> 
     </span>
     <span class='ocr_line' id='line_1_81' title="bbox 923 3209 1716 3304; baseline -0.024 -17"><span class='ocrx_word' id='word_1_499' title='bbox 923 3229 997 3300; x_wconf 89' lang='lat' dir='ltr'><strong>aliis,</strong></span> <span class='ocrx_word' id='word_1_500' title='bbox 1015 3227 1066 3304; x_wconf 85' lang='lat' dir='ltr'><strong>qtti</strong></span> <span class='ocrx_word' id='word_1_501' title='bbox 1086 3221 1221 3285; x_wconf 69' lang='lat' dir='ltr'><strong>mnsam</strong></span> <span class='ocrx_word' id='word_1_502' title='bbox 1232 3218 1425 3280; x_wconf 86' lang='lat' dir='ltr'><strong>ecclesiastica</strong></span> <span class='ocrx_word' id='word_1_503' title='bbox 1439 3213 1575 3275; x_wconf 82' lang='lat' dir='ltr'><strong>canonice</strong></span> <span class='ocrx_word' id='word_1_504' title='bbox 1594 3209 1716 3271; x_wconf 86' lang='lat' dir='ltr'><strong>assecuti</strong></span> 
     </span>
     <span class='ocr_line' id='line_1_82' title="bbox 923 3299 1721 3402; baseline -0.024 -13"><span class='ocrx_word' id='word_1_505' title='bbox 923 3329 1044 3397; x_wconf 87' lang='lat' dir='ltr'><strong>luerint,</strong></span> <span class='ocrx_word' id='word_1_506' title='bbox 1059 3337 1090 3387; x_wconf 82' lang='lat' dir='ltr'><strong>et</strong></span> <span class='ocrx_word' id='word_1_507' title='bbox 1104 3324 1138 3385; x_wconf 89' lang='lat' dir='ltr'><strong>ad</strong></span> <span class='ocrx_word' id='word_1_508' title='bbox 1154 3321 1341 3402; x_wconf 60' lang='lat' dir='ltr'><strong>munires</strong></span> <span class='ocrx_word' id='word_1_509' title='bbox 1358 3299 1462 3379; x_wconf 74' lang='lat' dir='ltr'><strong>eorum</strong></span> <span class='ocrx_word' id='word_1_510' title='bbox 1484 3334 1540 3376; x_wconf 90' lang='lat' dir='ltr'><strong>aon</strong></span> <span class='ocrx_word' id='word_1_511' title='bbox 1561 3313 1721 3374; x_wconf 84' lang='lat' dir='ltr'><strong>admittan-</strong></span> 
     </span>
     <span class='ocr_line' id='line_1_83' title="bbox 925 3407 1717 3500; baseline -0.023 -13"><span class='ocrx_word' id='word_1_512' title='bbox 925 3439 986 3500; x_wconf 88' lang='lat' dir='ltr'><strong>tur,</strong></span> <span class='ocrx_word' id='word_1_513' title='bbox 1003 3429 1049 3488; x_wconf 87' lang='lat' dir='ltr'><strong>rel</strong></span> <span class='ocrx_word' id='word_1_514' title='bbox 1068 3426 1207 3486; x_wconf 88' lang='lat' dir='ltr'><strong>hactenus</strong></span> <span class='ocrx_word' id='word_1_515' title='bbox 1226 3420 1340 3481; x_wconf 84' lang='lat' dir='ltr'><strong>admissi</strong></span> <span class='ocrx_word' id='word_1_516' title='bbox 1363 3435 1420 3479; x_wconf 93' lang='lat' dir='ltr'><strong>non</strong></span> <span class='ocrx_word' id='word_1_517' title='bbox 1442 3427 1527 3487; x_wconf 90' lang='lat' dir='ltr'><strong>suat,</strong></span> <span class='ocrx_word' id='word_1_518' title='bbox 1543 3432 1594 3475; x_wconf 86' lang='lat' dir='ltr'><strong>seu</strong></span> <span class='ocrx_word' id='word_1_519' title='bbox 1614 3407 1717 3472; x_wconf 83' lang='lat' dir='ltr'><strong>eorum</strong></span> 
     </span>
     <span class='ocr_line' id='line_1_84' title="bbox 924 3513 1719 3605; baseline -0.019 -19"><span class='ocrx_word' id='word_1_520' title='bbox 924 3529 1037 3590; x_wconf 87' lang='lat' dir='ltr'><strong>lructus</strong></span> <span class='ocrx_word' id='word_1_521' title='bbox 1049 3524 1264 3605; x_wconf 80' lang='lat' dir='ltr'><strong>utromodolibet</strong></span> <span class='ocrx_word' id='word_1_522' title='bbox 1279 3524 1306 3582; x_wconf 92' lang='lat' dir='ltr'><strong>in</strong></span> <span class='ocrx_word' id='word_1_523' title='bbox 1322 3518 1465 3580; x_wconf 77' lang='lat' dir='ltr'><strong>beneflciis</strong></span> <span class='ocrx_word' id='word_1_524' title='bbox 1481 3513 1601 3598; x_wconf 77' lang='lat' dir='ltr'><strong>pacifice</strong></span> <span class='ocrx_word' id='word_1_525' title='bbox 1616 3513 1719 3572; x_wconf 85' lang='lat' dir='ltr'><strong>bacte-</strong></span> 
     </span>
     <span class='ocr_line' id='line_1_85' title="bbox 927 3615 1719 3709; baseline -0.023 -18"><span class='ocrx_word' id='word_1_526' title='bbox 927 3649 980 3691; x_wconf 84' lang='lat' dir='ltr'><strong>nus</strong></span> <span class='ocrx_word' id='word_1_527' title='bbox 998 3629 1131 3709; x_wconf 84' lang='lat' dir='ltr'><strong>possessis</strong></span> <span class='ocrx_word' id='word_1_528' title='bbox 1153 3625 1345 3705; x_wconf 86' lang='lat' dir='ltr'><strong>impediantur</strong></span> <span class='ocrx_word' id='word_1_529' title='bbox 1368 3622 1471 3700; x_wconf 84' lang='lat' dir='ltr'><strong>integri</strong></span> <span class='ocrx_word' id='word_1_530' title='bbox 1494 3617 1611 3688; x_wconf 87' lang='lat' dir='ltr'><strong>babere,</strong></span> <span class='ocrx_word' id='word_1_531' title='bbox 1624 3615 1719 3705; x_wconf 34' lang='lat' dir='ltr'><strong>‘libere</strong></span> 
     </span>
     <span class='ocr_line' id='line_1_86' title="bbox 927 3714 1720 3806; baseline -0.028 -13"><span class='ocrx_word' id='word_1_532' title='bbox 927 3753 962 3793; x_wconf 89' lang='lat' dir='ltr'><strong>ac</strong></span> <span class='ocrx_word' id='word_1_533' title='bbox 977 3732 1051 3793; x_wconf 89' lang='lat' dir='ltr'><strong>bona</strong></span> <span class='ocrx_word' id='word_1_534' title='bbox 1066 3728 1122 3790; x_wconf 83' lang='lat' dir='ltr'><strong>ilde</strong></span> <span class='ocrx_word' id='word_1_535' title='bbox 1136 3729 1222 3788; x_wconf 87' lang='lat' dir='ltr'><strong>etiam</strong></span> <span class='ocrx_word' id='word_1_536' title='bbox 1239 3736 1402 3806; x_wconf 81' lang='lat' dir='ltr'><strong>perceptos,</strong></span> <span class='ocrx_word' id='word_1_537' title='bbox 1422 3721 1622 3786; x_wconf 86' lang='lat' dir='ltr'><strong>restituantur,</strong></span> <span class='ocrx_word' id='word_1_538' title='bbox 1634 3714 1720 3773; x_wconf 86' lang='lat' dir='ltr'><strong>aditi·</strong></span> 
     </span>
     <span class='ocr_line' id='line_1_87' title="bbox 931 3816 1718 3911; baseline -0.03 -15"><span class='ocrx_word' id='word_1_539' title='bbox 931 3835 1060 3911; x_wconf 90' lang='lat' dir='ltr'><strong>beboque</strong></span> <span class='ocrx_word' id='word_1_540' title='bbox 1075 3832 1154 3892; x_wconf 91' lang='lat' dir='ltr'><strong>circa</strong></span> <span class='ocrx_word' id='word_1_541' title='bbox 1179 3829 1246 3901; x_wconf 89' lang='lat' dir='ltr'><strong>boc,</strong></span> <span class='ocrx_word' id='word_1_542' title='bbox 1263 3840 1295 3887; x_wconf 92' lang='lat' dir='ltr'><strong>ut</strong></span> <span class='ocrx_word' id='word_1_543' title='bbox 1310 3825 1360 3903; x_wconf 82' lang='lat' dir='ltr'><strong>jas</strong></span> <span class='ocrx_word' id='word_1_544' title='bbox 1385 3835 1414 3884; x_wconf 92' lang='lat' dir='ltr'><strong>et</strong></span> <span class='ocrx_word' id='word_1_545' title='bbox 1432 3823 1561 3901; x_wconf 90' lang='lat' dir='ltr'><strong>aequitas</strong></span> <span class='ocrx_word' id='word_1_546' title='bbox 1579 3816 1718 3897; x_wconf 88' lang='lat' dir='ltr'><strong>postulat,</strong></span> 
     </span>
     <span class='ocr_line' id='line_1_88' title="bbox 929 3915 1755 4010; baseline -0.03 -13"><span class='ocrx_word' id='word_1_547' title='bbox 929 3954 1043 4004; x_wconf 84' lang='lat' dir='ltr'><strong>omnem</strong></span> <span class='ocrx_word' id='word_1_548' title='bbox 1070 3930 1261 4010; x_wconf 85' lang='lat' dir='ltr'><strong>diligentiam,</strong></span> <span class='ocrx_word' id='word_1_549' title='bbox 1286 3939 1314 3989; x_wconf 90' lang='lat' dir='ltr'><strong>et</strong></span> <span class='ocrx_word' id='word_1_550' title='bbox 1344 3924 1562 4003; x_wconf 86' lang='lat' dir='ltr'><strong>obligationem,</strong></span> <span class='ocrx_word' id='word_1_551' title='bbox 1592 3915 1720 3994; x_wconf 85' lang='lat' dir='ltr'><strong>nihilque</strong></span> <span class='ocrx_word' id='word_1_552' title='bbox 1751 3997 1755 4003; x_wconf 18' lang='lat'>⁵</span> 
     </span>
     <span class='ocr_line' id='line_1_89' title="bbox 932 4033 1213 4117; baseline -0.028 -20"><span class='ocrx_word' id='word_1_553' title='bbox 932 4033 1169 4117; x_wconf 89' lang='lat' dir='ltr'><strong>praetermittam.</strong></span> <span class='ocrx_word' id='word_1_554' title='bbox 1211 4047 1213 4050; x_wconf 53' lang='lat'><em>⁴</em></span> 
     </span>
    </p>

    <p class='ocr_par' dir='ltr' id='par_1_11' title="bbox 930 4116 1727 5220">
     <span class='ocr_line' id='line_1_90' title="bbox 973 4116 1718 4213; baseline -0.031 -17"><span class='ocrx_word' id='word_1_555' title='bbox 973 4138 1054 4209; x_wconf 87' lang='lat' dir='ltr'><strong>item,</strong></span> <span class='ocrx_word' id='word_1_556' title='bbox 1069 4134 1218 4213; x_wconf 90' lang='lat' dir='ltr'><strong>promitto,</strong></span> <span class='ocrx_word' id='word_1_557' title='bbox 1230 4147 1333 4199; x_wconf 84' lang='lat' dir='ltr'><strong>voveo,</strong></span> <span class='ocrx_word' id='word_1_558' title='bbox 1347 4137 1374 4187; x_wconf 92' lang='lat' dir='ltr'><strong>et</strong></span> <span class='ocrx_word' id='word_1_559' title='bbox 1390 4126 1456 4184; x_wconf 84' lang='lat' dir='ltr'><strong>iuro</strong></span> <span class='ocrx_word' id='word_1_560' title='bbox 1467 4119 1545 4200; x_wconf 88' lang='lat' dir='ltr'><strong>quod</strong></span> <span class='ocrx_word' id='word_1_561' title='bbox 1563 4116 1718 4180; x_wconf 88' lang='lat' dir='ltr'><strong>canonica-</strong></span> 
     </span>
     <span class='ocr_line' id='line_1_91' title="bbox 932 4220 1719 4314; baseline -0.025 -17"><span class='ocrx_word' id='word_1_562' title='bbox 932 4249 988 4311; x_wconf 90' lang='lat' dir='ltr'><strong>tus,</strong></span> <span class='ocrx_word' id='word_1_563' title='bbox 1004 4247 1033 4296; x_wconf 88' lang='lat' dir='ltr'><strong>et</strong></span> <span class='ocrx_word' id='word_1_564' title='bbox 1048 4232 1222 4314; x_wconf 87' lang='lat' dir='ltr'><strong>praebendas</strong></span> <span class='ocrx_word' id='word_1_565' title='bbox 1238 4230 1369 4289; x_wconf 89' lang='lat' dir='ltr'><strong>basilicae</strong></span> <span class='ocrx_word' id='word_1_566' title='bbox 1386 4228 1418 4287; x_wconf 83' lang='lat' dir='ltr'><strong>S.</strong></span> <span class='ocrx_word' id='word_1_567' title='bbox 1437 4223 1528 4295; x_wconf 87' lang='lat' dir='ltr'><strong>Petri,</strong></span> <span class='ocrx_word' id='word_1_568' title='bbox 1539 4220 1719 4281; x_wconf 81' lang='lat' dir='ltr'><strong>bateranen·</strong></span> 
     </span>
     <span class='ocr_line' id='line_1_92' title="bbox 931 4323 1719 4411; baseline -0.023 -14"><span class='ocrx_word' id='word_1_569' title='bbox 931 4339 979 4411; x_wconf 89' lang='lat' dir='ltr'><strong>sis,</strong></span> <span class='ocrx_word' id='word_1_570' title='bbox 994 4347 1023 4398; x_wconf 92' lang='lat' dir='ltr'><strong>et</strong></span> <span class='ocrx_word' id='word_1_571' title='bbox 1037 4335 1068 4396; x_wconf 89' lang='lat' dir='ltr'><strong>S.</strong></span> <span class='ocrx_word' id='word_1_572' title='bbox 1085 4335 1193 4394; x_wconf 78' lang='lat' dir='ltr'><strong>Mariae</strong></span> <span class='ocrx_word' id='word_1_573' title='bbox 1208 4331 1326 4410; x_wconf 89' lang='lat' dir='ltr'><strong>lllajoris</strong></span> <span class='ocrx_word' id='word_1_574' title='bbox 1338 4328 1373 4389; x_wconf 92' lang='lat' dir='ltr'><strong>de</strong></span> <span class='ocrx_word' id='word_1_575' title='bbox 1384 4328 1464 4390; x_wconf 90' lang='lat' dir='ltr'><strong>Urbe</strong></span> <span class='ocrx_word' id='word_1_576' title='bbox 1475 4323 1675 4393; x_wconf 87' lang='lat' dir='ltr'><strong>ecclesiarum,</strong></span> <span class='ocrx_word' id='word_1_577' title='bbox 1692 4330 1719 4380; x_wconf 92' lang='lat' dir='ltr'><strong>et</strong></span> 
     </span>
     <span class='ocr_line' id='line_1_93' title="bbox 930 4422 1719 4518; baseline -0.024 -21"><span class='ocrx_word' id='word_1_578' title='bbox 930 4441 987 4498; x_wconf 90' lang='lat' dir='ltr'><strong>alia</strong></span> <span class='ocrx_word' id='word_1_579' title='bbox 1005 4438 1113 4508; x_wconf 89' lang='lat' dir='ltr'><strong>omnia,</strong></span> <span class='ocrx_word' id='word_1_580' title='bbox 1129 4434 1285 4518; x_wconf 78' lang='lat' dir='ltr'><strong>etsingnlu</strong></span> <span class='ocrx_word' id='word_1_581' title='bbox 1302 4427 1439 4492; x_wconf 86' lang='lat' dir='ltr'><strong>beneficia</strong></span> <span class='ocrx_word' id='word_1_582' title='bbox 1454 4428 1481 4486; x_wconf 94' lang='lat' dir='ltr'><strong>in</strong></span> <span class='ocrx_word' id='word_1_583' title='bbox 1493 4426 1574 4486; x_wconf 91' lang='lat' dir='ltr'><strong>dictis</strong></span> <span class='ocrx_word' id='word_1_584' title='bbox 1589 4422 1719 4492; x_wconf 85' lang='lat' dir='ltr'><strong>basilicis,</strong></span> 
     </span>
     <span class='ocr_line' id='line_1_94' title="bbox 930 4524 1719 4612; baseline -0.027 -11"><span class='ocrx_word' id='word_1_585' title='bbox 930 4551 959 4601; x_wconf 91' lang='lat' dir='ltr'><strong>et</strong></span> <span class='ocrx_word' id='word_1_586' title='bbox 976 4537 1115 4608; x_wconf 88' lang='lat' dir='ltr'><strong>ecclesiis,</strong></span> <span class='ocrx_word' id='word_1_587' title='bbox 1128 4546 1157 4597; x_wconf 87' lang='lat' dir='ltr'><strong>et</strong></span> <span class='ocrx_word' id='word_1_588' title='bbox 1172 4536 1236 4595; x_wconf 90' lang='lat' dir='ltr'><strong>aliis</strong></span> <span class='ocrx_word' id='word_1_589' title='bbox 1251 4524 1481 4612; x_wconf 83' lang='lat' dir='ltr'><strong>qttibuscumque</strong></span> <span class='ocrx_word' id='word_1_590' title='bbox 1501 4527 1631 4587; x_wconf 87' lang='lat' dir='ltr'><strong>vacantia</strong></span> <span class='ocrx_word' id='word_1_591' title='bbox 1640 4568 1649 4598; x_wconf 95' lang='lat'><strong>,</strong></span> <span class='ocrx_word' id='word_1_592' title='bbox 1670 4542 1719 4584; x_wconf 86' lang='lat' dir='ltr'><strong>sen</strong></span> 
     </span>
     <span class='ocr_line' id='line_1_95' title="bbox 931 4631 1722 4717; baseline -0.024 -17"><span class='ocrx_word' id='word_1_593' title='bbox 931 4641 1062 4717; x_wconf 87' lang='lat' dir='ltr'><strong>deinceps</strong></span> <span class='ocrx_word' id='word_1_594' title='bbox 1088 4646 1244 4706; x_wconf 79' lang='lat' dir='ltr'><strong>vacatura,</strong></span> <span class='ocrx_word' id='word_1_595' title='bbox 1267 4651 1324 4694; x_wconf 92' lang='lat' dir='ltr'><strong>non</strong></span> <span class='ocrx_word' id='word_1_596' title='bbox 1351 4631 1509 4699; x_wconf 76' lang='lat' dir='ltr'><strong>conseram,</strong></span> <span class='ocrx_word' id='word_1_597' title='bbox 1525 4644 1616 4705; x_wconf 86' lang='lat' dir='ltr'><strong>aeque</strong></span> <span class='ocrx_word' id='word_1_598' title='bbox 1639 4641 1722 4684; x_wconf 86' lang='lat' dir='ltr'><strong>corn-</strong></span> 
     </span>
     <span class='ocr_line' id='line_1_96' title="bbox 932 4723 1724 4815; baseline -0.025 -12"><span class='ocrx_word' id='word_1_599' title='bbox 932 4739 1081 4810; x_wconf 89' lang='lat' dir='ltr'><strong>meadabo,</strong></span> <span class='ocrx_word' id='word_1_600' title='bbox 1099 4743 1190 4815; x_wconf 82' lang='lat' dir='ltr'><strong>ne&#39;que</strong></span> <span class='ocrx_word' id='word_1_601' title='bbox 1206 4735 1241 4796; x_wconf 91' lang='lat' dir='ltr'><strong>de</strong></span> <span class='ocrx_word' id='word_1_602' title='bbox 1260 4735 1325 4815; x_wconf 91' lang='lat' dir='ltr'><strong>ipsis</strong></span> <span class='ocrx_word' id='word_1_603' title='bbox 1344 4729 1543 4811; x_wconf 88' lang='lat' dir='ltr'><strong>aliquo-modo</strong></span> <span class='ocrx_word' id='word_1_604' title='bbox 1566 4723 1724 4807; x_wconf 72' lang='lat' dir='ltr'><strong>providebo</strong></span> 
     </span>
     <span class='ocr_line' id='line_1_97' title="bbox 933 4826 1724 4921; baseline -0.029 -17"><span class='ocrx_word' id='word_1_605' title='bbox 933 4845 995 4905; x_wconf 76' lang='lat' dir='ltr'><strong>taliis</strong></span> <span class='ocrx_word' id='word_1_606' title='bbox 1010 4858 1096 4921; x_wconf 76' lang='lat' dir='ltr'><strong>spatam</strong></span> <span class='ocrx_word' id='word_1_607' title='bbox 1113 4838 1225 4899; x_wconf 87' lang='lat' dir='ltr'><strong>civibus</strong></span> <span class='ocrx_word' id='word_1_608' title='bbox 1241 4834 1379 4905; x_wconf 88' lang='lat' dir='ltr'><strong>romanis,</strong></span> <span class='ocrx_word' id='word_1_609' title='bbox 1395 4833 1481 4894; x_wconf 87' lang='lat' dir='ltr'><strong>etiam</strong></span> <span class='ocrx_word' id='word_1_610' title='bbox 1496 4832 1519 4890; x_wconf 91' lang='lat' dir='ltr'><strong>si</strong></span> <span class='ocrx_word' id='word_1_611' title='bbox 1535 4826 1724 4895; x_wconf 88' lang='lat' dir='ltr'><strong>monasteria,</strong></span> 
     </span>
     <span class='ocr_line' id='line_1_98' title="bbox 931 4932 1725 5026; baseline -0.03 -19"><span class='ocrx_word' id='word_1_612' title='bbox 931 4947 1088 5026; x_wconf 88' lang='lat' dir='ltr'><strong>prioratus,</strong></span> <span class='ocrx_word' id='word_1_613' title='bbox 1104 4954 1132 5003; x_wconf 89' lang='lat' dir='ltr'><strong>et</strong></span> <span class='ocrx_word' id='word_1_614' title='bbox 1148 4939 1266 5018; x_wconf 84' lang='lat' dir='ltr'><strong>qtraeris</strong></span> <span class='ocrx_word' id='word_1_615' title='bbox 1279 4938 1335 4997; x_wconf 89' lang='lat' dir='ltr'><strong>alia</strong></span> <span class='ocrx_word' id='word_1_616' title='bbox 1349 4932 1495 5004; x_wconf 87' lang='lat' dir='ltr'><strong>beneficio,</strong></span> <span class='ocrx_word' id='word_1_617' title='bbox 1510 4943 1725 5009; x_wconf 86' lang='lat' dir='ltr'><strong>quorumcum-</strong></span> 
     </span>
     <span class='ocr_line' id='line_1_99' title="bbox 933 5032 1727 5126; baseline -0.023 -21"><span class='ocrx_word' id='word_1_618' title='bbox 933 5067 988 5126; x_wconf 83' lang='lat' dir='ltr'><strong>que</strong></span> <span class='ocrx_word' id='word_1_619' title='bbox 1004 5045 1139 5108; x_wconf 89' lang='lat' dir='ltr'><strong>ordinum</strong></span> <span class='ocrx_word' id='word_1_620' title='bbox 1160 5041 1307 5122; x_wconf 88' lang='lat' dir='ltr'><strong>regularia</strong></span> <span class='ocrx_word' id='word_1_621' title='bbox 1323 5040 1438 5109; x_wconf 87' lang='lat' dir='ltr'><strong>lorent;</strong></span> <span class='ocrx_word' id='word_1_622' title='bbox 1454 5047 1481 5096; x_wconf 90' lang='lat' dir='ltr'><strong>ct</strong></span> <span class='ocrx_word' id='word_1_623' title='bbox 1499 5034 1573 5093; x_wconf 83' lang='lat' dir='ltr'><strong>idern</strong></span> <span class='ocrx_word' id='word_1_624' title='bbox 1595 5032 1727 5090; x_wconf 78' lang='lat' dir='ltr'><strong>fracturos</strong></span> 
     </span>
     <span class='ocr_line' id='line_1_100' title="bbox 933 5133 1725 5220; baseline -0.023 -13"><span class='ocrx_word' id='word_1_625' title='bbox 933 5171 962 5210; x_wconf 88' lang='lat' dir='ltr'><strong>se</strong></span> <span class='ocrx_word' id='word_1_626' title='bbox 987 5148 1174 5216; x_wconf 86' lang='lat' dir='ltr'><strong>obtuleruut,</strong></span> <span class='ocrx_word' id='word_1_627' title='bbox 1188 5155 1216 5204; x_wconf 90' lang='lat' dir='ltr'><strong>ct</strong></span> <span class='ocrx_word' id='word_1_628' title='bbox 1239 5143 1406 5220; x_wconf 86' lang='lat' dir='ltr'><strong>obligarunt</strong></span> <span class='ocrx_word' id='word_1_629' title='bbox 1429 5137 1535 5199; x_wconf 81' lang='lat' dir='ltr'><strong>‹lotuini</strong></span> <span class='ocrx_word' id='word_1_630' title='bbox 1558 5133 1725 5196; x_wconf 80' lang='lat' dir='ltr'><strong>Cardinules</strong></span> 
     </span>
    </p>
   </div>
   <div class='ocr_carea' id='block_1_9' title="bbox 847 5235 1725 5326">
    <p class='ocr_par' dir='ltr' id='par_1_12' title="bbox 847 5235 1725 5326">
     <span class='ocr_line' id='line_1_101' title="bbox 847 5235 1725 5326; baseline -0.026 -13"><span class='ocrx_word' id='word_1_631' title='bbox 847 5285 860 5296; x_wconf 84' lang='lat'><strong>·</strong></span> <span class='ocrx_word' id='word_1_632' title='bbox 931 5251 965 5311; x_wconf 88' lang='lat' dir='ltr'><strong>de</strong></span> <span class='ocrx_word' id='word_1_633' title='bbox 983 5248 1126 5310; x_wconf 81' lang='lat' dir='ltr'><strong>bettebciis</strong></span> <span class='ocrx_word' id='word_1_634' title='bbox 1137 5247 1173 5306; x_wconf 89' lang='lat' dir='ltr'><strong>ad</strong></span> <span class='ocrx_word' id='word_1_635' title='bbox 1188 5250 1319 5326; x_wconf 89' lang='lat' dir='ltr'><strong>ipsoram</strong></span> <span class='ocrx_word' id='word_1_636' title='bbox 1333 5242 1514 5303; x_wconf 89' lang='lat' dir='ltr'><strong>collationem</strong></span> <span class='ocrx_word' id='word_1_637' title='bbox 1532 5235 1725 5318; x_wconf 80' lang='lat' dir='ltr'><strong>spectantibus</strong></span> 
     </span>
    </p>
   </div>
   <div class='ocr_carea' id='block_1_10' title="bbox 2 5357 603 5442">
    <p class='ocr_par' dir='ltr' id='par_1_13' title="bbox 2 5357 603 5442">
     <span class='ocr_line' id='line_1_102' title="bbox 2 5357 603 5442; baseline -0.04 -3"><span class='ocrx_word' id='word_1_638' title='bbox 2 5357 5 5391; x_wconf 71' lang='lat'><strong>·,</strong></span> <span class='ocrx_word' id='word_1_639' title='bbox 109 5388 141 5442; x_wconf 65' lang='lat' dir='ltr'><strong>(tx</strong></span> <span class='ocrx_word' id='word_1_640' title='bbox 158 5383 247 5433; x_wconf 80' lang='lat' dir='ltr'><strong>Codex</strong></span> <span class='ocrx_word' id='word_1_641' title='bbox 267 5378 336 5427; x_wconf 82' lang='lat' dir='ltr'><strong>aller</strong></span> <span class='ocrx_word' id='word_1_642' title='bbox 354 5374 432 5425; x_wconf 74' lang='lat' dir='ltr'><strong>beliat</strong></span> <span class='ocrx_word' id='word_1_643' title='bbox 448 5371 603 5423; x_wconf 79' lang='lat' dir='ltr'><strong>Curirtlium.</strong></span> 
     </span>
    </p>
   </div>
   <div class='ocr_carea' id='block_1_11' title="bbox 931 5341 1724 5418">
    <p class='ocr_par' dir='ltr' id='par_1_14' title="bbox 931 5341 1724 5418">
     <span class='ocr_line' id='line_1_103' title="bbox 931 5341 1724 5418; baseline -0.023 -8"><span class='ocrx_word' id='word_1_644' title='bbox 931 5352 1041 5412; x_wconf 82' lang='lat' dir='ltr'><strong>tatione</strong></span> <span class='ocrx_word' id='word_1_645' title='bbox 1068 5351 1231 5418; x_wconf 89' lang='lat' dir='ltr'><strong>titulorum,</strong></span> <span class='ocrx_word' id='word_1_646' title='bbox 1256 5358 1307 5408; x_wconf 89' lang='lat' dir='ltr'><strong>aut</strong></span> <span class='ocrx_word' id='word_1_647' title='bbox 1327 5341 1562 5406; x_wconf 85' lang='lat' dir='ltr'><strong>commendarunt</strong></span> <span class='ocrx_word' id='word_1_648' title='bbox 1585 5354 1724 5406; x_wconf 87' lang='lat' dir='ltr'><strong>snorum,</strong></span> 
     </span>
    </p>
   </div>
   <div class='ocr_carea' id='block_1_12' title="bbox 0 0 1910 6020">
    <p class='ocr_par' dir='ltr' id='par_1_15' title="bbox 0 0 1910 6020">
     <span class='ocr_line' id='line_1_104' title="bbox 0 0 1910 6020; baseline 0 0"><span class='ocrx_word' id='word_1_649' title='bbox 0 0 1910 6020; x_wconf 95' lang='lat' dir='ltr'><strong> </strong></span> 
     </span>
    </p>
   </div>
  </div>
 </body>
</html>
