3780 6030
75 275 83 354 t
443 267 729 334 rournrmros
752 265 982 332 rmocnnru
1005 267 1158 334 ocravr.

1581 269 1623 331 at

79 409 182 488 grisei,
202 419 232 471 et
251 407 289 468 ad
310 407 455 469 sinistram
475 407 567 487 nigri,
586 416 652 468 ante
665 416 767 486 pecten
833 424 892 484 qno
909 406 1001 478 laeto,
1022 420 1053 466 se
1074 405 1280 486 cooperientes,
1296 405 1422 468 medium
1440 405 1551 468 Ducem
1570 423 1622 467 re·

75 529 97 571 n
120 510 260 582 bordoni,
278 521 308 570 et
327 526 422 589 panno
443 509 535 570 rubeo
556 510 681 569 excisam
709 506 766 566 ho·

833 517 983 584 ceperunt,
1005 517 1032 566 et
1054 524 1145 584 usque
1166 505 1204 567 ad
1224 505 1370 567 Palatium
1395 507 1620 569 associaverunt.

94 621 211 670 restem
237 608 282 669 lix
295 607 402 671 »eodem
432 626 549 688 panno,
570 608 630 669 sine
650 606 767 680 lorma,
831 604 1071 686 archiepiscopus
1092 608 1405 678 verollenerentanus‚
1420 618 1450 668 et
1468 609 1621 687 episcopus

75 720 171 770 'estem
190 707 323 770 habebat.
344 709 422 770 lntcr
443 718 581 788 pou-tem,
601 718 630 767 et
651 716 765 785 portam

77 819 171 882 ctam,
193 819 328 888 receptus
356 808 411 868 init
438 807 505 869 Dux
526 826 543 867 a
563 806 678 867 familiis
699 804 763 867 itit.

75 908 266 981 ardiualium‚
277 920 307 969 et
316 905 492 970 Oratoribus
506 892 620 986 Regum
635 906 775 984 Angliae,

75 1011 143 1081 riae,
162 1007 356 1088 Neapolitani,
378 1008 558 1087 ilungarioe,
581 1003 716 1087 Scotiac,
737 1018 767 1068 et

75 1129 118 1180 ae,
137 1128 171 1171 ac
185 1109 311 1171 aliorum
333 1109 563 1189 Principatuum,
584 1108 634 1186 qui
653 1119 719 1172 lum
736 1107 765 1166 in

78 1222 175 1285 erant,
197 1213 454 1283 more'consuat03
477 1229 604 1288 quorum
626 1210 715 1287 aliqui
736 1211 766 1269 io

75 1355 83 1385 ,
109 1311 158 1371 elii
185 1312 354 1390 invulgati
381 1309 478 1371 italico
508 1328 575 1369 suas
608 1309 766 1370 oblationes

75 1421 120 1471 nt.
143 1408 273 1489 Singulis
293 1409 446 1490 respondit·
460 1409 526 1470 Dux
546 1411 575 1468 in
597 1409 694 1471 italico
715 1409 767 1470 his

96 1521 210 1587 tantum
230 1511 347 1573 dicens:
376 1510 464 1572 Gran
496 1514 596 1573 merce
626 1532 646 1572 n
667 1511 764 1574 lions.

75 1610 345 1674 lcoercndissimo.
361 1610 401 1675 Et
415 1612 607 1691 qnia.magna
622 1612 766 1673 contentio

75 1711 145 1773 inter
177 1711 431 1783 Hectordiensem,
463 1712 705 1785 Dnnclmenseta,
737 1724 767 1775 et

75 1829 187 1872 tensam
209 1813 357 1891 episcopos
371 1810 514 1873 Oratores
535 1813 579 1873 lll.
592 1813 682 1892 liegis
702 1816 765 1874 hn-

82 1931 118 1972 ax
149 1927 206 1972 una
220 1955 237 1984 ,.
250 1924 279 1974 ct
305 1912 566 1975 Prothonotarium
591 1914 626 1974 de
652 1913 765 1975 lledlna

75 2030 134 2072 rem
144 2010 766 2094 liegisllispanlarumsuperpraecedentia,

91 2110 127 2172 ll.
149 2112 298 2174 mandarit
316 2113 394 2191 quod
416 2113 499 2177 hodie
519 2134 574 2195 pro
602 2116 766 2195 receptione

77 2213 97 2272 ti
117 2213 225 2286 Ducis,
246 2215 541 2293 episcopi‘renirent‚
562 2227 591 2276 et
610 2234 666 2275 noa
688 2216 766 2277 Pro·

75 2315 160 2374 tarius
180 2313 346 2393 praedictus
360 2315 371 2373 :'
390 2314 419 2373 in
441 2316 567 2393 vesperis
589 2326 685 2376 autem
713 2335 765 2376 re-

75 2412 319 2486 Prothonotarius,
331 2431 388 2475 uon
400 2413 523 2493 episcopi
530 2435 540 2486 3
554 2414 598 2474 die
614 2416 767 2475 ascensio·

75 2513 176 2592 iscopi,
193 2531 249 2574 non
266 2512 525 2584 Prothonotarius3
539 2525 567 2574 et
582 2514 622 2573 sic
633 2512 767 2594 deinceps

75 2615 196 2686 eniente,
217 2614 291 2673 alius
313 2623 475 2675 remaneret
495 2623 577 2674 extra
597 2615 766 2693 cappellam.

81 2713 222 2792 pataron
243 2698 369 2792 cesant
392 2731 459 2775 eun
481 2714 546 2801 ants
562 2715 623 2774 sas
648 2716 769 2798 aliqu

75 2825 144 2874 itum
166 2813 279 2876 Ducem
299 2831 352 2874 suo
385 2818 467 2875 more
489 2827 682 2894 receperunt3
703 2826 769 2895 post

82 2914 188 2993 comes
215 2913 366 2975 Toudillae
391 2932 458 2974 cum
488 2913 713 2976 Prothonoterio
734 2914 769 2977 de

76 3034 92 3074 a
116 3015 275 3095 praedicto,
295 3033 393 3076 secum
410 3016 545 3077 habentes
558 3017 638 3076 ultra
651 3028 768 3077 centum

75 3115 229 3195 sbispanos
239 3125 378 3189 armatos,
389 3126 620 3195 supervenerunt
635 3136 690 3196 pro
700 3117 769 3178 dicti

92 3216 176 3294 regio
203 3215 316 3291 nombre
339 3219 515 3295 receptionc;
542 3231 615 3295 qnos
642 3217 769 3279 ridentes

75 3316 105 3376 ni
139 3315 264 3395 episcopi
295 3326 525 3377 retrocesserunt
555 3318 771 3397 proscendalo

75 3418 136 3491 do;
157 3419 212 3492 sic,
231 3417 332 3479 ordine
350 3417 434 3481 solito
454 3418 490 3478 ad
520 3430 636 3497 portam
662 3418 767 3498 Populi

75 3532 157 3580 ntum
177 3531 232 3594 cst,
251 3539 269 3579 a
290 3537 347 3598 qne
377 3538 433 3581 non
462 3521 545 3599 longe
572 3520 681 3580 familia
713 3519 768 3580 88.

75 3622 166 3684 ‚inter
178 3638 253 3697 quos
267 3632 351 3686 erant
369 3620 489 3700 praelati
509 3637 630 3692 xitius,
647 3619 768 3681 eundem

75 3740 90 3780 n
128 3719 287 3782 honorilice
318 3735 514 3806 receperunt,
539 3722 770 3783 vProthonotario

77 3823 203 3894 lenense,
224 3820 313 3892 Urbis
334 3823 547 3895 sums-miore,
568 3843 624 3903 pro
638 3821 771 3882 omnibus

75 3933 125 3983 ste.
148 3920 239 3982 Extra
258 3933 373 4001 portam
388 3935 471 3985 erant
492 3924 555 3984 ltu.
576 3925 638 3985 DD.
659 3925 692 3984 S.
709 3929 771 3984 hn-

75 4022 222 4101 reabytcr,
240 4034 270 4083 et
290 4024 428 4083 Ascanius
446 4023 607 4097 Dipoenus,
628 4023 772 4085 cardina·

75 4123 103 4184 ui
125 4123 240 4183 nomine
260 4123 375 4201 collegii
396 4122 505 4183 dictum
525 4124 635 4185 Ducem
653 4142 772 4203 recepe·

75 4223 128 4283 hoc
148 4221 258 4284 ordina.
279 4226 532 4304 llppropinqnante
560 4225 641 4286 Duce
653 4290 656 4295 ,
668 4224 705 4283 ad
729 4245 771 4299 se,

75 4335 178 4384 rerunt
188 4324 282 4403 pilea,
296 4325 455 4398 et.hireta;
477 4309 544 4384 Dux
557 4325 642 4385 etiam
662 4325 771 4404 pileum

75 4425 132 4497 uit,
157 4443 214 4484 non
234 4424 362 4485 biretum
384 4425 417 4485 de
439 4426 550 4487 relluto
572 4427 666 4505 nigro,
692 4426 770 4503 quod

75 4537 106 4585 ut
126 4527 158 4584 in
178 4527 282 4604 eapite,
300 4526 379 4603 quod
397 4544 464 4587 eum
479 4544 548 4587 cum
566 4544 707 4606 reponere
717 4523 772 4602 ju·

75 4648 92 4696 r,
114 4625 260 4704 respondit
282 4625 310 4684 id
330 4626 425 4687 lacere
447 4636 503 4687 uon
524 4646 629 4707 posse;
658 4647 692 4689 ex
710 4646 772 4706 quo

75 4726 149 4786 nales
169 4743 221 4786 sua
243 4725 342 4786 bireta
359 4746 500 4806 reponere
520 4729 597 4803 ieci3
620 4731 664 4790 sie
682 4732 771 4790 etiam

75 4826 177 4899 noles,
209 4826 309 4891 biretis
340 4832 494 4908 cooperti,
513 4828 624 4891 Ducem
650 4828 688 4888 ad
714 4831 773 4890 oris

75 4944 117 4986 sm
131 4937 322 5006 receperunt.
345 4927 437 5001 Tum,
453 4929 585 4990 omnibm
602 4931 698 4991 tribus
712 4931 773 4992 sine

74 5029 121 5091 llis
140 5028 294 5099 stantibus,
313 5027 351 5087 it.
371 5028 407 5088 D.
434 5028 643 5092 cardinalias.
668 5030 773 5108 Atrgeli

75 5131 141 5189 avit
162 5148 192 5189 se
221 5147 238 5187 a
259 5127 390 5208 collegio
411 5131 529 5190 missurn
550 5150 610 5192 esse
638 5148 692 5209 pru
723 5148 774 5189 re·

75 5240 199 5302 necte,
213 5229 310 5291 italico
328 5249 460 5305 sermorm
473 5232 601 5310 loquens.
619 5231 685 5291 Dux
702 5231 773 5291 bre·

75 5331 109 5392 ris
125 5331 222 5394 serbis
235 5328 335 5393 εοάοω
354 5349 486 5395 sermone
502 5333 568 5412 ipsis
583 5333 694 5412 gratias
703 5332 773 5412 egit;

833 705 1038 781 Cortonensis,
1049 709 1098 784 qui
1118 709 1255 768 continuo
1269 725 1360 785 name
1374 707 1411 769 ad
1432 717 1547 788 portam
1561 706 1623 765 Pa·
1640 780 1641 783 Ἴ

832 804 894 866 latii
914 807 1126 867 associaverant
1140 806 1250 869 Ducem
1264 818 1294 868 et
1309 806 1435 867 medium
1456 817 1621 881 tenuerant,

832 917 1071 979 retrocesserunt,
1087 916 1116 967 et
1130 906 1262 985 depositis
1277 906 1429 980 mantellis,
1441 916 1472 967 et
1485 906 1624 986 cappellis

833 1005 1022 1080 itinerulibus,
1040 1019 1216 1086 acceperunt
1228 1006 1359 1067 habitum
1377 1007 1578 1069 condecentem
1593 1015 1623 1066 et

833 1107 861 1167 in
881 1109 940 1167 suis
961 1107 1031 1168 loeis
1057 1107 1132 1169 inter
1152 1108 1224 1168 alios
1243 1107 1387 1187 praelatos
1407 1107 1512 1167 Palatii
1532 1107 1621 1184 eqni·

833 1217 942 1268 terunt.
965 1208 1101 1268 Venimus
1121 1217 1217 1268 antem
1236 1206 1275 1266 ad
1293 1206 1438 1268 Palatium
1461 1207 1624 1286 equitantes

833 1326 850 1367 a
872 1320 958 1388 porta
979 1306 1128 1386 usquead
1157 1307 1307 1368 ecclesiam
1332 1308 1366 1367 B.
1385 1307 1494 1369 blaciae
1516 1307 1546 1367 in
1568 1306 1622 1367 Via

832 1399 904 1469 Lata
926 1418 1007 1470 recta
1028 1406 1073 1471 vla
1097 1426 1149 1486 per
1169 1417 1286 1486 pontem
1303 1406 1335 1468 S.
1357 1408 1458 1488 angeli
1474 1406 1510 1467 ad
1531 1405 1633 1466 Pala·

832 1511 906 1569 tium
928 1509 984 1570 hoc
1004 1508 1121 1569 ordine:
1144 1509 1239 1587 prituo
1270 1507 1395 1568 familiae
1424 1505 1624 1569 cardinalium

832 1620 863 1670 et
875 1609 1051 1681 Curiatium,
1066 1619 1129 1668 tum
1143 1608 1251 1668 familia
1272 1608 1372 1681 Ducis,
1388 1618 1453 1688 post
1471 1608 1535 1668 illas
1549 1625 1621 1667 scu·

833 1709 908 1771 tileri
936 1705 1047 1789 Papae,
1075 1707 1176 1770 deinde
1202 1710 1303 1788 plnres
1323 1708 1432 1769 nobiles
1451 1707 1624 1787 hlsgoates,

833 1827 907 1887 quos
919 1808 984 1869 Dux
998 1807 1035 1869 de
1048 1809 1107 1870 suis
1122 1807 1255 1882 habebat,
1266 1808 1398 1871 videlicet
1409 1807 1545 1868 hibertus
1556 1807 1622 1868 ira·

833 1920 879 1970 ter
899 1910 989 1970 Ducis
1009 1909 1162 1981 naturalis,
1182 1907 1219 1967 D.
1241 1908 1387 1988 corrigit,
1406 1907 1443 1968 D.
1465 1907 1500 1968 de
1520 1906 1621 1988 Carpi,

834 2010 869 2070 D.
892 2008 1070 2089 Theophilus
1090 2009 1194 2074 Comes,
1208 2019 1292 2081 etc,
1312 2008 1414 2070 Cernes
1432 2009 1556 2070 loannes
1586 2007 1622 2071 de

833 2085 968 2186 Bujitno,
988 2120 1018 2171 et
1037 2110 1139 2188 plures
1166 2109 1238 2182 alii,
1261 2120 1290 2169 et
1320 2128 1388 2175 cum
1418 2109 1460 2170 cis
1478 2108 1623 2174 Oratores

833 2206 900 2271 laici
919 2209 1035 2287 Regum
1049 2249 1058 2281 ,
1070 2207 1301 2269 Prancesclrinus
1317 2207 1389 2289 cibo
1407 2225 1495 2290 nepos
1517 2210 1625 2290 Papae,

833 2331 869 2374 er
881 2312 973 2395 iratre
987 2309 1099 2372 seniore
1108 2307 1153 2391 (i)
1163 2310 1258 2390 Papae
1269 2320 1364 2384 natus,
1375 2309 1511 2385 Senator,
1520 2310 1625 2374 comas

835 2412 1006 2483 l'ondilloc‚
1027 2421 1056 2473 et
1076 2429 1175 2473 omues
1195 2410 1342 2489 Magnetes
1353 2432 1364 2483 3
1391 2412 1548 2473 servientes
1571 2429 1626 2471 ar·

835 2532 962 2588 morum,
984 2511 1150 2574 Cardinalcs
1165 2529 1233 2573 cum
1249 2510 1342 2584 Duce,
1357 2511 1542 2572 Gubernator
1557 2511 1621 2573 Ur-

834 2617 877 2684 bis
904 2634 973 2677 cum
1001 2614 1059 2676 alio
1080 2616 1210 2693 praelato
1235 2613 1360 2685 Palatii,
1388 2612 1623 2692 archiepiscopus

834 2719 1051 2780 Beneventanus
1071 2733 1139 2776 cum
1159 2715 1217 2776 alio
1233 2715 1361 2794 praelato
1380 2714 1493 2786 Palatii,
1512 2733 1529 2772 a
1548 2714 1621 2772 sini·

835 2825 902 2881 strls
935 2821 1041 2880 habens
1066 2797 1158 2878 unum
1184 2820 1347 2898 praelatum
1362 2815 1552 2879 Oratorem:
1580 2817 1623 2877 sic

836 2921 980 3001 deinceps,
1001 2931 1065 2999 post
1086 2920 1229 2999 praelatos
1250 2918 1412 2994 Oratores,
1440 2920 1494 2980 iter
1526 2919 1622 2981 conti·

837 3032 965 3082 nuarunt
980 3020 1107 3099 ,praelati
1126 3019 1230 3079 Palatii
1259 3019 1316 3077 bini
1337 3029 1366 3079 et
1386 3017 1457 3090 hini,
1478 3030 1541 3097 post
1559 3017 1624 3078 illos

835 3122 1063 3201 archiepiscopi,
1084 3120 1232 3200 episcopi,
1254 3119 1476 3197 prothonotarii,
1498 3119 1623 3179 libbaies

836 3222 1040 3293 Cubicularii,
1059 3234 1088 3282 et
1114 3220 1162 3281 alii
1192 3221 1282 3299 togati
1312 3218 1452 3281 Oratores
1485 3220 1574 3291 laici,
1594 3229 1624 3281 ct

837 3325 953 3398 clerici;
975 3322 1094 3400 praelati
1114 3321 1284 3399 equitarunt
1304 3332 1369 3382 ante
1389 3319 1568 3393 cardinales,
1589 3330 1623 3381 ut

836 3441 926 3504 supra
946 3422 1078 3482 diximus.
1096 3423 1160 3483 lloc
1182 3421 1282 3483 ordine
1303 3422 1487 3502 pervenimus
1507 3422 1544 3482 ad
1564 3421 1626 3481 Pa·

837 3524 940 3584 latium
960 3522 1103 3600 usquead
1121 3540 1242 3602 parram
1257 3523 1415 3603 cappellam
1426 3522 1510 3601 juxta
1525 3540 1628 3584 came·

838 3643 902 3685 ram
923 3625 1084 3704 paramenti
1115 3623 1166 3684 ubi
1194 3625 1416 3704 expectavimus.
1448 3625 1566 3686 lnterlm
1592 3623 1625 3684 S.

838 3726 873 3786 D.
897 3725 932 3787 lt.
951 3726 1002 3803 qui
1021 3726 1049 3784 in
1067 3725 1135 3784 aula
1157 3725 1303 3803 lngiorem
1319 3743 1410 3805 snpra
1430 3736 1545 3805 portam
1567 3723 1627 3783 Pa·

838 3827 900 3888 latii
920 3845 987 3887 cerm
1008 3823 1210 3886 cardinalibus
1228 3824 1340 3885 Ducem
1363 3824 1520 3885 venientem
1544 3822 1629 3884 ride·

838 3938 897 4000 rat,
919 3927 998 3987 renit
1018 3944 1070 4005 per
1099 3922 1219 3984 hortum
1240 3924 1276 3983 ad
1297 3942 1442 3985 cameram
1468 3927 1630 4004 paramenti

839 4045 907 4087 cum
921 4024 1134 4096 cardinalibus,
1149 4023 1197 4083 nbi
1217 4027 1328 4104 aceepit
1347 4025 1450 4085 stolam
1472 4024 1627 4104 pulchram

838 4146 927 4208 supra
957 4125 1135 4196 rochetum,
1156 4125 1255 4185 sedens
1271 4123 1301 4182 in
1322 4123 1387 4184 sede
1409 4141 1484 4196 sua,
1503 4135 1530 4185 et
1551 4122 1630 4186 cnr·

838 4228 947 4289 dinalcs
969 4246 1023 4306 per
1044 4227 1190 4286 circulum
1212 4241 1301 4303 snpra
1321 4222 1444 4285 scabella
1464 4242 1528 4297 sua,
1549 4241 1583 4285 ac
1602 4225 1626 4286 si

839 4320 1045 4390 consistorium
1077 4325 1266 4386 celebrarent.
1297 4325 1423 4385 Vocatus
1455 4336 1498 4387 cst
1529 4326 1630 4388 deinde

839 4431 916 4501 Dux,
938 4429 1001 4506 qni,
1022 4425 1258 4507 praecedentibus
1279 4425 1361 4485 nobis
1374 4436 1410 4486 ‘et
1429 4425 1548 4486 circiter
1562 4435 1630 4486 octo

840 4527 1015 4591 Oratoribus
1035 4526 1175 4606 legalibus
1197 4525 1286 4600 laicis,
1302 4537 1330 4587 et
1347 4526 1502 4587 cardinale
1519 4524 1552 4585 8.
1568 4526 1632 4585 lin·

839 4631 920 4711 geli,
951 4647 986 4689 ac
1017 4638 1153 4705 sequente
1183 4626 1275 4706 ipsum
1289 4626 1455 4687 cardinale
1481 4625 1630 4698 Ascanio,

840 4731 966 4800 tandem,
978 4730 1051 4789 ostio
1072 4728 1196 4800 secluso,
1213 4727 1289 4788 renit
1309 4726 1346 4787 ad
1368 4743 1514 4804 emmeram
1534 4725 1631 4804 Papa·

839 4831 921 4910 galli,
940 4829 1000 4902 uhi,
1021 4827 1103 4888 iactis
1122 4829 1215 4887 tribus
1235 4827 1264 4886 in
1283 4826 1376 4888 debita
1392 4824 1525 4886 distantia
1543 4842 1631 4886 reve·

840 4932 950 5002 renuis,
969 4928 1096 5008 deposito
1117 4927 1258 5008 cappello,
1276 4928 1370 4988 bireto
1387 4938 1482 4988 tamen
1503 4936 1631 4999 ruente,

840 5032 963 5094 accessit
981 5029 1017 5089 ed
1031 5026 1212 5097 Pontificem,
1230 5020 1316 5104 cnjus
1333 5027 1434 5106 pedem
1452 5025 1631 5106 genuflexus,

841 5132 942 5194 deinde
965 5148 1099 5202 suenum,
1130 5139 1192 5189 tum
1214 5147 1247 5188 os
1267 5127 1415 5189 osctrlatus
1440 5139 1504 5201 est,
1530 5126 1631 5190 deinde

841 5233 948 5294 iterum
970 5229 1135 5310 genuflexus
1166 5248 1195 5290 se
1227 5228 1373 5290 excnmrit
1401 5227 1479 5306 quod
1502 5209 1629 5289 biretum

841 5352 898 5396 non
920 5333 1096 5412 deponeret,
1118 5328 1185 5408 qnia
1207 5346 1263 5390 non
1293 5338 1409 5407 posset3
1440 5328 1519 5391 rolui
1544 5327 1631 5388 etiam
