3758 6030
66 271 176 360 (raas)

68 410 282 491 Trepergulam
302 418 332 472 et
352 407 535 472 Puaauolum
551 410 589 471 ad
602 410 769 485 sinistram,
790 429 858 472 eum

72 530 154 573 mare
176 511 212 572 sit
225 511 264 572 ad
278 511 446 587 dexteram,
462 523 504 574 est
519 512 609 575 Mons
623 513 809 585 Barbarus,
830 513 859 572 in

70 632 130 692 quo
147 612 289 674 maximus
304 613 456 675 thesaurus
474 613 582 674 dicitur
594 604 653 677 esse
664 613 859 688 absconditus,

67 716 254 795 supercujus
266 715 861 795 cacumiueabutraquaparteextantve-

67 815 155 897 stigio
165 815 314 896 ouJ'usdam
320 814 426 889 Casiri,
438 817 525 897 quod
538 815 668 897 quidum
683 815 856 876 Reaxxnn.

68 919 107 980 de
123 921 214 1003 cujas
230 918 374 981 obsessas
390 916 513 980 dicitur
528 917 723 980 descendisse
735 913 858 998 (ttiu-

67 1015 182 1080 deuudo
200 1016 349 1098 Neapolim
364 1018 398 1079 de
412 1017 563 1080 Puaauolo
578 1038 630 1098 per
650 1019 738 1079 aliam
757 1017 858 1090 viam,

68 1120 107 1180 ad
123 1120 181 1181 tria
195 1120 318 1181 miliaria
332 1118 510 1181 al’uzzuolo
525 1128 593 1180 sunt
607 1122 663 1181 alia
678 1119 779 1183 balnea
789 1117 858 1180 Bo·

66 1222 180 1305 paruuli
198 1231 383 1302 nuncupata,
405 1222 479 1284 inter
499 1231 630 1301 quaeest
649 1240 740 1282 unum
757 1238 858 1281 amoe-

68 1321 220 1383 nissimum
232 1341 321 1404 capax
336 1333 450 1384 tantum
461 1342 516 1405 pro
528 1335 656 1403 quatuor
667 1332 718 1384 aut
728 1341 776 1384 sex
787 1339 858 1401 per·

68 1426 155 1488 sonis.
167 1426 246 1486 luter
258 1427 318 1506 ipsa
328 1426 429 1488 balnea
450 1436 478 1487 et
498 1427 638 1499 insulam,
657 1425 789 1487 Procito
803 1441 858 1503 up·

68 1529 219 1609 pellatam,
234 1539 277 1590 est
292 1546 373 1590 mare
389 1528 474 1588 usius
489 1527 611 1589 miliaris
624 1529 748 1609 spatium
764 1543 858 1588 oceu-

67 1649 159 1711 paas:
178 1640 210 1691 et
230 1630 266 1691 in
280 1648 316 1691 eu
333 1628 457 1704 insula,
471 1629 579 1694 Nisito
599 1631 763 1712 appellato
785 1626 855 1712 (ils

69 1732 214 1795 ininsula
235 1742 332 1792 autem
355 1732 416 1811 ipsa
446 1733 482 1792 ad
504 1734 622 1795 modum
643 1733 746 1795 Nande
776 1733 856 1792 nulla

68 1833 172 1895 domus
198 1877 207 1907 ,
241 1850 326 1894 omrre
358 1832 517 1897 desolutum
546 1846 615 1910 est3
648 1845 744 1897 tumen
775 1851 857 1896 mons

67 1933 128 2015 ipse
147 1943 177 1996 at
196 1935 290 1995 insula
322 1952 378 2013 pro
399 1953 503 2015 magna
525 1935 571 1996 sui
601 1945 684 2016 parte
705 1954 857 2008 concaua,

68 2048 98 2098 et
117 2039 146 2097 in
165 2034 228 2115 ejus
256 2035 391 2097 cavernis
411 2037 572 2098 multitudo
601 2039 808 2099 cuniculorum
828 2047 857 2099 et

68 2148 217 2199 cattorum
233 2135 410 2197 silvestrium
427 2136 647 2217 repa-truatur·
665 2139 740 2198 riam
755 2136 860 2216 liujus-

74 2239 153 2299 modi
165 2280 176 2311 ,
208 2236 286 2299 eirea
308 2247 338 2298 et
359 2256 449 2318 prope
469 2237 642 2319 Neapolim,
663 2240 700 2299 ad
730 2240 859 2303 medium

69 2340 209 2413 miliare,
236 2338 407 2401 submonte
429 2341 554 2418 quodum
576 2342 716 2403 altissimo
736 2353 779 2404 est
812 2344 858 2404 aia

73 2441 193 2522 publica
214 2441 244 2500 in
263 2440 381 2502 modium
403 2441 550 2503 testudinis
577 2442 767 2506 artificialiter
788 2464 859 2506 aaa·

69 2559 155 2616 aava,
178 2540 340 2602 latitudinis
361 2542 488 2602 duarum
511 2562 680 2620 cannarum,
703 2548 748 2607 rel
770 2548 860 2621 eirea,

70 2642 230 2705 altitudinis
251 2662 368 2719 cannae,
392 2654 421 2706 et
443 2646 561 2721 mediae,
582 2648 627 2708 vel
644 2650 734 2720 eirca,
748 2661 777 2709 et
791 2650 859 2708 lon·

68 2746 221 2827 gitudinls‚
237 2750 319 2827 quasi
334 2747 423 2809 medii
436 2748 558 2810 mlliuris
569 2746 626 2834 (3),
637 2750 717 2812 circu
733 2749 859 2811 medium

69 2845 177 2908 babens
198 2846 377 2910 crucifixum
400 2849 461 2929 ipso
483 2852 573 2911 monti
599 2852 721 2912 incisum
742 2850 779 2910 ab
801 2868 859 2911 uno

71 2948 178 3022 latere,
200 2949 236 3008 ub
257 2950 316 3010 ulio
338 2968 410 3012 vero
432 2951 587 3031 imaginem
601 2951 702 3012 beatae
717 2950 857 3030 Virginis.

76 3048 144 3111 Siue
164 3070 181 3110 a
202 3049 330 3132 Neapoli,
351 3052 412 3113 sive
432 3055 613 3115 econtrario
635 3055 760 3129 veniant,
780 3072 858 3116 sem·

71 3169 123 3230 per
144 3161 326 3213 transeuntes
346 3163 472 3233 pergunt
491 3153 528 3213 ad
547 3154 692 3215 sinistram
708 3156 788 3216 muri
799 3199 809 3228 ,
830 3166 859 3216 et

70 3253 110 3312 ita
125 3254 277 3327 incedunt,
293 3270 359 3315 nee
380 3255 529 3317 contrario
550 3256 729 3317 venientibus
750 3277 780 3319 se
801 3275 858 3337 op-

73 3365 198 3434 ponant,
220 3356 288 3434 quia
307 3354 526 3417 obscurissimus
544 3368 587 3418 est
608 3359 749 3419 transitus
765 3375 857 3436 usque

69 3474 160 3536 prope
186 3457 305 3517 exitum.
337 3457 447 3519 Eodem
479 3477 545 3520 sero
577 3458 725 3542 Neapolim
757 3479 859 3522 surmus

70 3557 203 3631 reversi3
225 3557 268 3618 lui
287 3558 373 3620 etiam
395 3559 424 3618 iu
446 3559 493 3619 his
507 3560 608 3622 dlebus
623 3561 783 3642 inal‘oggio
797 3561 859 3625 Rc·

72 3658 153 3737 gali,
186 3658 263 3735 quod
284 3670 327 3719 est
347 3659 582 3739 pulcherrimum
604 3664 744 3743 palatium
777 3673 858 3725 extra

71 3757 245 3839 Neapolim,
259 3761 295 3820 ad
312 3760 370 3822 duo
385 3763 519 3837 miliaria,
535 3763 723 3841 quadratum,
738 3764 768 3825 in
783 3783 859 3844 qua·

70 3869 141 3941 tuor
163 3863 277 3942 angulis
303 3874 430 3941 quatuor
459 3865 616 3943 quadratas
636 3877 734 3929 turres
753 3866 860 3928 babens

113 4099 149 4155 tt)
167 4094 238 4147 llaec
260 4096 342 4146 verba
358 4097 397 4147 sic
414 4096 440 4146 in
457 4099 547 4149 codice
565 4101 677 4163 scripta,
694 4101 861 4165 iuasplicabi·

70 4173 104 4223 lia
121 4175 185 4224 mibi
202 4179 272 4225 sunt.
290 4175 326 4226 lie
341 4176 489 4244 Brequigny
506 4193 537 4229 ea
555 4181 711 4243 suppressit.

112 4256 148 4316 ta)
163 4254 210 4305 llio
226 4255 342 4306 tortasse
359 4257 386 4306 iu
402 4257 494 4309 codice
510 4264 602 4311 nostro
614 4261 741 4324 quaedam
753 4261 861 4312 deside·

72 4338 188 4393 rantur;
207 4347 267 4384 uam
284 4339 392 4398 praeter
412 4347 444 4386 ea
464 4351 533 4402 quae
554 4343 736 4404 supplevimus
759 4343 859 4402 (literis

72 4415 181 4464 eorsiois
198 4415 354 4479 inscripta),
371 4417 409 4467 sic
425 4421 451 4466 in
469 4419 582 4471 traduat.
602 4421 636 4471 de
657 4421 804 4486 brequigny
822 4424 860 4473 le·

72 4495 150 4556 gitur.
170 4515 180 4537 ·
199 4494 232 4544 ta
248 4508 278 4545 se
295 4501 389 4546 trouva
407 4496 455 4549 l'lle
471 4499 572 4560 Nisito,
589 4513 622 4551 ou
639 4506 681 4552 est
698 4516 731 4553 un
749 4503 859 4553 cbateau

75 4569 215 4621 tres-torte
233 4574 260 4620 et
275 4584 327 4622 uua
339 4576 492 4636 montagnes
505 4577 521 4624 il
534 4578 578 4640 n'y
591 4590 605 4626 a
618 4589 733 4628 aucunes
746 4584 860 4630 maisons

70 4648 137 4699 daus
153 4654 223 4701 cette
240 4652 337 4713 pertice
354 4665 388 4702 ou
404 4656 459 4704 voit
475 4656 622 4708 seulement
642 4671 690 4709 sur
707 4659 731 4711 le
747 4665 859 4710 sommet

73 4727 107 4778 du
124 4730 148 4778 la
165 4734 303 4793 montague
321 4735 360 4782 les
384 4733 476 4784 debris
493 4736 556 4785 d’un
573 4739 664 4788 ancien
681 4738 793 4790 chateau
808 4741 862 4789 rui·

69 4808 117 4858 ner
136 4806 153 4858 il
164 4823 182 4873 y
195 4823 210 4858 a
223 4813 293 4860 aussi
305 4811 353 4863 das
366 4814 455 4865 debris
468 4815 500 4866 de
513 4818 640 4880 quelques
657 4818 777 4880 edificas,
794 4824 860 4871 mais

73 4899 108 4937 on
125 4889 170 4953 u’y
186 4902 218 4941 eu
231 4896 295 4954 peut
305 4895 454 4945 construire
471 4909 564 4947 aucun.
583 4898 658 4949 cette
669 4897 703 4949 lla
716 4904 757 4950 est
768 4914 782 4951 a
794 4904 859 4952 trois

71 4968 159 5019 miltes
170 4970 203 5020 de
214 4969 324 5022 Pouzaol
335 4985 384 5036 par
396 4987 453 5026 mar
463 4976 505 5039 (tls
521 4977 585 5039 illa,
601 4991 634 5030 en
651 4992 680 5030 sa
690 4981 750 5044 plus
761 4983 859 5044 grande

70 5051 173 5110 partia,
190 5055 217 5100 et
233 5052 258 5102 la
275 5056 414 5117 montague
431 5056 526 5119 qu'alie
543 5059 688 5119 renlerma,
705 5065 765 5111 sont
781 5073 861 5112 creu-

71 5140 130 5188 ses,
148 5134 175 5182 et
192 5130 249 5182 leur
265 5135 364 5185 cavitas
381 5143 489 5189 servant
500 5139 533 5189 de
545 5142 656 5191 retraite
672 5139 687 5191 a
702 5153 754 5192 una
771 5142 861 5192 molti-

71 5210 135 5260 tude
152 5210 185 5261 de
201 5212 286 5276 lapins
303 5219 330 5266 et
346 5215 379 5265 de
395 5215 470 5268 chais
488 5231 617 5283 sauvages
637 5241 657 5270 ιε

112 5297 149 5353 (a)
167 5293 232 5345 itata
260 5296 294 5346 de
318 5295 466 5363 brequigny
491 5301 598 5365 scripsit
616 5321 626 5346 a
645 5313 708 5365 pres
730 5302 764 5355 da
787 5301 858 5355 deux

70 5374 141 5426 mitta
158 5387 204 5438 pas
220 5375 255 5428 da
270 5377 398 5442 laugueur
416 5399 437 5426 ι.

544 268 828 337 aaartmctrus
848 271 1074 336 mansuum
1091 271 1217 336 saxia

1648 272 1712 337 ata

931 415 1041 485 altum,
1062 410 1099 471 ad
1120 410 1179 472 duo
1200 410 1305 472 solaria
1327 416 1418 492 supra
1439 421 1561 484 terram,
1581 409 1619 470 ab
1640 412 1717 471 intus

927 516 1040 576 circum
1062 512 1140 573 circa
1161 510 1389 587 testudinatum,
1409 511 1444 572 ad
1460 510 1716 586 deambulandum,

927 615 956 675 in
990 614 1084 677 medio
1118 613 1224 674 babens
1250 614 1372 688 locum,
1403 612 1440 673 ud
1461 633 1548 692 quem
1578 632 1631 695 per
1649 622 1717 675 octo

927 717 974 777 val
1003 715 1101 777 decem
1130 714 1241 794 gradus
1274 714 1470 788 descenditur,
1492 719 1542 794 qui
1562 715 1716 794 quemdam

931 816 1110 879 conductum
1125 815 1212 877 babet
1225 815 1452 896 amplissimum,
1471 835 1523 896 per
1543 834 1641 895 quem,
1658 836 1715 879 vo·

927 920 1001 981 lente
1022 917 1127 998 Rege,
1147 919 1228 978 locus
1255 917 1314 997 ipse
1341 919 1422 996 quasi
1442 916 1472 977 in
1495 935 1552 978 uno
1570 927 1716 980 momento

926 1026 1001 1100 aqua
1021 1020 1162 1100 repletur.
1183 1019 1264 1081 Solet
1280 1063 1398 1080 .....
1416 1021 1491 1082 euim
1506 1019 1568 1081 Rex
1582 1019 1711 1098 aliquem
1737 1082 1740 1088 ,

926 1123 1029 1185 ibidem
1044 1140 1170 1183 mensam
1185 1123 1283 1202 parari
1298 1120 1391 1183 lacere
1407 1141 1461 1202 pro
1476 1123 1559 1195 loco,
1570 1131 1599 1183 et
1613 1139 1716 1183 conse-

925 1224 1057 1287 dentibus
1067 1224 1193 1285 invitatis
1205 1233 1233 1286 et
1244 1223 1476 1297 concedentibus,
1487 1239 1593 1301 aquarn
1603 1221 1712 1282 admit·

926 1336 1008 1400 tere,
1034 1345 1068 1387 ex
1100 1343 1157 1404 qua
1186 1325 1327 1386 maduunt
1348 1343 1445 1387 omnes
1464 1334 1619 1403 antequam
1639 1342 1711 1403 pos-

924 1428 980 1489 sint
1001 1427 1151 1506 aufugere.
1183 1424 1235 1501 Est
1253 1436 1282 1486 et
1304 1426 1334 1485 in
1355 1437 1440 1507 porta
1462 1443 1615 1506 capuana,
1635 1423 1714 1505 apud

925 1548 1026 1590 muros
1057 1530 1192 1606 antiquos
1213 1525 1439 1608 Neapolitanos,
1465 1526 1626 1600 Castrum,
1645 1544 1713 1587 cum

924 1632 1132 1714 pulcherrimis
1153 1629 1267 1703 hortis,
1288 1638 1317 1690 et
1349 1627 1544 1689 mansionibus
1564 1646 1617 1708 per
1649 1645 1715 1688 mo-

924 1734 1047 1795 dernum
1064 1732 1184 1812 Regem,
1201 1749 1270 1793 cum
1287 1732 1354 1792 Dua
1369 1730 1520 1794 Calabriae
1535 1742 1619 1804 esset,
1633 1728 1713 1791 aedi-

924 1835 1066 1908 ficatum,
1087 1830 1175 1911 cujus
1197 1833 1421 1916 designationem
1446 1850 1572 1895 narrare
1592 1830 1712 1892 nimium

924 1948 1019 2012 esset3
1042 1936 1091 1999 sad
1114 1956 1183 1997 rere
1204 1935 1423 1997 amoenissimus
1438 1944 1482 1996 est
1500 1934 1594 2007 locus,
1608 1941 1637 1993 et
1658 1949 1713 1992 or·

925 2040 1073 2101 notissime
1093 2047 1285 2099 constructus.
1312 2036 1395 2116 Pogil
1417 2034 1534 2116 Regalis
1555 2033 1713 2113 designatio

925 2151 967 2201 cst
988 2138 1154 2219 hujusmodi
1174 2137 1230 2220 (i).

967 2241 1054 2303 Faria
1086 2252 1202 2319 quarta,
1224 2250 1313 2300 xrtrr.
1333 2237 1412 2311 maii,
1431 2234 1639 2299 serenissimus
1659 2232 1713 2292 Al·

926 2344 1053 2424 plmnsus
1085 2342 1148 2404 Rex
1180 2340 1296 2402 Siciliae
1326 2350 1382 2400 ete.
1415 2337 1496 2398 misit
1526 2334 1563 2395 ad
1593 2334 1713 2395 domurn

926 2445 1046 2527 hospitii
1069 2445 1125 2506 mei
1146 2461 1234 2505 unam
1257 2442 1367 2502 mulam
1389 2456 1457 2500 cum
1478 2438 1570 2510 sella,
1590 2437 1691 2497 lroeno
1703 2478 1713 2508 ,

900 2570 902 2573 ·
926 2558 955 2608 et
971 2547 1035 2607 aliis
1049 2547 1239 2618 lurnimentis,
1253 2553 1380 2624 quatuor
1396 2557 1540 2601 annorum
1561 2538 1606 2599 vel
1621 2536 1712 2608 circa,

926 2648 1116 2722 ldrontlnam,
1135 2665 1170 2708 aa
1192 2661 1308 2709 centum
1330 2643 1451 2705 ducatos
1466 2642 1494 2702 iu
1510 2659 1584 2701 auro
1598 2640 1714 2718 largos,

926 2770 1000 2831 quos
1021 2749 1092 2811 mibi
1124 2768 1180 2831 pro
1211 2746 1361 2809 laboribus
1392 2745 1421 2805 in
1443 2761 1496 2804 sua
1528 2737 1714 2803 coronatione

926 2853 1029 2915 habitis
1049 2852 1209 2913 liberaliter
1231 2849 1333 2910 donari
1356 2848 1434 2909 lecit.

966 2955 1051 3016 Faria
1072 2953 1181 3032 quinta,
1202 2969 1255 3014 xv.
1277 2948 1358 3021 maii,
1380 2948 1452 3009 Res.
1469 2954 1552 3026 pater
1573 2943 1610 3003 D.
1638 2939 1714 3020 Epi·

925 3075 1029 3136 scopus
1044 3052 1234 3118 Nieastrensis
1251 3049 1408 3113 celebravit
1424 3047 1539 3108 Missam
1558 3044 1713 3105 solensuem

925 3152 1143 3238 pontificalem,
1164 3155 1212 3214 eui
1238 3150 1447 3212 Serenissimus
1476 3147 1641 3228 Alpbonsus
1662 3142 1714 3204 st·

925 3260 1009 3321 ciliae
1030 3258 1092 3318 Rex
1123 3253 1274 3316 interluit:
1296 3249 1375 3312 linita
1393 3251 1479 3312 Missa
1508 3246 1628 3310 accessit
1648 3256 1714 3307 ante

925 3363 1018 3422 altare
1040 3359 1187 3440 cappellae
1219 3360 1249 3415 ln
1280 3353 1383 3415 Castro
1414 3351 1519 3427 Novo,
1552 3351 1602 3410 ubi
1629 3348 1715 3409 ldissa

926 3458 1094 3538 hujusmodi
1126 3457 1269 3519 celebrata
1291 3456 1406 3529 luerat,
1437 3453 1602 3534 praedictus
1631 3448 1715 3523 Rex,

925 3562 996 3635 ubi,
1019 3581 1054 3624 eo
1078 3559 1195 3621 insede
1216 3557 1352 3632 sedente,
1374 3555 1451 3618 venit
1472 3572 1573 3617 coram
1594 3570 1629 3614 eo
1649 3549 1716 3611 Na·

926 3663 1049 3747 gnillcus
1069 3661 1210 3724 Dominus
1231 3659 1351 3722 Gentilis
1373 3657 1523 3738 Virginius
1544 3655 1579 3718 de
1599 3656 1718 3734 Arago-

926 3768 987 3842 nia,
1003 3776 1100 3827 manto
1119 3767 1206 3845 longo
1228 3779 1349 3824 rosaceo
1371 3760 1462 3841 perlis
1483 3759 1601 3820 suffulto
1623 3775 1717 3836 usque

926 3870 963 3930 ad
986 3881 1097 3931 terram
1122 3865 1261 3937 indutus,
1283 3862 1370 3940 cujus
1391 3880 1460 3942 pars
1482 3860 1518 3920 ad
1539 3860 1669 3920 dextram
1698 3877 1715 3919 a

928 3969 1052 4031 brachio
1072 3969 1148 4030 inira
1168 3985 1262 4045 usque
1282 3964 1318 4025 ad
1341 3973 1451 4025 terram
1477 3971 1611 4042 apertum
1629 3970 1694 4022 erat
1705 4005 1716 4036 ,

927 4073 1044 4132 sinistra
1067 4087 1138 4131 vero
1158 4086 1227 4148 pars
1247 4067 1353 4146 plicata
1367 4077 1430 4126 erat
1453 4082 1543 4144 supra
1563 4062 1716 4124 brachium

927 4175 1101 4245 sinistrum,
1133 4188 1220 4251 super
1258 4167 1411 4229 brachium
1441 4166 1576 4229 dextrum
1608 4164 1717 4225 balteus

927 4274 1045 4336 beccam
1066 4272 1127 4334 siaa
1161 4270 1322 4350 lioipiplum
1344 4268 1449 4331 eisdem
1481 4268 1581 4348 pannls
1604 4264 1716 4326 subdu·

928 4386 1008 4435 ctum
1019 4417 1028 4447 ,
1047 4383 1077 4433 ct
1098 4373 1126 4432 in
1149 4373 1242 4451 eapite
1262 4371 1388 4432 biretum
1407 4384 1560 4431 rosaceum
1591 4385 1716 4448 parvum

927 4459 1013 4535 etiam
1035 4475 1124 4554 perlis
1154 4471 1305 4533 sullultum
1318 4515 1327 4544 ,
1349 4472 1397 4532 eui
1433 4472 1491 4550 ipse
1513 4471 1575 4531 Rex
1598 4468 1718 4531 donarit

927 4575 1113 4639 standardum
1145 4592 1238 4635 unum
1270 4590 1408 4653 magnum
1430 4591 1583 4635 armorum
1605 4571 1717 4651 Regis,

926 4689 956 4741 et
975 4677 1151 4742 Ursinorum
1174 4696 1192 4738 a
1214 4679 1312 4756 quarti
1334 4690 1401 4750 tre,
1420 4688 1450 4737 et
1469 4676 1609 4737 baculum
1625 4691 1716 4734 unum

927 4792 1114 4860 argenteum,
1134 4780 1194 4842 sive
1215 4781 1359 4841 maasiam
1380 4778 1409 4839 in
1432 4797 1551 4840 monum
1572 4778 1716 4851 dextram,

927 4883 1048 4964 insignia
1070 4881 1196 4944 Grandis
1215 4882 1456 4945 Contestabilatus
1477 4882 1571 4962 Regni
1594 4879 1714 4943 Siciliae

926 4985 1012 5046 officii
1033 4984 1146 5066 pridem
1166 4985 1219 5045 sibi
1243 4985 1320 5058 dati,
1343 5003 1411 5046 eum
1433 5003 1505 5064 qua,
1527 4982 1716 5064 praecedente

930 5086 1083 5150 stendardo
1103 5104 1121 5146 a
1143 5086 1268 5166 quodam
1299 5085 1402 5149 Nobile
1422 5098 1561 5170 portato,
1583 5086 1657 5147 idem
1679 5086 1717 5147 D.

967 5305 1003 5366 (l)
1016 5303 1071 5355 lloc
1083 5305 1157 5360 loco,
1175 5303 1276 5368 absque
1297 5304 1395 5366 dubio,
1419 5306 1445 5357 in
1466 5307 1512 5359 lla.
1530 5307 1621 5370 origin.
1644 5305 1716 5368 Pupia·

926 5381 1024 5447 lispotis
1040 5383 1183 5436 delineatio
1199 5382 1303 5448 adjecta
1320 5388 1387 5436 arat.
