3764 6036
184 274 244 334 t08
651 272 933 338 continuatus
953 276 1175 341 tunucunutt
1197 279 1350 343 ocunvt.

179 418 290 472 astante
304 419 332 468 ct
352 407 477 480 vidente,
491 409 547 466 luit
565 419 593 468 et
608 408 709 470 exinde
723 429 775 488 per
791 409 972 489 Darigellum
1004 444 1007 466 .

180 507 216 565 ad
236 507 342 567 turrim
365 506 483 569 Soldaui
503 507 651 567 reductus.
667 508 703 568 tt.
727 509 762 570 D.
786 509 973 571 vicecancel-

181 608 272 666 larius
292 606 493 687 obtinuitbpro
512 627 547 668 ιο
565 627 582 666 ιι
603 608 658 667 SS.
681 609 716 668 D.
736 607 770 668 N.
792 610 919 687 gratiam
936 608 972 668 de

180 712 249 768 vila.

220 809 305 868 Feria
325 808 448 883 quinta,
470 821 526 865 xx.
548 807 724 879 novembris,
746 807 782 866 D.
811 806 973 866 carucatis

179 908 319 967 Ascanius
336 907 404 966 iecit
425 906 577 984 prandium
600 924 667 966 cum
688 905 742 966 SS.
766 906 802 965 D.
834 905 868 966 N.
875 928 886 979 3
909 919 972 986 post

178 1005 333 1086 prandium
356 1006 449 1064 venati
465 1017 532 1065 sunt
552 1008 581 1063 in
605 1006 697 1078 vinea,
717 1017 746 1066 et
766 1007 795 1065 in
816 1018 900 1067 nocte
922 1025 971 1066 se-

180 1108 279 1183 quenti
300 1105 444 1164 Sanctitas
466 1103 526 1163 Sua
559 1106 587 1164 iu
620 1123 742 1182 gravem
776 1103 971 1166 infirmitatem

180 1206 289 1277 incidit,
321 1222 355 1265 ex
384 1223 441 1281 qua
474 1205 571 1264 deinde
593 1205 629 1264 de
648 1205 710 1283 ejus
734 1207 816 1265 obitu
839 1205 972 1286 pluribus

179 1307 305 1385 suspicio
320 1308 405 1364 vertit.
425 1304 458 1363 ln
479 1316 563 1364 nocte
585 1304 735 1382 sequenti,
757 1305 803 1367 die
820 1302 899 1380 jovis
919 1303 970 1365 io.

180 1406 360 1477 novembris,
382 1408 450 1463 ιιιιι
472 1423 575 1464 rumor
598 1404 632 1465 de
654 1404 748 1484 Papae
769 1404 850 1465 obitu
872 1414 969 1473 essct,

180 1507 216 1567 il.
238 1507 274 1565 D.
295 1505 456 1565 Cardinulis
474 1503 669 1575 Camerarius,
690 1515 720 1565 et
738 1505 772 1564 de
795 1502 916 1575 Ursinis,
939 1512 971 1561 ιιι

181 1617 281 1686 postea
302 1605 412 1664 dictum
439 1616 504 1677 est,
534 1604 563 1661 in
590 1603 722 1664 domibus
747 1605 806 1663 suis
833 1603 971 1662 familiam

182 1717 272 1767 totam
294 1704 371 1764 illico
398 1715 603 1776 armaverunt,
628 1702 823 1781 providendo,
843 1703 868 1761 si
887 1720 971 1761 casus

185 1809 336 1877 evenisset,
356 1805 442 1864 rebus
461 1803 630 1882 opportunis
644 1826 654 1877 3
671 1804 869 1883 pastinacam
890 1811 972 1861 nocte

181 1909 236 1967 diei
258 1905 369 1968 veneris
390 1903 441 1963 ιιι.
463 1903 646 1978 novembris,
668 1902 731 1962 llil.
751 1902 813 1962 DD.
837 1902 868 1961 S.
892 1900 970 1961 Petri

180 2009 218 2066 ad
234 2007 365 2077 Vincula,
386 2003 421 2064 de
436 2002 569 2078 Sabellis,
587 2014 616 2063 et
631 2004 772 2063 Ascanius
793 2002 972 2074 Cardiuulet,

182 2111 261 2169 cirea
291 2107 417 2166 medium
446 2107 548 2177 noctis,
570 2116 768 2166 convenerunt
790 2123 858 2164 cum
879 2103 915 2162 D.
937 2103 971 2164 de

182 2210 324 2271 (ὶοιιιιιιι
344 2205 496 2267 Cardiuale
520 2209 547 2265 in
570 2205 656 2265 donau
676 2223 744 2278 sua,
766 2212 887 2283 propter
915 2220 971 2261 ru·

184 2329 307 2383 morem,
328 2310 377 2386 qui
399 2307 434 2367 de
457 2305 603 2367 Pontificis
625 2306 755 2384 periculo
784 2312 859 2373 erat,
880 2312 972 2380 prout

182 2423 296 2492 postera
314 2412 358 2471 die
379 2409 494 2489 publice
514 2426 566 2487 per
582 2407 700 2468 urbem
720 2404 881 2475 dicebatur,
908 2413 972 2461 ua·

130 2502 137 2517 ’
183 2525 293 2574 clantes
311 2523 366 2572 etc.
387 2510 442 2592 (l).
961 2550 965 2555 -

224 2613 309 2672 Faria
337 2610 461 2671 secunda
475 2638 498 2681 ,·
516 2608 567 2666 ii.
590 2605 765 2678 novembris,
788 2603 843 2664 SS.
870 2603 907 2663 D.
936 2601 969 2662 ιι.

183 2712 326 2773 commisit
347 2710 382 2769 it.
406 2707 438 2768 Ρ.
457 2709 493 2769 D.
515 2706 653 2767 Ardicinu
674 2706 810 2786 episcopo
830 2705 970 2771 Aleriensi

183 2810 377 2876 referendario
406 2826 459 2868 suo
485 2818 608 2880 secreto,
634 2815 666 2866 ut
695 2806 916 2876 commissiones,
942 2817 972 2865 ct

180 2915 400 2994 supplicationes
419 2911 618 2991 proponendas
638 2912 782 2988 signaret,
807 2906 971 2968 infirmitate

183 3014 350 3076 Sanctitatis
363 3015 441 3073 Suae
456 3016 589 3084 durante,
600 3023 629 3072 et
644 3010 744 3071 eadem
759 3011 804 3071 die
818 3009 893 3070 idem
908 3010 972 3088 epi·

182 3135 289 3197 scopus
308 3116 414 3193 incepit
434 3116 551 3192 signare
572 3131 646 3189 quae
668 3113 721 3173 sibi
741 3111 901 3191 placebant.

224 3217 384 3289 Dominica,
396 3215 542 3292 trigesima
562 3224 592 3274 ιι
610 3215 713 3274 ultima
728 3215 831 3279 mensis
850 3228 973 3271 novem·

183 3319 254 3390 bris,
268 3319 296 3377 in
312 3335 406 3386 mane,
420 3314 643 3374 Francisebinus
653 3314 725 3376 Cibo
740 3310 973 3385 sentcntiae,

184 3418 330 3477 mandavit
351 3415 517 3478 custodibus
535 3415 571 3474 ud
596 3416 702 3475 ostium
728 3416 830 3476 secreti
851 3413 972 3487 hortus,

184 3521 262 3598 quod
274 3520 404 3598 deinceps
418 3519 582 3578 nullatenus
601 3518 824 3578 intromitterent
837 3516 873 3575 it.
889 3515 920 3574 P.
936 3515 971 3574 D.

184 3620 218 3679 b.
234 3621 399 3698 episcopum
418 3619 667 3696 Caputaquensem
687 3619 829 3679 medicum
857 3620 970 3696 Papae,

183 3722 231 3780 cni
247 3720 397 3781 tatianam
412 3718 466 3777 sub
482 3719 567 3797 gravi
583 3739 672 3798 poena
684 3721 850 3781 mandatum
865 3738 899 3779 ne
915 3718 973 3777 Pa·

131 3841 135 3848 ·
185 3823 288 3882 latium
304 3819 484 3899 praedictum
499 3822 589 3880 exiret
599 3822 658 3880 sine
671 3820 786 3900 speciali
799 3829 828 3880 ιι
842 3838 973 3898 expressa

185 3922 299 3982 licentia
312 3921 367 3981 SS.
384 3920 420 3980 D.
442 3919 476 3980 N.
503 3921 613 4001 Papae,
634 3921 774 4000 quaesibi
791 3919 972 4001 postmodum

183 4024 285 4103 elapsis
300 4033 425 4101 quatuor
440 4042 490 4083 sen
508 4026 636 4101 quinque
649 4024 750 4084 dicbus
768 4023 833 4082 data
848 4022 903 4082 luit
917 4019 972 4105 (i).

223 4241 260 4295 (t)
276 4235 332 4287 Vid.
348 4238 467 4301 append.

224 4313 261 4374 (2)
278 4314 315 4365 De
326 4316 375 4366 boc
386 4320 511 4380 episcopo
524 4325 549 4368 ιι
559 4314 661 4368 medico
678 4319 762 4381 aitqua
780 4319 892 4369 releram
905 4332 972 4382 qaae

185 4398 211 4444 ιι
227 4397 338 4455 linatur,
349 4397 475 4446 Αιιιιιιιι
489 4398 632 4461 Pertimuit,
649 4402 710 4448 tom.
726 4399 744 4446 l.
761 4411 785 4460 p.
805 4400 859 4448 uto.
875 4405 901 4448 ιι
914 4410 974 4459 seq,

186 4475 311 4524 adnotata
329 4478 399 4533 suut,
416 4475 523 4536 reliquis
540 4489 588 4537 pro
606 4477 655 4526 alio
672 4478 729 4525 loco
746 4477 871 4526 servatis.

229 4574 239 4595 ι
258 4552 329 4602 Area
343 4551 451 4600 t’nbate
463 4551 559 4614 Ughelli
573 4556 641 4604 aella
657 4569 703 4604 sua
715 4555 786 4604 ltalia
796 4556 876 4606 Sucro
888 4557 896 4616 (
906 4569 920 4605 ι
930 4557 970 4618 piir

186 4634 367 4693 apertamcute
384 4630 516 4691 Giuseppe
535 4631 608 4695 Voipl
624 4635 691 4683 uella
708 4634 864 4698 Cronolopio
882 4636 920 4685 de’
931 4635 974 4685 Vc·

182 4710 255 4758 renui
270 4710 392 4769 Putant)
409 4708 491 4768 detto,
508 4710 556 4760 clia
574 4713 589 4760 ιι
607 4712 722 4764 Vescera
739 4715 765 4764 di
789 4716 936 4778 capecelo,
957 4728 971 4764 e

186 4788 324 4838 Cardinale
348 4787 498 4848 Lodovico,
522 4789 624 4853 obuigi
642 4792 801 4842 Podoeataro
829 4806 874 4842 cra
902 4796 971 4843 stato

185 4868 285 4917 Medico
310 4868 335 4917 di
360 4867 427 4929 Papa
445 4867 592 4917 lauoccuzo
608 4870 677 4929 Vlll.,
694 4884 735 4920 ma
753 4873 832 4921 uiuuo
850 4874 934 4921 atlese
957 4886 970 4920 a

185 4947 219 4995 tal
243 4958 290 4994 sua
310 4947 479 5004 asserzloue;
497 4959 548 4995 non
566 4949 573 4995 i
591 4948 732 4998 corretiori
749 4949 790 4998 dei
814 4948 972 5010 ciaccoaio,

183 5024 232 5072 cns
249 5026 292 5073 noi
309 5025 463 5074 chiamaron
481 5028 548 5084 tate,
565 5038 617 5074 nou
635 5028 650 5076 ιι
674 5027 824 5088 mendesio,
852 5030 900 5077 che
927 5013 975 5078 ιιι

184 5115 248 5162 pose
272 5104 314 5152 tra
339 5105 371 5164 git
389 5104 527 5154 archiatri.
543 5105 654 5165 Quiadi,
671 5118 685 5154 e
703 5118 751 5168 per
768 5107 792 5154 lo
810 5106 918 5154 silenzio
945 5107 970 5156 di

184 5184 283 5240 costui,
303 5195 316 5230 e
335 5183 415 5231 molto
433 5187 633 5246 maggiormeata
649 5196 698 5246 per
715 5198 767 5234 uon
785 5197 864 5234 avere
876 5197 971 5234 arcen-

184 5264 246 5309 natu
268 5260 308 5309 ιιὸ
325 5261 349 5310 ιι
367 5263 442 5311 ιιιιι
459 5264 534 5325 luogo
555 5264 623 5313 della
651 5264 762 5313 Orazion
788 5263 899 5313 funebre
922 5265 969 5315 abc

1720 285 1826 372 ‹tua›

1039 416 1100 475 ilac
1108 415 1255 477 Porrtilicis
1267 415 1433 477 infirmitate
1445 418 1579 490 durante,
1590 421 1670 479 solus
1678 421 1826 501 episeopus

1039 517 1185 577 Auriensis
1201 517 1337 578 Datarius
1356 517 1506 578 introitum
1528 518 1652 579 liberum
1677 521 1780 581 babuit
1793 524 1825 581 ad

1040 771 1122 819 ultimi
1140 769 1201 818 anui
1218 783 1296 832 presa
1325 770 1463 818 occasione
1481 768 1497 816 il
1515 769 1560 817 Cb.
1577 770 1730 832 lloustgnur
1747 769 1772 818 di
1788 769 1828 819 Ci-

1041 861 1113 907 rene,
1124 851 1171 897 che
1188 849 1272 910 quella
1286 838 1410 896 orazious
1426 845 1559 908 pubblicd,
1571 847 1597 895 di
1614 848 1680 897 darc
1692 861 1744 896 uua
1758 861 1829 898 mea·

1040 931 1086 976 tita
1110 928 1151 976 ιιι
1162 927 1277 989 Ugnelii,
1293 939 1307 975 ι
1324 927 1351 975 di
1368 926 1517 983 decretura,
1544 927 1593 975 cite
1618 928 1640 975 si
1665 928 1827 977 caucellassc

1039 1009 1142 1057 omnino
1153 1020 1186 1058 ιι
1201 1006 1311 1068 Uqlellio
1323 1007 1350 1053 in
1360 1004 1491 1066 ttpncopn
1504 1003 1755 1067 Goputnquensibur,
1764 1008 1829 1067 quod

1040 1090 1092 1152 ipsc
1108 1088 1245 1138 innocentii
1262 1083 1318 1135 tiu.
1334 1086 1446 1136 medicus
1460 1082 1544 1144 suerit.
1559 1083 1622 1134 Dird
1644 1084 1768 1146 adunque
1784 1098 1829 1134 coa

1040 1169 1121 1216 molta
1139 1165 1242 1223 fiducia,
1259 1166 1307 1214 oba
1324 1176 1375 1212 nou
1393 1164 1435 1211 val
1454 1163 1523 1211 nulla
1535 1163 1711 1224 l’argomeuto
1723 1163 1766 1211 del
1778 1174 1826 1210 non

1040 1258 1130 1294 essere
1148 1246 1164 1292 ιι
1181 1244 1340 1293 Podocataro
1356 1243 1398 1291 nel
1417 1241 1504 1290 Teolro
1520 1240 1561 1290 del
1584 1241 1741 1297 ldaudosio,
1759 1239 1792 1289 ed
1812 1243 1828 1289 ιι

1040 1329 1164 1386 presente
1189 1325 1245 1389 mio·
1256 1322 1343 1379 libro,
1359 1320 1424 1369 tatto
1441 1334 1489 1382 per
1505 1320 1661 1369 correzioue
1687 1319 1715 1368 di
1742 1319 1827 1380 quello

1041 1404 1155 1461 edificio,
1173 1400 1188 1451 ι
1205 1402 1228 1449 la
1246 1399 1370 1462 maggior.
1378 1399 1583 1448 dimostraziaae
1595 1399 1622 1448 di
1639 1398 1688 1448 ιιὸ.
1705 1395 1768 1448 Cosi
1784 1410 1827 1459 per

1040 1483 1127 1528 aiente
1144 1480 1220 1541 giova
1237 1478 1254 1526 il
1271 1478 1338 1534 dire,
1355 1477 1404 1526 obs
1421 1489 1451 1525 se
1467 1481 1554 1539 questi
1576 1490 1672 1527 arasse
1695 1481 1776 1526 arula
1796 1479 1826 1526 tal

1040 1561 1136 1618 carica,
1153 1560 1169 1607 ι’
1182 1557 1299 1607 arrebbo
1318 1557 1335 1604 ii
1352 1555 1434 1606 Fedra
1453 1556 1604 1614 ricordata,
1620 1554 1721 1618 perche
1743 1568 1828 1604 osser·

1039 1653 1084 1698 vo,
1099 1640 1148 1688 che
1166 1639 1182 1686 ι’
1193 1638 1304 1687 Oratore
1317 1637 1443 1698 previeue
1461 1636 1468 1684 i
1485 1635 1634 1693 Candidati,
1651 1635 1757 1697 a'quali
1769 1647 1826 1696 par-

1040 1718 1073 1777 la,
1089 1718 1115 1766 di
1132 1718 1207 1766 voler
1223 1715 1382 1778 pocbissima
1399 1713 1457 1762 dire
1474 1714 1500 1762 di
1518 1716 1614 1776 quello,
1626 1718 1676 1764 cua
1692 1715 1763 1763 colui
1776 1713 1826 1763 ιιιι

1039 1796 1082 1844 dat
1098 1795 1144 1853 di,
1160 1795 1209 1844 cns
1226 1805 1312 1842 veuae
1330 1805 1344 1841 a
1361 1793 1441 1841 lioma
1453 1794 1479 1841 ιι
1490 1805 1551 1842 casa
1563 1792 1604 1842 del
1618 1793 1745 1842 Cardinal
1758 1793 1828 1841 Vice-

1039 1876 1200 1925 Canceliiera
1217 1873 1343 1923 liuderico
1360 1872 1461 1934 iurgia,
1476 1883 1491 1920 a
1508 1872 1603 1933 quello,
1624 1873 1650 1921 iu
1669 1874 1712 1920 cui
1724 1872 1753 1921 ιιι
1770 1885 1828 1934 pro·

1038 1967 1126 2004 mosao
1136 1954 1339 2003 alCardiualato.
1350 1952 1386 2002 Νι
1397 1953 1543 2012 expectetis,
1552 1955 1647 2012 patrea,
1658 1964 1691 2001 nc
1707 1952 1825 2012 quainod·

1038 2035 1142 2084 modum
1158 2034 1185 2081 in
1200 2035 1316 2082 anteacto
1332 2033 1395 2090 vito,
1406 2033 1444 2079 ιιι
1454 2044 1524 2080 nunc
1540 2032 1673 2094 sipilIolim
1690 2044 1738 2092 per
1748 2043 1828 2080 omnis

1038 2115 1127 2164 ostatis
1143 2113 1307 2174 fortunaeque
1329 2113 1425 2173 modus
1441 2111 1597 2174 proficiscor.
1613 2111 1685 2161 Alius
1701 2111 1774 2159 nobis
1796 2112 1830 2160 di·

1040 2195 1112 2244 cendi
1128 2194 1191 2243 ordo
1208 2192 1399 2252 suscipiendus.
1417 2227 1422 2238 .
1443 2229 1448 2240 .
1466 2194 1616 2241 cicestrum
1634 2202 1711 2239 nemo
1728 2193 1779 2249 cst,
1796 2191 1831 2236 rui

1038 2286 1089 2322 non
1105 2272 1187 2322 omnis
1198 2270 1265 2318 illius
1277 2271 1344 2319 vitoe
1354 2281 1446 2318 cursus
1458 2271 1490 2318 ait
1501 2271 1627 2332 caputius.
1642 2270 1723 2318 Basta
1736 2267 1826 2328 cb'egti

1039 2356 1062 2403 ιι
1087 2354 1164 2402 abbia
1190 2353 1214 2400 in
1235 2350 1347 2412 qualche
1372 2354 1448 2410 parte
1473 2353 1640 2407 raccontato,
1657 2360 1735 2398 cums
1753 2348 1769 2394 ιι
1786 2359 1828 2394 suu

1040 2445 1102 2483 eroe
1120 2433 1145 2482 lu
1164 2435 1188 2481 ia
1205 2429 1327 2486 Padova,
1343 2429 1405 2477 uov·
1417 2441 1462 2477 era
1480 2442 1515 2478 un
1532 2429 1647 2488 Coliagio
1674 2426 1785 2475 laudato
1799 2425 1827 2473 da

1041 2525 1092 2560 unu
1109 2511 1179 2560 della
1197 2510 1264 2558 Casa
1282 2508 1307 2557 di
1325 2521 1373 2558 sua
1390 2508 1479 2557 Madre
1496 2521 1545 2569 per
1563 2507 1647 2557 utilite
1658 2506 1828 2567 ds’cipriotti,

1040 2603 1054 2638 a
1082 2589 1183 2639 studiar
1201 2587 1329 2636 medicina
1346 2588 1396 2634 alla
1414 2586 1503 2635 scuola
1521 2585 1546 2634 di
1568 2584 1702 2642 Mattiolo,
1728 2581 1828 2631 celebre

1040 2666 1175 2716 Professor
1192 2669 1327 2727 l‘erugino,
1345 2677 1360 2713 c
1376 2675 1450 2713 come
1467 2667 1622 2724 protestare
1639 2663 1690 2724 agli
1711 2662 1786 2709 amici
1805 2659 1828 2708 di

1040 2747 1139 2795 roicrla
1164 2746 1308 2794 esercitare
1328 2745 1396 2793 aelia
1412 2742 1493 2792 Corte
1510 2742 1552 2792 de'
1563 2743 1620 2791 suoi
1637 2742 1674 2790 lte
1691 2741 1718 2788 di
1736 2739 1827 2802 cipro,

1040 2826 1145 2889 quaudo
1173 2835 1269 2874 anessa
1297 2826 1390 2884 potuto
1418 2817 1492 2885 ripo'r
1514 2821 1591 2883 piede
1616 2821 1641 2868 iu
1667 2819 1826 2882 queii'lsola.

1040 2904 1150 2954 Escluso
1174 2902 1239 2965 perd
1261 2902 1294 2952 da
1316 2906 1412 2964 questa
1429 2912 1576 2963 speranza,
1595 2910 1703 2955 venne,
1720 2899 1828 2946 siccome

1040 2983 1115 3040 dissi,
1133 2996 1147 3031 a
1165 2984 1268 3031 servire
1286 2982 1302 3029 ιι
1320 2979 1553 3029 vice-Canceliiero
1571 2978 1604 3026 da
1621 2977 1785 3034 secretario,
1799 2974 1829 3023 ad

1041 3061 1066 3110 io
1083 3064 1202 3123 cospetto
1220 3059 1303 3109 auehe
1320 3059 1352 3107 da
1370 3058 1489 3116 lledico,
1506 3057 1618 3118 alquale
1636 3056 1663 3104 lu
1683 3067 1737 3104 non
1755 3055 1829 3102 molto

1042 3144 1129 3201 tempo
1146 3139 1216 3201 dopo
1234 3138 1299 3187 tolio
1316 3137 1391 3198 quasi
1408 3149 1423 3184 a
1440 3135 1513 3184 iorza
1529 3135 1571 3182 dal
1593 3133 1733 3183 Pouteiiee.
1754 3133 1827 3181 Odasi

1040 3221 1217 3266 nuovameutc‘
1238 3216 1254 3264 ιι
1271 3215 1366 3263 Fadia:
1382 3213 1446 3276 Quid
1462 3213 1492 3262 dc
1508 3213 1564 3273 ipso
1579 3212 1668 3261 dicum
1689 3210 1829 3261 innocentio

1041 3295 1097 3344 Vlll.
1117 3295 1187 3344 Pont.
1204 3290 1343 3342 Monimo?
1358 3294 1513 3351 quantopere
1528 3289 1603 3350 nujus
1619 3289 1724 3350 inuenio
1744 3292 1829 3349 captus

1040 3375 1071 3421 cit
1086 3407 1094 3432 ,
1108 3376 1130 3422 ιι
1146 3372 1186 3423 ιιι
1208 3373 1328 3422 liuderico
1344 3370 1511 3420 invictissimo
1527 3371 1644 3431 (leggasi
1664 3369 1829 3424 invitissimo)

1040 3453 1163 3511 quamdiu
1185 3454 1255 3513 opud
1270 3465 1296 3501 sc
1312 3451 1440 3510 labuerit,
1458 3462 1488 3499 ιιι
1512 3450 1577 3498 inter
1592 3450 1660 3497 'suos
1682 3447 1829 3496 domesticos

1042 3531 1207 3582 numeravit?
1225 3532 1279 3581 Che
1296 3532 1312 3579 ιι
1329 3530 1422 3591 Bargia
1439 3529 1461 3578 si
1480 3528 1584 3578 valsase
1608 3528 1670 3577 deil’
1681 3538 1765 3588 opera
1786 3537 1828 3574 sua

1043 3612 1112 3661 aelia
1140 3612 1233 3661 lacoita
1261 3610 1413 3670 medica,a
1441 3609 1489 3659 che
1515 3622 1529 3658 a
1555 3608 1606 3657 tale
1628 3619 1699 3669 uopo
1727 3606 1826 3655 l’aver·

1042 3703 1071 3739 se
1098 3703 1146 3752 per
1171 3690 1309 3739 domestico
1331 3700 1345 3738 e
1371 3701 1420 3750 per
1445 3688 1589 3750 iamigliare
1617 3687 1783 3743 tannecum,
1812 3684 1826 3732 ιι

1042 3770 1169 3832 sospettai
1193 3769 1232 3831 gii
1254 3781 1301 3830 per
1319 3781 1352 3816 uu
1369 3768 1462 3824 Breve,
1475 3767 1523 3815 ιιιι
1541 3767 1664 3814 veuuemi
1683 3766 1734 3814 alie
1753 3763 1827 3818 maai,

1042 3862 1055 3898 ι
1073 3850 1122 3898 ohe
1141 3850 1157 3897 ιι
1173 3852 1241 3909 Papa
1260 3848 1301 3895 alli
1320 3848 1357 3897 ³⁰.
1374 3846 1399 3895 di
1417 3846 1522 3895 ottobre
1540 3845 1582 3894 del
1603 3847 1673 3895 itta.
1697 3846 1794 3892 scrisse
1815 3855 1826 3889 s

1041 3929 1101 3990 qual
1119 3922 1254 3977 cardinale
1271 3927 1377 3982 malato,
1394 3923 1578 3986 mandandogli
1596 3935 1644 3984 per
1655 3921 1826 3984 comploseris

1041 4007 1066 4056 di
1084 4020 1118 4056 ιιι
1135 4019 1183 4056 suo
1201 4005 1333 4054 desiderio
1351 4004 1367 4051 il
1385 4002 1560 4061 Podacaiaro,
1572 4013 1688 4051 vescovo
1706 4001 1789 4050 allora
1803 3997 1824 4047 di

1041 4085 1189 4147 Capaccio,
1206 4098 1220 4133 e
1237 4083 1400 4145 pregandole
1418 4081 1444 4130 di
1462 4086 1553 4143 presto
1569 4079 1797 4140 rimandarglielo,
1813 4090 1825 4126 ι

1041 4163 1129 4213 subito
1147 4164 1195 4213 che
1214 4163 1284 4212 losse
1302 4163 1414 4225 guarito,
1431 4160 1585 4223 perciacchd
1601 4172 1654 4208 nou
1671 4161 1767 4209 valera
1783 4158 1824 4220 egli

1041 4246 1130 4292 starna
1147 4255 1233 4291 senza.
1253 4242 1291 4292 lla
1310 4242 1333 4289 io
1352 4253 1381 4289 so
1398 4239 1466 4289 bene
1484 4240 1532 4289 ebe
1557 4237 1678 4301 l’Ugireili
1705 4239 1733 4287 in
1754 4237 1823 4286 auare

1041 4320 1063 4370 si
1080 4321 1194 4371 delicato
1219 4334 1266 4383 per
1284 4329 1365 4378 esso,
1382 4331 1435 4368 uon
1451 4318 1601 4368 tarrebbesi
1619 4318 1782 4367 abbastanaa
1797 4317 1825 4364 ai·

1040 4409 1104 4449 curo
1121 4414 1168 4462 per
1184 4403 1278 4462 questa
1295 4397 1395 4457 diiasa,
1411 4399 1530 4446 lavorata
1548 4410 1578 4446 su
1596 4396 1622 4446 di
1639 4410 1675 4446 aa
1693 4397 1763 4445 catal
1781 4396 1824 4442 ιιι

1039 4483 1177 4542 sospetio‚
1204 4477 1238 4527 ed
1265 4477 1491 4526 ludovinameuto:
1517 4475 1628 4526 reebcrd
1653 4476 1776 4538 adunque
1803 4473 1823 4520 ιι

1041 4569 1131 4606 mezzo
1150 4556 1165 4604 ι’
1177 4553 1290 4604 ιιιοιίιι
1306 4555 1332 4603 di
1349 4567 1401 4603 uuo
1417 4554 1519 4604 storico
1536 4557 1767 4616 contemporaneo,
1783 4552 1823 4599 ιιι

1041 4650 1106 4686 area
1132 4636 1271 4686 occasione
1288 4633 1314 4682 di
1332 4633 1446 4687 trorarsi
1465 4632 1697 4695 trequentemenle
1725 4633 1768 4680 ael
1788 4629 1824 4677 Pa·

1041 4716 1115 4766 lazzo
1131 4715 1284 4777 apostolica
1303 4714 1341 4763 col
1359 4711 1535 4770 Podocataro,
1552 4725 1565 4761 e
1583 4711 1608 4760 di
1626 4724 1723 4773 sapere
1735 4707 1823 4773 persib

1040 4807 1054 4843 ι
1078 4794 1177 4843 vedere
1205 4793 1310 4854 quello,
1327 4791 1424 4852 eb’egti
1442 4790 1477 4839 iri
1495 4792 1517 4840 si
1534 4791 1646 4840 lacesse.
1663 4791 1756 4850 Questi
1778 4789 1792 4837 ι
1809 4784 1823 4832 ιι

1041 4873 1194 4922 Giorualisia
1206 4869 1349 4928 burcardo,
1362 4869 1409 4917 cire
1427 4869 1494 4917 aelia
1511 4870 1667 4917 narracione
1680 4868 1751 4917 delia
1764 4877 1823 4915 mot·

1039 4953 1073 5001 tal
1091 4953 1207 5000 malatiia
1225 4953 1421 5012 supravvenula
1438 4950 1461 4998 al
1478 4949 1545 5009 Papa
1563 4949 1604 4996 nel
1622 4947 1770 4997 novembre
1786 4943 1821 4993 del

1039 5031 1108 5081 lidi.
1125 5030 1192 5089 dice,
1209 5030 1257 5078 che
1273 5029 1315 5076 alii
1332 5029 1370 5078 ιιι.
1387 5026 1429 5075 del
1447 5039 1519 5075 mese
1536 5026 1685 5074 Fraacesco
1703 5020 1822 5081 Cibo,d·

1039 5109 1133 5170 gtiuolo
1150 5108 1175 5157 ιι·
1188 5106 1351 5165 innocenzo,
1367 5105 1495 5154 ramanae
1512 5117 1526 5152 a
1543 5105 1632 5154 coloro
1649 5104 1699 5153 che
1722 5101 1823 5166 guarda·

1039 5198 1105 5237 vano
1123 5187 1138 5235 ι’
1149 5189 1267 5249 ingresso
1284 5185 1346 5234 deii’
1358 5189 1416 5234 orto
1434 5188 1548 5242 secreto,
1563 5184 1632 5244 quod
1642 5184 1763 5243 deinceps
1773 5177 1822 5229 nui·

1038 5265 1133 5314 tolenus
1152 5266 1344 5315 intromitterent
1361 5265 1386 5313 lt.
1402 5262 1429 5312 P.
1454 5264 1482 5312 D.
1500 5265 1525 5312 ι.
1543 5261 1702 5325 Episcopum
1719 5262 1821 5323 Copult·

185 5338 217 5399 gli
235 5339 326 5398 recito,
339 5341 354 5388 ιι
372 5340 464 5400 Pasira,
476 5355 524 5391 suo
542 5344 628 5392 antico
641 5343 790 5407 remigitum,
802 5343 835 5394 ita
847 5345 872 5394 in
884 5348 970 5408 questi
1000 5349 1005 5391 t
1037 5357 1155 5404 quensem
1171 5343 1299 5395 Medicum
1317 5342 1363 5392 ΡΡ.
1382 5345 1424 5391 ιιι
1439 5342 1487 5405 suit
1504 5345 1580 5393 etiam
1596 5344 1642 5393 sub
1658 5345 1736 5406 preci
1750 5350 1821 5407 pomo
