3780 6030
44 251 158 338 (siaa)

35 399 80 450 tes
90 388 200 469 gratias
218 391 409 470 expectativss
423 407 511 477 super
523 394 628 455 rotulis
646 393 827 473 supradictis

35 499 66 572 et
85 491 113 548 in
129 488 260 550 omnibus
277 489 364 550 bullis
385 501 444 551 tam
466 491 534 553 beri
549 512 625 567 sero,
641 512 727 573 quam
743 493 829 556 bodie

34 589 183 670 expeditis,
205 608 278 668 quae
299 589 382 653 hodie
400 591 437 653 ad
459 593 610 672 plumbum
630 595 732 656 missae
748 607 826 670 sunt,

35 690 178 770 scriptum
189 690 244 750 iuit
253 692 403 772 expedito
416 693 466 754 l8.
474 691 546 757 Kal.
559 696 825 769 decembrironsso

35 799 151 869 tertio3
174 795 259 855 multi
281 810 316 853 cx
337 793 456 872 plumba
470 813 536 856 suas
551 796 645 856 bullas
666 795 830 859 babuerunt

35 897 157 972 furtive,
175 896 224 957 alii
244 895 272 955 in
294 893 411 975 plumbo
440 913 590 975 processus
611 896 728 958 decerni
748 896 829 957 obti-

37 1009 167 1059 nuerunt
182 1008 300 1059 secrete.
316 995 424 1057 Tamen
444 1007 474 1057 ct
493 997 553 1071 alii,
572 996 719 1059 favoribus
732 997 829 1076 magi·

35 1109 167 1159 strorum
189 1096 307 1177 plumbi,
333 1096 428 1157 bullas
447 1098 619 1177 err-plumbo
641 1098 828 1169 babuerunt,

34 1200 101 1260 licet
123 1218 160 1259 ex
177 1208 261 1279 parto
282 1196 337 1261 SS.
357 1196 391 1257 D.
411 1196 445 1258 Ν.
466 1199 646 1260 emanaverit
660 1197 826 1258 mandatum

37 1298 117 1378 <prod
136 1300 165 1359 in
190 1298 306 1378 plumbo
330 1296 444 1361 decerni
465 1316 616 1379 processus
652 1317 708 1360 non
737 1299 829 1361 debe·

36 1411 113 1472 rent,
141 1410 170 1460 et
190 1397 294 1459 ibidem
315 1388 434 1472 de'creti,
455 1416 511 1459 non
534 1399 673 1460 valerent.
693 1397 757 1459 Non
778 1410 829 1459 ta-

38 1521 105 1563 men
121 1501 177 1561 luit
189 1499 375 1560 observatum
390 1500 419 1558 in
433 1500 559 1579 registro
576 1499 738 1573 bullarum,
754 1518 830 1578 quae

39 1601 170 1682 primum
183 1600 276 1661 soluta
291 1598 347 1660 suit
360 1610 424 1660 taxa
430 1621 441 1674 ;
456 1611 485 1661 et
500 1600 675 1679 scriptorib„
690 1600 764 1663 idem
776 1618 830 1681 pro

37 1701 242 1782 registratura,
253 1701 359 1761 carleu.
372 1699 498 1779 quinque
506 1744 515 1774 ,
530 1699 722 1764 indifferenter
733 1701 831 1763 omni·

37 1800 92 1861 bus
108 1801 185 1874 dati,
197 1799 292 1862 bullae
312 1800 492 1861 executoriue
510 1819 564 1879 pro
584 1802 764 1882 processibus
778 1801 831 1863 ds-

37 1900 198 1962 cernendis.
230 1899 299 1960 Fuit
318 1901 405 1961 etiam
426 1902 533 1964 eisdem
554 1903 745 1983 scriptoribus
776 1920 829 1981 per

37 2001 74 2060 D.
94 2001 264 2081 episcopum
280 2000 450 2063 sartensem
466 2002 633 2066 mandatum
647 2023 780 2084 expresse
801 2015 831 2065 et

39 2098 94 2157 sub
104 2114 198 2178 poena
214 2095 382 2177 privationis
393 2100 523 2159 omnium
536 2100 656 2162 officior.
677 2099 829 2161 inhibitum

40 2215 75 2259 ne
99 2198 179 2257 ultra
195 2198 322 2276 quinque
337 2199 444 2260 carlen.
468 2217 522 2278 pro
540 2201 732 2281 registratura
745 2201 831 2262 nnius

39 2298 236 2378 expectativae
260 2299 288 2357 in
310 2297 421 2360 duabus
447 2299 534 2361 bullis
555 2302 683 2380 recipere
707 2318 830 2381 praesu·

38 2407 171 2471 meren13
189 2396 375 2475 quodetiam
396 2399 598 2462 observarunt.
619 2401 688 2462 Fuit
707 2401 830 2463 maxima

39 2496 172 2558 conlusio
189 2497 219 2557 in
239 2498 359 2578 plumbo
377 2499 406 2559 in
426 2499 600 2579 registribus
625 2520 680 2580 pro
700 2512 829 2580 quatuor

40 2597 155 2671 diebus,
172 2597 243 2659 adeo
263 2597 341 2676 quod
360 2596 468 2673 bullae,
487 2618 592 2680 magns
604 2600 831 2663 difficultaterc-

41 2697 227 2778 periebantur
246 2741 255 2771 ,
276 2715 344 2759 cum
363 2700 427 2777 quis
448 2699 568 2762 baberet
586 2699 744 2779 gratiosum
772 2719 829 2761 non

39 2798 188 2860 muniebat
207 2799 406 2876 exequutoria,
417 2811 475 2862 ete
493 2819 642 2863 converso.
662 2800 728 2864 Vidi
743 2802 828 2864 etiam

42 2919 132 2961 unam
153 2900 264 2968 bullam
286 2903 479 2963 executoriam
497 2900 657 2978 judicatam
675 2921 727 2982 per
742 2902 776 2963 B.
795 2902 830 2964 de

40 3000 160 3075 liadeis,
180 3011 304 3062 taxatam
325 3000 362 3060 ad
383 3019 427 3076 x,
449 3003 478 3063 in
499 3021 556 3082 qua
572 3021 629 3065 nan
644 3015 707 3065 erat
725 3021 828 3064 nomen

43 3101 205 3183 scriptoris.

78 3203 168 3265 Feria
179 3202 338 3296 tertla‚xdl.
356 3204 460 3264 mensis
474 3203 640 3265 novembris
656 3203 684 3264 in
703 3204 830 3284 cappella

42 3302 149 3381 majori
166 3304 268 3364 Palatii
286 3303 440 3383 Apostolioi
452 3304 528 3385 apud
549 3304 581 3365 S.
597 3304 730 3379 Petrum,
744 3305 779 3364 lt.
794 3304 828 3363 P.

39 3402 74 3465 D.
95 3403 144 3466 Jo.
166 3405 314 3484 episcopus
346 3403 503 3466 Calviensis
525 3404 683 3466 celebravit
713 3405 830 3470 blissam

38 3507 190 3586 pubiicum
209 3506 415 3568 detunctorum
431 3526 486 3587 pro
496 3508 592 3567 animo
602 3507 648 3567 bo.
663 3526 717 3567 me.
732 3506 832 3569 Helias

41 3608 120 3667 tituli
141 3605 239 3667 Sancti
259 3604 344 3669 Nerei
359 3619 388 3670 et
408 3608 528 3670 achillei
544 3607 712 3688 Presbyteri
724 3605 831 3668 Cardi-

38 3709 116 3768 nalis
136 3706 313 3769 Turonensis
334 3710 495 3789 vulgariter
514 3710 694 3790 nuncupati,
715 3707 832 3772 Ordinis

40 3809 172 3869 fratrum
192 3807 357 3883 illatorum,
375 3810 426 3888 qui
444 3810 515 3871 obiit
535 3812 564 3870 iu
585 3811 702 3872 civitate
731 3810 832 3872 Turo-
856 3823 857 3828 ’

42 3928 130 3972 neme
158 3926 235 3969 anno
257 3907 348 3970 list.
368 3910 404 3970 de
425 3928 519 3972 urense
539 3911 682 3985 octobris,·
702 3912 746 3971 vel
776 3928 832 3972 no-

46 4011 177 4072 vembris
197 4010 226 4070 in
247 4011 326 4071 circa
343 4008 400 4094 (l).

85 4110 236 4173 Doatinica
257 4110 381 4172 secunda
401 4110 560 4184 Adventus,
582 4109 632 4171 tu.
656 4111 759 4173 mensis
780 4111 832 4174 de·

47 4213 183 4286 cembris,
196 4214 223 4273 in
235 4212 361 4291 cappella
373 4209 478 4288 majori
496 4211 641 4291 praedicta
655 4211 690 4270 tt.
703 4211 730 4272 in
741 4210 832 4273 Clari·

46 4326 89 4376 sto
117 4314 153 4375 1².
182 4312 218 4372 D.
252 4310 331 4372 Laus
353 4312 584 4391 archiepiscopus
617 4311 833 4372 beneventanus

47 4413 206 4484 celebravit
229 4411 344 4473 Missam
377 4413 532 4474 solemnem
558 4431 626 4472 curn
658 4414 833 4492 paramentis

47 4510 256 4589 cardinalitiis,
274 4525 309 4575 ut
322 4515 353 4573 in
374 4514 468 4594 prims
489 4515 681 4588 factumest,
702 4512 781 4595 Papa
804 4526 834 4577 et

49 4615 248 4679 Cardinalibus
276 4614 473 4697 praesentibus
492 4627 547 4676 etc.
572 4614 741 4677 Sermonem
768 4615 835 4677 lecit

88 4863 124 4923 (t)
138 4859 278 4923 biographi
304 4859 498 4918 cardinalium,
513 4861 571 4921 ejus
587 4864 699 4910 mortem
716 4859 752 4910 ad
764 4858 833 4908 diem

52 4940 73 4989 5.
96 4939 154 5001 tatii
180 4940 239 4988 sani
260 4940 329 4990 titil-
355 4939 495 5000 assignant.
517 4938 608 4991 Petrus
630 4938 663 4988 de
690 4935 834 4989 Doismerin

54 5017 130 5082 buius
146 5017 291 5068 Cardinalis
306 5017 390 5067 vitam
406 5016 555 5080 descripsit,
572 5021 616 5080 qui
633 5019 720 5080 potius
737 5018 834 5080 pietate

57 5110 130 5159 quam
147 5098 248 5159 magnis
258 5095 340 5146 rebus
351 5096 431 5159 gestis
442 5095 491 5145 luit
506 5095 622 5158 insignis.
640 5094 752 5145 Palatius
769 5094 834 5145 baec

58 5176 110 5236 eius
127 5179 225 5239 scripta
242 5175 328 5233 citata
349 5198 363 5214 ·
382 5175 418 5225 De
428 5174 578 5225 auctoritate
593 5175 676 5237 Papae
692 5198 706 5213 ·
722 5175 756 5225 Da
776 5187 837 5224 con·

60 5256 157 5305 smdoto
177 5255 248 5305 circo
266 5255 383 5319 beneflcio
406 5253 500 5306 &ilios
513 5279 528 5294 ·
544 5256 646 5306 Decreta
666 5257 755 5305 contro
769 5255 836 5319 dejc-

61 5335 168 5384 merom
179 5335 213 5385 llo
227 5335 392 5397 obropotioac
406 5336 581 5399 propmuticoe
597 5334 740 5386 sanniones.

504 253 787 323 rourtrtmrus
809 209 1200 321 muocnaruoeravr.
1637 256 1678 318 ss

896 405 1071 474 procurator
1086 390 1203 455 Ordinis
1219 391 1376 465 uiuorum,
1392 410 1447 472 pro
1463 409 1522 470 quo
1535 390 1591 452 luit
1606 391 1681 452 inter

896 512 964 555 eum
977 505 1009 556 et
1019 493 1191 573 llagistrum
1205 494 1306 555 Palatii
1321 508 1424 572 magna
1437 492 1593 573 contentio.
1609 489 1681 552 Nam

896 594 1161 676 Magisterl’alatii
1186 595 1295 657 dixerat
1315 594 1386 656 mibi
1409 595 1486 674 quod
1506 596 1542 655 ad
1568 612 1681 657 sermo·
1743 603 1744 607 ’

896 696 1047 757 cinandum
1066 714 1122 757 non
1142 694 1322 757 admitterem
1345 713 1401 776 pro
1418 715 1453 756 eo
1468 694 1546 774 quod
1561 694 1610 756 illc
1628 693 1680 754 sibi

896 813 1056 858 sermonem
1077 814 1133 857 non
1154 794 1332 869 ostenderat3
1354 795 1403 858 iile
1420 815 1450 857 se
1468 793 1621 857 excusabat
1634 793 1683 854 di·

897 913 963 956 cens
987 907 1053 957 sate
1073 882 1203 958 triduum
1221 897 1349 977 primum
1369 896 1407 956 ad
1428 895 1538 959 Urbem
1568 892 1684 976 rediisse

896 995 931 1058 de
951 1016 1037 1070 sero,
1058 1008 1086 1058 ct
1106 996 1163 1058 boc
1184 1015 1268 1065 mans
1288 999 1316 1057 in
1339 997 1426 1058 domo
1446 1013 1498 1055 sua
1520 993 1681 1073 quaesitum

897 1099 989 1178 ipsum
1020 1115 1080 1159 non
1113 1097 1260 1177 reperisse.
1291 1096 1453 1159 Cardinalis
1475 1095 1507 1156 S.
1530 1094 1610 1157 Petri
1644 1094 1681 1155 ad

896 1198 1029 1271 Vincula,
1040 1209 1188 1278 protector
1204 1194 1321 1259 Ordinis
1341 1196 1488 1258 Diuorum
1506 1196 1576 1257 dixit
1586 1195 1682 1274 diogi-

896 1309 959 1360 stro
970 1298 1085 1372 Palatii,
1098 1308 1321 1378 procuratorem
1335 1316 1396 1358 esse
1415 1296 1559 1358 bominem
1572 1313 1682 1376 appro·
1746 1353 1747 1361 ,

898 1387 1009 1468 batum,
1030 1411 1181 1478 propterea
1203 1417 1259 1460 non
1278 1398 1383 1460 debere
1402 1415 1508 1459 curare
1527 1409 1582 1459 etc.
1602 1396 1683 1458 Tan·

897 1498 975 1567 dem,
994 1498 1049 1559 SS.
1084 1498 1119 1559 D.
1141 1497 1175 1559 Ν.
1199 1517 1252 1561 me
1265 1497 1470 1577 interrogando
1504 1498 1573 1558 dixit
1606 1497 1682 1575 quod

897 1611 1120 1678 procuratorem
1135 1599 1171 1660 ad
1190 1598 1332 1661 orandum
1354 1598 1534 1661 admitterem
1540 1620 1551 1671 3
1565 1597 1684 1660 accessit
1720 1647 1722 1652 .

898 1710 991 1761 tamen
1019 1700 1099 1780 prius
1122 1698 1266 1762 etiamad
1288 1700 1316 1760 id
1338 1699 1475 1779 Magister
1496 1699 1684 1780 praedictos,

897 1801 1003 1862 intuitu
1024 1800 1096 1864 Rev.
1123 1800 1237 1862 Domini
1266 1800 1427 1864 cardinalis
1448 1800 1597 1882 praedicti,
1618 1801 1686 1860 licet

897 1898 961 1977 dus
981 1905 1125 1964 consentio
1146 1921 1203 1964 non
1223 1913 1305 1965 esset.
1327 1901 1391 1963 atta
1412 1902 1505 1962 omnia
1531 1901 1683 1963 observata

896 2013 964 2062 sunt
981 2021 1063 2064 more
1080 2004 1175 2065 solito.
1190 2001 1330 2063 Existimo
1351 2013 1449 2063 eutem
1462 2012 1683 2081 procuratorem

897 2121 1057 2165 sermonem
1074 2122 1130 2166 non
1150 2104 1304 2165 ostendisse
1323 2103 1463 2184 Magistro
1477 2122 1529 2182 per
1545 2120 1589 2176 ea,
1607 2101 1686 2179 quod

898 2204 1029 2267 dicturus
1050 2217 1170 2280 arst3et
1185 2201 1255 2267 dixit
1272 2206 1301 2266 in
1325 2207 1376 2267 illo
1399 2204 1576 2284 quodBeata
1594 2202 1686 2264 llario

898 2306 989 2385 Virgo
1020 2318 1158 2387 cottccpta
1188 2316 1262 2368 esset
1292 2306 1351 2367 sine
1382 2313 1502 2384 peccato
1522 2302 1684 2382 originali,

895 2402 980 2482 juxta
1000 2407 1160 2486 opinionem
1185 2405 1401 2478 Scotistarum,
1422 2402 1499 2482 quod
1520 2413 1561 2464 est
1580 2411 1685 2463 contro

898 2505 1059 2586 opinionem
1081 2505 1313 2581 Thomistarum,
1323 2524 1359 2566 ex
1374 2504 1478 2582 qtribus
1491 2493 1533 2564 est
1547 2501 1685 2581 Magister

898 2604 1009 2667 Palatii.

939 2707 1026 2769 Feria
1045 2706 1182 2779 secunda,
1203 2706 1256 2767 25.
1275 2705 1378 2768 metuis
1397 2703 1568 2776 decembris,
1581 2700 1685 2764 festum

897 2807 1061 2870 Nativitatis
1079 2807 1195 2868 Domini
1225 2806 1278 2873 Dei
1300 2805 1464 2868 Salvatoris
1485 2802 1581 2864 Nostri
1616 2801 1684 2862 lesu

898 2909 1024 2983 Christi,
1045 2908 1123 2988 Papa
1145 2907 1393 2986 processionaliter
1411 2904 1488 2968 venit
1509 2903 1562 2981 sub
1583 2900 1686 2961 balda·

898 3008 985 3071 ebtao
1005 3008 1041 3069 ad
1065 3008 1212 3068 basilicam
1234 3006 1266 3067 S.
1288 3004 1379 3075 Petri,
1402 3002 1537 3085 praelatis
1557 3011 1586 3062 et
1605 2998 1684 3060 Car·

898 3107 1041 3169 diaalibus
1059 3117 1123 3186 post
1141 3124 1262 3168 crucem
1283 3103 1527 3185 praecedentibus.
1545 3099 1686 3162 Dominus

899 3207 1058 3288 Sinulpbns
1079 3209 1204 3269 clericus
1224 3206 1361 3269 Comerae
1384 3204 1420 3264 ad
1446 3203 1589 3263 sinistrum
1606 3199 1686 3262 Cru-

899 3311 965 3383 cis,
991 3328 1087 3373 ensem
1112 3328 1187 3377 ,cum
1217 3309 1292 3389 pileo
1320 3306 1448 3388 portarit
1475 3322 1561 3383 super
1594 3304 1686 3363 altare

899 3408 992 3488 atejus
1008 3409 1036 3467 in
1051 3427 1142 3469 cornu
1160 3408 1308 3485 epistolae,
1324 3407 1374 3468 ubi
1392 3424 1443 3485 per
1465 3413 1554 3465 totam
1569 3401 1686 3462 Missam

899 3509 1012 3569 mansit.
1032 3505 1098 3577 Oua
1109 3506 1201 3579 linita,
1214 3505 1269 3567 SS.
1290 3506 1326 3567 D.
1349 3504 1384 3566 Ν.
1404 3504 1502 3566 sedens
1516 3501 1623 3564 insede
1637 3519 1689 3561 so·

897 3611 949 3683 lii,
973 3610 1070 3671 comiti
1092 3607 1241 3670 'l’ondillse
1261 3618 1326 3668 ante
1346 3625 1376 3668 se
1397 3603 1548 3685 genuflexo
1570 3599 1689 3664 tradidit

898 3709 1028 3790 gladium
1049 3727 1117 3771 cum
1138 3709 1281 3790 cappello,
1301 3707 1398 3769 dicens
1421 3707 1481 3767 sine
1502 3702 1597 3765 libro:
1619 3700 1687 3762 Aca

900 3811 969 3890 cipe
980 3811 1132 3892 pieridum,
1148 3821 1177 3872 et
1194 3811 1239 3873 ria
1259 3811 1405 3892 defensor
1418 3810 1491 3889 fidei
1507 3820 1537 3880 et
1549 3810 1686 3872 Sanctae

899 3909 1058 3972 Romanae
1076 3909 1254 3983 Ecclesiae,
1268 3911 1303 3971 in
1330 3910 1453 3971 nomine
1479 3910 1588 3972 Putris
1608 3920 1684 3983 etc.,·

771 4043 773 4047 ·
900 4027 987 4088 quem
1000 4009 1048 4071 ille
1064 3993 1206 4090 accipiens
1220 4010 1367 4071 osculatus
1384 4021 1428 4070 est
1440 4025 1568 4082 manum,
1586 4007 1686 4074 deinde

899 4110 999 4188 pedem
1020 4108 1132 4189 Papae,
1150 4120 1184 4170 et.
1200 4108 1277 4170 dedit
1297 4126 1364 4170 eum
1384 4109 1433 4168 uni
1452 4128 1486 4170 ex
1506 4108 1565 4168 suis
1585 4107 1686 4169 mititt-

900 4210 964 4283 bus,
984 4213 1034 4289 qui
1054 4229 1122 4272 eum
1143 4210 1280 4272 continuo
1300 4220 1367 4269 ante
1388 4210 1480 4288 ipsum
1502 4208 1640 4290 portavit.

941 4311 1027 4373 Feria
1049 4322 1168 4390 quarta,
1189 4311 1240 4371 st.
1263 4310 1433 4383 decembris,
1454 4309 1557 4371 lestum
1580 4307 1611 4368 S.
1631 4307 1686 4370 Jo-

900 4414 1002 4478 bannis
1015 4413 1141 4495 Evang,
1155 4411 1209 4474 88.
1225 4412 1261 4473 D.
1283 4410 1317 4472 Ν.
1340 4423 1463 4492 paratus
1474 4412 1593 4484 amictu,
1610 4409 1688 4482 albu,

901 4506 1036 4586 uinculo,
1062 4517 1135 4575 stola
1160 4513 1225 4574 alba
1257 4512 1412 4592 preciosa,
1439 4521 1468 4572 et
1493 4511 1621 4590 cappello
1652 4509 1688 4570 de

901 4612 1058 4675 cremosino
1072 4657 1081 4687 ,
1105 4614 1184 4674 circa
1216 4613 1319 4673 boram
1346 4629 1427 4683 xva,
1452 4608 1687 4690 praecedentibus

901 4714 997 4776 Cruce
1015 4726 1042 4774 et
1070 4712 1270 4775 cardinalibus
1291 4713 1432 4791 equitavit
1452 4710 1486 4773 de
1508 4709 1614 4789 palatio
1633 4727 1687 4771 suo

901 4814 937 4874 ad
958 4816 1109 4876 eeclesiam
1126 4814 1226 4876 Sancti
1248 4814 1385 4875 laimunis
1406 4810 1606 4873 Lateranensis
1630 4823 1687 4871 etc.

901 4914 1009 4978 Deinde
1031 4914 1107 4995 Papa
1129 4914 1214 4976 rediit
1233 4913 1333 4977 eodem
1358 4913 1459 4974 ordine
1484 4911 1525 4971 ad
1548 4910 1687 4992 palatium

902 5034 987 5078 suum
1008 5015 1084 5096 apud
1104 5014 1244 5075 Sanctum
1262 5014 1406 5086 Petrum3
1427 5011 1521 5073 eundo
1540 5010 1617 5072 venit
1634 5030 1687 5090 per

902 5114 1044 5197 Campum
1056 5116 1172 5188 Florae,
1180 5116 1302 5195 plateam
1313 5113 1472 5176 iudeorum
1483 5123 1511 5174 et
1521 5110 1552 5173 S.
1565 5109 1687 5172 illoriam

904 5215 939 5279 de
956 5216 1173 5288 Consolatione,
1194 5214 1340 5277 redeundo
1360 5224 1468 5287 autom,
1479 5233 1530 5293 per
1552 5211 1584 5272 S.
1603 5211 1686 5273 lilar-
1738 5283 1740 5293 ἵ

904 5333 972 5379 eum
993 5328 1021 5379 et
1043 5317 1120 5378 viam
1139 5316 1242 5397 Papae.
1266 5314 1326 5378 Sed
1340 5327 1399 5375 tam
1420 5314 1514 5377 eundo
1533 5333 1619 5392 quam
1634 5333 1688 5375 re·
