3758 6030
181 238 244 300 Old

181 373 419 436 vatteranmsem
448 367 597 450 episcopos
622 365 710 429 etiam
730 365 876 447 praelatos
906 364 966 425 Pa·

185 475 256 534 latii.
289 472 410 535 Tertius
430 470 487 531 luit
519 469 595 529 inter
628 468 702 528 duos
721 466 794 528 alios
824 465 974 528 Praelatos

185 572 312 647 Palatii,
334 589 407 650 qnos
440 570 534 633 sertui
556 553 635 631 sunt'
652 567 744 630 ceteri
765 566 887 647 praelati
914 565 973 632 bini

179 683 210 735 et
235 673 305 733 bini.
326 671 433 732 Mullus
466 669 629 732 Oratorum
662 669 693 729 in
725 667 857 728 Romana
890 668 973 726 curia

180 771 364 833 existentitnn
394 770 473 841 venit
506 770 546 831 eis
579 768 705 829 obviam.
742 766 824 836 Ouac
856 766 890 827 de
923 785 973 827 re·

182 872 314 952 ceptione
341 889 461 944 carnot,
491 880 621 949 tempora
650 868 808 930 lnrtocentii
838 867 972 947 superius

57 1010 63 1027 ‹.
185 973 265 1046 dixi,
298 985 362 1052 acta
395 982 462 1032 sunt
498 970 544 1032 die
577 987 666 1033 xxviv
706 969 811 1031 mensis
844 966 971 1044 januarii

185 1072 224 1133 M.
247 1070 352 1134 CCCC.
366 1070 512 1132 LXXXV.

223 1170 376 1234 Dominiea
398 1181 506 1250 quarto
539 1168 806 1259 Ouedragesimae,
830 1186 873 1231 rx.
902 1168 972 1230 dieti

186 1276 291 1335 mensis
313 1273 421 1344 martii,
436 1271 494 1332 SS.
506 1271 542 1332 Ι).
565 1269 601 1331 Ν.
624 1281 745 1350 paratus
766 1288 849 1331 more
870 1269 971 1342 solito,

187 1373 303 1453 dempta
319 1373 417 1445 mitra,
436 1373 557 1433 necessit
570 1372 607 1431 ad
622 1389 749 1433 mensam
769 1388 836 1432 earm
853 1388 930 1442 rosa,
944 1379 971 1430 ct

181 1474 247 1534 aliis
268 1473 411 1536 consuetis
438 1484 591 1553 paratam,
613 1473 661 1533 ubi
683 1471 824 1534 benedixit
846 1488 971 1531 rosam.

188 1573 415 1653 ...paramenti
437 1590 512 1634 nova
528 1572 564 1633 Ι).
588 1571 718 1634 lobanne
737 1568 836 1632 Grona
858 1568 972 1632 Clerico

187 1673 342 1745 Canterae,
356 1691 452 1734 rosam
468 1674 559 1752 ipsam
582 1683 705 1746 tenente,
720 1672 857 1752 imposuit
875 1670 972 1756 balsa-

185 1792 291 1848 mum,
311 1773 492 1847 musellam,
512 1774 677 1847 incensum,
699 1772 844 1852 aspersit,
863 1784 892 1832 et
925 1771 972 1830 in-

182 1877 332 1948 censavit,
352 1888 385 1936 ut
418 1878 507 1936 rueris
529 1887 580 1936 est.
616 1875 694 1936 Tum
727 1890 791 1934 eam
822 1870 972 1950 usquead

180 1976 342 2055 cappellam
364 1973 506 2051 rnrrjorcm
528 1977 642 2037 sinistra
665 1977 817 2056 portarit,
852 1973 901 2033 ubl
924 1974 971 2038 ias

183 2076 284 2138 teriuit
305 2076 408 2138 Missae
422 2077 558 2157 publicae
579 2093 667 2154 quam
689 2075 847 2138 celebrarit
865 2073 971 2135 Cardi-

180 2178 253 2237 nalis
272 2176 502 2239 Beneventanus.
517 2176 688 2239 Sermonem
702 2176 771 2237 lecit
790 2183 969 2255 procurator

184 2275 304 2337 Ordinis
320 2277 559 2339 Carmelitarum.
580 2279 675 2339 Finita
695 2278 782 2338 Missa
804 2275 861 2337 SS.
883 2276 919 2335 Ι).
935 2274 973 2335 Ν.

181 2376 292 2439 vocatis
313 2377 350 2437 ad
372 2397 401 2438 se
422 2379 555 2439 omnibus
576 2378 790 2449 Cardimlibus,
812 2377 847 2438 de
868 2395 970 2438 eorum

181 2477 301 2539 consilio
323 2478 455 2543 decrevit
469 2496 568 2539 rosam
583 2480 674 2558 ipsam
691 2478 884 2540 Serenissimo
898 2476 971 2558 Regi

180 2579 323 2641 Francius
354 2581 492 2653 mittere3
513 2582 619 2641 etalio
652 2580 749 2641 omnia
771 2597 854 2640 more
886 2580 971 2640 solito

180 2691 248 2739 sunt
269 2679 443 2753 observata,
464 2699 530 2742 rosa
552 2700 604 2761 per
631 2680 738 2760 Papam
759 2679 797 2740 nd
823 2697 970 2742 cameram

145 2801 147 2805 ·
181 2798 265 2841 suam
287 2791 445 2861 reportata.

224 2882 311 2942 Paria
332 2882 470 2956 monada,
491 2899 524 2944 x.
543 2882 613 2942 dieti
635 2883 737 2944 mensis
759 2883 866 2957 martii,
892 2885 971 2945 circa

181 2980 268 3043 baem
298 2984 404 3045 secreti
427 2983 595 3045 Consistorii
615 2985 711 3044 vocati
742 3002 794 3045 sen
816 2978 970 3046 intromissi

181 3081 303 3145 luerunt
325 3086 353 3143 in
376 3083 448 3146 illud
469 3102 567 3146 omnes
587 3084 713 3146 Praelati
731 3097 761 3147 et
782 3084 922 3148 Oratores
943 3089 970 3149 in

181 3181 305 3245 Camere
327 3185 488 3264 paramenti
510 3194 580 3244 tnnc
601 3184 753 3246 existentes
778 3196 808 3246 et
829 3183 971 3249 Oratores

181 3281 325 3346 Rhodiani
340 3284 376 3345 ad
393 3285 582 3346 obedientiam
598 3285 798 3365 praestandam
817 3286 905 3347 missi.
919 3289 970 3371 ln·

182 3393 302 3447 trarunt
322 3388 419 3466 primo
440 3388 493 3467 ipsi
513 3385 654 3449 Oratores
675 3386 840 3460 ilbodiani,
861 3399 891 3450 et
912 3389 969 3448 im-

185 3486 306 3548 mediate
327 3498 391 3567 post
405 3506 454 3550 eos
472 3489 594 3567 praelati
609 3488 712 3549 Palatii
731 3499 759 3550 ct
774 3489 822 3549 alii
837 3507 871 3550 ac
891 3487 971 3550 Ora·

185 3596 274 3647 tores.
294 3585 419 3648 Praelnti
450 3587 553 3648 Palatii
585 3599 727 3649 steterunt
759 3589 795 3648 ad
827 3590 971 3651 sinistram

185 3685 303 3766 Papae,
325 3683 466 3748 Oratores
491 3707 561 3749 raro
581 3689 704 3767 praelati
736 3701 768 3750 et
786 3691 836 3750 alii
864 3691 899 3750 ud
920 3690 972 3752 de·

146 3814 149 3820 ’
188 3798 295 3848 sterant
318 3785 465 3849 Pantidcis
498 3798 579 3849 retro
601 3789 788 3850 Cardinales:
810 3789 888 3870 Papa
909 3804 972 3853 erat

184 3887 213 3945 in
237 3887 358 3950 rocheto
379 3898 408 3949 et
430 3889 606 3967 cappnecino
621 3889 722 3950 rubeo.
746 3887 886 3953 Oratores
914 3904 972 3954 tres

181 3986 339 4062 Rhodiani,
361 3990 445 4050 lactis
467 3989 585 4064 tribus,
604 3991 688 4051 solita
710 3990 864 4065 distantia,
886 4012 972 4054 rere·

181 4090 302 4163 ravidis,
323 4100 507 4152 accemerunt
535 4090 572 4150 ad
603 4090 796 4165 Pontificem,
815 4092 971 4173 Aneiriepi·

180 4206 286 4269 scopus
305 4191 401 4269 primo
413 4234 422 4264 ,
443 4202 472 4252 et
501 4191 603 4252 deinde
630 4210 753 4272 magnus
773 4190 885 4265 Boline,
908 4206 970 4255 tum

181 4287 269 4349 Prior
275 4311 286 4363 3
309 4301 339 4350 et
359 4292 468 4370 singuli
490 4292 590 4371 pedem
613 4312 755 4367 inanum,
776 4305 804 4355 et
825 4314 858 4355 os
877 4295 971 4375 Papae

180 4389 306 4449 osculati
337 4400 426 4463 sant,
459 4404 547 4471 prout
578 4396 607 4454 iu
639 4397 763 4475 publicis
794 4398 972 4458 consistoriis

181 4487 246 4550 lleri
258 4492 416 4552 consuevit.
429 4490 506 4552 Tum
521 4495 765 4577 archiepiscopus
780 4498 972 4577 praesentarit

183 4590 282 4651 literas
303 4590 403 4670 Magni
424 4591 556 4670 Magistri
579 4594 697 4675 Papae,
715 4598 766 4675 qui
785 4616 833 4659 eas
854 4599 972 4660 tradidit

180 4691 318 4770 episcopo
331 4690 545 4771 Caputaqnensi
567 4699 725 4759 secretario
745 4709 799 4758 stro
820 4699 972 4779 legendas,

183 4790 283 4854 deinde
304 4803 535 4854 retrocesserunt
549 4794 622 4855 'dicti
645 4806 703 4856 tres
716 4795 857 4860 Oratores
878 4817 971 4877 usqne

147 4912 151 4922 ·
181 4904 263 4956 extra
284 4893 410 4956 scabella
424 4888 646 4971 Cardinalium,
668 4909 696 4958 et
717 4899 822 4962 ibidem
838 4900 875 4960 ad
890 4900 971 4961 Pon-

184 4991 296 5055 tilicem
310 4995 386 5054 versi
399 4995 627 5073 genuflexertmt.
646 4996 747 5059 Vocati
766 5011 794 5060 et
816 5001 971 5064 intromissi

180 5105 249 5155 sunt
271 5113 306 5155 ex
327 5099 527 5158 commissione
546 5097 652 5178 Papae,
668 5118 713 5162 mc
728 5108 851 5179 petente,
872 5121 971 5166 omnes

182 5193 216 5254 de
230 5196 332 5258 ordine
347 5196 447 5259 Sancti
459 5198 595 5260 lobannis
608 5200 852 5262 Hierosolimitani
870 5203 898 5263 in
918 5223 970 5265 ea·

180 5312 264 5357 mera
286 5299 446 5376 paramenti
467 5301 639 5374 existentes,
659 5302 709 5378 qui
732 5302 809 5363 eirca
825 5301 970 5368 Oratores

674 225 957 294 conculcantis
978 227 1203 295 mutarunt
1224 231 1352 296 SEXTl.

1721 230 1829 317 (tros)

1040 365 1221 444 supradictas
1242 363 1411 427 libodianas
1431 361 1698 455 gestandaeque
1723 363 1830 428 Secre-

1041 465 1133 527 tarius
1153 466 1222 545 legit
1243 466 1377 538 litteras,
1398 475 1462 527 tura
1484 464 1730 546 Arcbiepiseopns
1751 466 1830 527 reei-

1041 565 1113 628 tavit
1133 567 1291 628 orationem
1321 563 1512 645 genuflexus3
1546 582 1603 643 qua
1637 563 1720 626 finita
1748 565 1827 644 Papa

1040 667 1187 748 respondit
1200 677 1230 729 et
1243 667 1313 746 ipse.
1327 649 1415 732 Pacta
1429 668 1612 748 responsione
1627 666 1735 746 Papae,
1748 665 1827 728 Ora·

1042 778 1120 831 tures
1142 779 1201 830 tres
1230 767 1375 848 praedicti
1397 768 1548 830 ‘redierunt
1579 768 1614 826 ad
1637 766 1829 842 Pontificem,

1041 866 1147 944 quibus
1166 867 1203 927 ad
1225 866 1370 928 sinistram
1391 868 1559 947 genuflexis,
1580 868 1709 942 Priores,
1735 869 1830 945 etalii

1042 970 1167 1048 religiosi
1173 967 1291 1037 Ordinis
1305 970 1444 1053 praedicti
1458 970 1563 1032 ibidem
1576 971 1728 1032 existentes
1743 988 1830 1031 oseu-

1042 1062 1102 1132 lati'
1118 1081 1188 1131 sunt
1207 1071 1308 1151 pedem
1330 1071 1441 1151 Papae..
1459 1071 1554 1143 Tum,
1576 1070 1693 1131 obtenta
1714 1088 1732 1128 a
1755 1069 1828 1150 Papa

1042 1171 1166 1244 licentia,
1188 1170 1274 1233 iidem
1295 1173 1436 1234 Oratores
1457 1171 1493 1231 ad
1513 1170 1635 1232 domum
1650 1170 1828 1245 ¹retlicrnnt;

1041 1273 1090 1349 qni
1111 1271 1166 1333 boo
1187 1291 1272 1335 mane
1288 1275 1325 1333 ad
1344 1272 1489 1333 Palatium
1512 1273 1693 1336 venientesa
1716 1271 1829 1332 familiis

1040 1370 1133 1434 lievv.
1155 1373 1191 1432 Ι).
1214 1372 1448 1435 vicecancellarii
1464 1371 1585 1432 Ordinis
1600 1371 1745 1453 praedicti
1761 1391 1830 1452 pro·

1041 1473 1181 1546 tectoria,
1200 1484 1229 1535 et
1250 1492 1301 1553 per
1329 1473 1464 1553 plurium
1481 1473 1608 1533 aliorum
1628 1472 1827 1535 Cardinrlium

1038 1571 1161 1634 familias
1182 1572 1301 1635 luerunt
1320 1572 1459 1635 associati.
1477 1572 1531 1652 lpsi
1546 1583 1645 1634 antem
1666 1582 1728 1632 tres
1750 1569 1829 1634 Ora·

1041 1685 1118 1736 tores
1139 1673 1224 1735 simul
1246 1674 1439 1753 equitarunt,
1459 1684 1518 1734 tam
1548 1673 1646 1734 eundo
1667 1692 1758 1751 quam
1781 1691 1828 1734 re·

1039 1774 1164 1848 denudo,
1185 1775 1321 1854 praelatis
1343 1784 1407 1854 post
1428 1793 1477 1836 eos
1496 1773 1703 1852 equitantibus.

1081 1874 1166 1937 Faria
1190 1886 1307 1952 quarta,
1328 1891 1383 1936 xta.
1405 1874 1474 1935 dicti
1497 1877 1600 1937 mensis
1626 1874 1741 1947 martii,
1760 1874 1828 1935 leste

1040 1963 1140 2039 Sancti
1154 1974 1290 2055 Gregorii
1308 1975 1414 2055 Papae,
1431 1975 1487 2036 SS.
1505 1975 1541 2035 Ι).
1561 1975 1595 2036 Ν.
1618 1985 1743 2055 paratus
1757 1974 1828 2044 ami÷

1040 2090 1101 2151 ctu,
1118 2076 1196 2151 alba,
1213 2076 1346 2155 cingulo,
1366 2076 1545 2155 cappnecino
1564 2076 1655 2148 albo,
1673 2076 1749 2153 stola
1766 2073 1827 2134 alba

1040 2177 1165 2255 pretiosa
1187 2187 1216 2237 et
1235 2177 1346 2238 birreto
1367 2177 1456 2251 albo,
1478 2176 1720 2257 praecedentibus
1740 2193 1831 2244 eruce,

1039 2287 1068 2337 et
1087 2276 1300 2350 Cardimlibus,
1314 2279 1456 2355 equitavit
1471 2278 1589 2354 in'eqno
1600 2276 1667 2337 albo
1685 2275 1741 2336 sub
1759 2293 1827 2353 cap·

1039 2378 1116 2456 pello
1129 2395 1212 2440 more
1224 2377 1311 2437 solito
1332 2396 1384 2457 per
1400 2396 1537 2458 campum
1560 2377 1685 2450 Florae,
1707 2378 1826 2456 plateam

1039 2477 1217 2539 ludaeorum
1245 2475 1330 2553 justa
1353 2478 1492 2558 hospitale
1515 2478 1550 2539 dc
1572 2477 1774 2540 Consolatione
1793 2475 1826 2534 ad

1038 2579 1189 2640 ecclesiam
1205 2577 1305 2639 Sancti
1320 2577 1471 2658 Gregorii,
1488 2579 1603 2640 Missam
1621 2580 1764 2640 lecturus.
1780 2576 1828 2636 Pi·

1038 2680 1096 2740 nita
1117 2679 1291 2740 confessione
1312 2697 1381 2740 cum
1402 2678 1440 2738 Ι).
1462 2679 1573 2739 Abbate
1590 2723 1599 2752 ,
1616 2679 1699 2758 Papa
1720 2679 1776 2739 ivit
1793 2677 1828 2737 ad

1039 2777 1232 2841 faldistorium
1266 2779 1295 2838 in
1328 2781 1438 2859 angulo
1471 2781 1607 2841 tribunae
1629 2790 1714 2841 extra
1736 2797 1826 2841 cornu

1038 2879 1190 2959 Evangelii
1211 2878 1263 2939 sibi
1285 2889 1446 2958 paratum,
1472 2880 1522 2941 ubi
1549 2880 1632 2944 derit
1653 2899 1707 2960 per
1738 2890 1826 2941 totam

1038 2981 1154 3043 Missam
1174 2981 1260 3043 etiam
1283 2999 1352 3041 cum
1373 2981 1568 3061 Evangelium
1587 2982 1754 3044 diceretur:
1774 2981 1827 3042 Se·

1039 3085 1133 3144 nensis
1152 3092 1182 3143 et
1202 3082 1237 3143 de
1259 3081 1393 3154 Sabellis,
1405 3083 1499 3164 Papae
1514 3085 1688 3157 assistentes,
1710 3085 1826 3145 luerunt

1039 3182 1251 3262 retroPapam
1273 3185 1302 3243 in
1323 3183 1400 3246 dicta
1420 3185 1485 3269 loco
1506 3184 1669 3264 genuflexi,
1693 3183 1827 3264 Neapoli·

1039 3295 1123 3344 tanus
1143 3294 1171 3344 et
1196 3283 1394 3350 Ulixbonensis
1412 3283 1549 3365 Episcopi
1572 3284 1743 3346 Cardinales
1765 3285 1826 3347 lue·

1039 3395 1110 3446 runt
1131 3383 1272 3464 genulleri
1289 3384 1325 3443 ab
1347 3386 1404 3446 ulia
1426 3382 1508 3464 parte
1529 3387 1663 3448 tribunae
1686 3387 1715 3446 in
1738 3404 1826 3448 cornu

1038 3486 1196 3566 Epistolae3
1219 3486 1255 3545 ad
1276 3497 1359 3547 extra
1380 3505 1462 3560 vero,
1481 3486 1698 3550 videlicetante
1719 3489 1825 3569 gradus

1039 3587 1171 3648 tribunae
1192 3587 1232 3653 ad,
1251 3588 1400 3649 dexteram
1424 3589 1557 3650 intrantis
1579 3589 1662 3650 etad
1684 3590 1825 3651 sinistram

1039 3698 1138 3766 parata
1160 3706 1276 3748 scamna
1298 3706 1365 3749 cum
1385 3687 1575 3749 banchalibus
1592 3690 1697 3768 tapetis
1716 3691 1746 3750 in
1767 3709 1824 3751 mc·

1038 3788 1086 3850 dio
1104 3791 1223 3862 stratis,
1246 3790 1274 3849 in
1296 3790 1403 3867 quibus
1418 3790 1551 3862 banchis,
1569 3791 1707 3853 videlicet
1728 3792 1765 3852 ad
1788 3793 1824 3852 si·

1039 3889 1159 3949 nistram
1181 3890 1316 3950 intrantis
1334 3890 1455 3952 luerunt
1474 3892 1574 3953 Sancti
1588 3893 1759 3968 Clementis,
1777 3895 1823 3954 Ja-

1037 3991 1152 4051 nuensis
1164 4034 1174 4063 ,
1195 3988 1380 4064 Parmensis,
1402 3991 1594 4075 Presbyteri.
1627 3994 1660 4053 ln
1682 3995 1740 4054 alia
1760 4013 1824 4056 vero

1038 4092 1074 4152 ad
1095 4093 1240 4155 dexteram
1256 4092 1411 4168 intrantis,
1426 4092 1590 4168 Columna,
1613 4095 1824 4158 ilicecaneella·

1039 4195 1124 4265 rius,
1145 4193 1244 4255 Sancti
1260 4193 1414 4267 Severini,
1436 4196 1623 4269 Valentinus,
1642 4197 1823 4268 Caesarinus,

1039 4294 1227 4367 Grimanus‚
1256 4296 1414 4356 Parnasius
1437 4340 1447 4369 ,
1480 4309 1508 4357 et
1541 4296 1656 4359 bonate
1690 4297 1824 4360 Dioceai

1038 4397 1221 4460 Cardinales:
1246 4407 1327 4458 retro
1361 4397 1552 4479 Presbyteros
1565 4438 1574 4472 ‚
1595 4398 1656 4460 sive
1686 4399 1724 4458 ad
1754 4400 1823 4460 latus

1036 4517 1141 4562 eorum
1159 4508 1241 4559 extra
1257 4515 1371 4558 scamna
1393 4499 1512 4560 luerunt
1528 4500 1648 4578 praelati
1665 4497 1823 4571 Oratores,

1035 4611 1067 4662 et
1087 4600 1123 4659 ad
1139 4601 1215 4659 latus
1229 4599 1427 4662 Diaconorum
1440 4601 1507 4662 laici
1519 4598 1673 4676 Oratores3
1689 4603 1824 4663 amiaten-

1038 4711 1080 4761 tes
1099 4699 1192 4778 Papae
1219 4711 1283 4778 post
1304 4699 1480 4775 Cardianus,
1503 4701 1631 4763 Praelati
1653 4702 1752 4763 etalii
1772 4701 1824 4761 sine

1038 4801 1160 4872 ordine,
1181 4800 1249 4861 licet
1269 4817 1385 4862 scamna
1415 4802 1500 4863 ebori
1521 4813 1615 4865 essent
1637 4802 1822 4865 banchalibus

1038 4919 1093 4980 pro
1113 4901 1153 4961 eis
1178 4911 1290 4961 amata.
1322 4902 1439 4963 Missam
1470 4903 1542 4984 legit
1562 4904 1600 4965 Ι).
1621 4905 1721 4966 Abbas
1743 4923 1823 4985 prae·

1037 4998 1131 5061 dictus
1153 5000 1188 5061 de
1220 5000 1328 5062 Sancto
1349 5001 1494 5081 Gregorio
1525 5023 1593 5065 cum
1609 5050 1771 5066 ......
1793 5004 1823 5065 de

1039 5102 1133 5176 ieria5
1155 5111 1185 5162 et
1207 5121 1261 5182 pro
1283 5101 1363 5182 Papa
1384 5101 1495 5164 librum
1523 5115 1587 5184 post
1614 5106 1822 5187 Evangelinm,

1035 5212 1067 5264 et
1087 5203 1195 5265 Pacem
1216 5202 1397 5265 ministravit
1418 5202 1492 5265 Rev.
1514 5204 1550 5264 Ι).
1567 5206 1732 5268 Cardinalis
1752 5206 1824 5268 Mea·

1036 5306 1182 5384 politanus
1214 5304 1311 5384 Papae
1343 5305 1545 5368 osculandam.
1582 5309 1690 5372 Pacem
1728 5307 1823 5371 deiide
