3764 6036
28 272 138 360 tates)

68 410 157 472 Faria
177 416 309 489 quarta,
331 406 362 468 tt.
384 404 456 481 ¹tlicti
485 399 715 483 memisjuuii,
744 399 828 489 bota.

30 513 141 575 decima
161 521 276 578 oetam,
290 509 333 568 vel
346 509 437 577 circa,
450 504 530 566 ttius.
546 502 683 582 Princeps
703 499 819 580 Capuae

29 735 93 788 dara
110 735 240 786 tuoraaia‘
253 747 268 784 a
284 732 359 784 datto
374 731 429 783 Don
444 730 526 795 tulgi
542 730 618 783 ilatio
640 733 728 781 stasao
742 739 818 780 mesa

28 814 53 864 di
68 815 166 879 glugno
182 815 199 864 tl
215 812 284 875 Papa
300 815 326 861 in
342 813 492 862 concistoro
511 809 704 865 secretodtede
721 808 819 871 l’invev

27 896 122 944 stitura
146 892 266 944 dell‘una
288 903 302 940 e
327 890 461 941 dell'altra
484 888 572 942 Sicilia
591 889 615 938 al
639 887 767 951 Drancipa
791 887 818 937 di

28 972 127 1035 capua,
145 984 193 1035 per
210 975 392 1021 mancamente
410 966 639 1034 d'AltonsoDuca
656 967 681 1018 dl
698 966 818 1017 Calavria

29 1065 76 1103 suo
87 1051 173 1115 padre
190 1063 205 1100 a
222 1049 249 1098 di
255 1049 393 1100 *latrando
405 1061 453 1121 sno
464 1060 515 1098 avo
527 1048 643 1099 dlvolnte
654 1047 705 1097 alla
715 1046 818 1097 Cbiesa.

65 1131 124 1183 Dua
140 1130 225 1194 glnrni
240 1129 310 1191 dopo
327 1128 345 1179 tt
361 1128 482 1191 Drinoipe
497 1138 576 1191 prese
599 1128 701 1177 ileauza
717 1125 818 1177 datstra

26 1209 135 1269 santiti,
152 1207 349 1275 supplicandota
366 1207 394 1256 di
409 1219 498 1258 nuovo
514 1220 531 1256 a
546 1207 620 1257 valer
637 1203 786 1268 perdonare
802 1216 819 1255 a

27 1301 73 1338 suo
91 1301 142 1337 avo
158 1300 173 1337 e
190 1287 289 1348 padre,
305 1297 319 1335 e
336 1298 389 1335 non
405 1286 550 1337 solamente
566 1298 580 1332 a
596 1296 649 1333 non
668 1283 744 1347 voler
761 1294 818 1331 mo·

26 1379 91 1418 vere
110 1368 134 1416 le
146 1365 210 1417 arnii
222 1365 344 1416 Francesi
363 1367 455 1414 contro
473 1364 499 1417 di
516 1364 582 1424 loro,
593 1362 642 1412 clie
654 1373 734 1413 erano
745 1364 818 1411 tanto

26 1450 145 1506 temuta,
179 1457 222 1495 ma
239 1457 258 1494 a·
270 1444 346 1493 volet·
369 1446 453 1493 anona
474 1443 600 1493 rltenerle
616 1442 665 1491 obe
687 1452 739 1490 non
755 1451 819 1501 pas·

28 1536 136 1576 sassero
153 1524 295 1587 ailapoti,
315 1522 426 1581 dicendo
448 1522 499 1572 ctae
522 1518 656 1578 serrendo
673 1517 818 1575 bellonae

26 1605 50 1652 d'
61 1606 122 1667 ogni
140 1606 246 1666 passato
264 1612 356 1650 errore
373 1601 397 1650 le
413 1592 576 1650 chied'evano
593 1598 746 1649 umilmente
758 1607 819 1658 per·

25 1681 103 1732 dono.
121 1679 140 1730 ii
157 1680 199 1731 nel
217 1679 294 1730 modo
311 1679 359 1728 che
376 1670 494 1728 entrd'in
511 1675 590 1728 Roma
602 1672 676 1736 ,nsci
693 1686 742 1738 per
762 1677 819 1723 tor·

25 1771 89 1809 nare
108 1771 122 1808 a
139 1770 201 1808 casa
217 1759 244 1807 in
261 1767 352 1807 mezzo
369 1770 383 1806 a
400 1755 533 1806 cardinali
551 1754 577 1805 dl
592 1754 775 1805 beneventos
792 1749 819 1801 di

26 1842 107 1888 &ata
135 1838 293 1896 Anastasia,
319 1839 369 1887 clia
393 1838 667 1898 l'aconmpagnarono
688 1832 740 1882 lino
765 1830 820 1896 ‚alla

26 1922 105 1979 porta
120 1915 311 1976 bateranensa,
329 1915 432 1972 avendo
448 1915 491 1966 nel
504 1913 639 1977 -puntodi
656 1912 756 1975 partire
776 1922 821 1961 aa·

27 1999 148 2046 sicurato
160 1996 175 2044 ll
193 1994 272 2056 Papa,
288 1988 336 2044 che
354 1994 420 2043 detti
438 1993 497 2042 suoi
515 2005 563 2041 avo
581 2005 595 2042 e
613 1991 695 2055 padre
709 1989 820 2038 nell'oc·

27 2075 137 2123 cesione
153 2072 332 2137 della'guarra
349 2073 441 2122 contro
457 2069 571 2130 Turclil,
587 2069 637 2120 cbe
653 2058 704 2133 sua
720 2064 821 2116 Saittlld

27 2165 111 2203 aveva
123 2164 171 2215 per
182 2151 329 2214 principale
346 2153 450 2214 oggotto
462 2150 568 2199 de'suol
585 2148 711 2210 wasleri,
726 2144 821 2195 avreb·

30 2232 102 2282 bono
116 2244 132 2280 a
145 2231 206 2281 lattl
222 2232 382 2291 scqncallato
399 2231 418 2278 li
431 2230 532 2291 Donati
544 2225 721 2303 maneamenti
734 2224 769 2275 ed
779 2235 820 2297 ep·

29 2315 84 2361 rori
105 2332 126 2359 ι.
144 2310 276 2360 l'iaaaan.
289 2322 316 2371 p.
333 2311 373 2359 52.

72 2388 139 2438 Cum
158 2389 199 2438 liic
216 2386 383 2437 burchardus
400 2386 522 2448 loquatur
534 2384 567 2435 de
579 2396 648 2434 nova
665 2383 821 2433 investitura

34 2471 110 2531 regni
123 2468 253 2526 Siciliae,
270 2466 345 2517 etde
362 2477 427 2530 pace
444 2469 470 2514 et
492 2464 599 2515 loedere
624 2459 820 2512 inter'Domuni

36 2550 183 2611 aragoniae
199 2553 227 2598 et
238 2547 406 2606 Pontificem,
423 2546 457 2596 da
474 2547 552 2595 venia
564 2544 598 2594 ab
608 2532 821 2607 Aragonenslbus

32 2631 119 2689 petita
131 2629 164 2676 a'd
179 2626 540 2696 supplendumquoup.1ao.
556 2625 750 2682 adnotavimus,
766 2622 823 2673 bnt·

37 2711 90 2756 tam
112 2705 267 2757 Privationls
291 2709 318 2755 et
339 2704 501 2754 Caduciiatis
523 2701 824 2765 anuottstl,ab1nno·

31 2787 122 2835 centio
138 2784 325 2847 promulgatam
347 2782 452 2832 adtarre
469 2781 650 2831 necessarium
663 2779 807 2831 credimus.

294 2919 296 2925 s
337 2860 448 2911 Omissis
466 2865 517 2911 elo.

74 2966 84 2986 ·
105 2942 248 2992 innomine
261 2940 362 2990 Domini
374 2945 463 2990 Amen.
476 2941 549 2990 Anno
561 2937 595 2989 ab
612 2939 671 3000 elus
687 2935 823 2987 salutifera

33 3023 180 3078 Nativitate
197 3022 266 3073 1489.
284 3020 427 3071 indictione
438 3018 550 3081 tlli,dta
562 3031 626 3069 vero
643 3020 720 3068 lunae
733 3016 823 3068 ultima

33 3106 133 3155 mensis
158 3101 286 3166 Augusti,
302 3100 469 3150 Pontificatus
494 3098 658 3151 sanctissimi
676 3099 703 3147 ln
718 3096 823 3147 Christo

31 3182 134 3241 Patris,
157 3185 184 3231 et
209 3179 237 3228 D.
261 3165 291 3231 li.
309 3178 337 3229 D·
360 3178 505 3228 iunocentii
539 3176 631 3227 Divina
652 3175 824 3239 providentia

30 3265 118 3327 Papae
136 3261 243 3320 Octavi,
259 3273 327 3309 anno
343 3261 444 3322 quinto.
462 3258 527 3309 Cum
549 3257 687 3320 praelatus
709 3255 845 3307 Sanctis-1

31 3344 114 3392 simus
131 3339 160 3390 tt.
177 3340 275 3392 Noster
287 3338 521 3396 animadverteret,
531 3337 604 3400 quod
620 3322 686 3386 ilaei
702 3335 757 3384 Ser.
770 3334 823 3384 ilex

32 3418 215 3472 Fordinandus
230 3418 264 3469 de
282 3418 369 3482 ltegno
381 3417 484 3467 Siciliae
502 3421 528 3466 et
545 3415 628 3466 Terra
644 3413 712 3465 citra
728 3412 822 3463 iarum

33 3501 135 3551 atelle.
159 3498 288 3548 recordat
313 3496 355 3546 Dio
379 3496 444 3559 Papa
469 3494 588 3546 Secundo
613 3493 822 3545 Praedeoessore

35 3594 86 3630 suo
100 3578 254 3636 investitus,
269 3580 296 3626 et
306 3576 507 3639 quamplurimis
523 3573 659 3624 beneflciis
678 3572 712 3624 ab
729 3571 821 3623 eodem

33 3666 58 3710 et
92 3660 151 3708 aliis
178 3656 301 3707 itomanis
328 3654 496 3705 ronttuctnus
524 3653 644 3716 ejusdem
671 3654 822 3704 sanctitatis

32 3724 363 3802 praedecessoribusque
380 3748 485 3798 quoque
498 3735 665 3785 beatitudine
683 3735 824 3800 decoratus

34 3818 137 3877 tuerit;
154 3817 225 3866 idem
250 3820 342 3866 tamen
367 3816 422 3867 ilex
444 3815 565 3877 capitulis
581 3819 607 3864 et
629 3812 825 3865 conditionibus

35 3900 212 3948 investiturae
229 3908 282 3945 non
299 3895 430 3957 impiatis,
447 3906 478 3943 ac
494 3896 573 3943 etiam
590 3896 748 3955 praetensae
765 3891 826 3940 six-

34 3980 104 4026 tinae
123 3964 273 4024 donationis
294 3974 383 4023 colors
400 3974 469 4022 omni
487 3983 598 4034 prorsus
615 3971 734 4032 extinto,
753 3971 825 4032 pacis

34 4059 103 4107 inter
120 4055 294 4105 Sanctitatcm
313 4044 389 4103 snam
407 4058 435 4102 et
450 4052 572 4121 eumdem
589 4051 683 4115 itegam
705 4049 827 4112 capitulis

34 4141 60 4187 et
77 4137 189 4188 loedere
206 4133 339 4196 abruptis,
355 4132 499 4196 juramenti
518 4132 624 4199 saepius
641 4131 761 4192 praestiti
782 4142 827 4180 te·

35 4216 134 4279 ligione
151 4219 251 4277 spreta,
267 4215 396 4273 censuris,
412 4211 507 4275 quibus
524 4211 647 4261 astrictus
664 4221 697 4260 ex
715 4211 829 4259 investi·

34 4300 111 4347 turae
129 4299 223 4345 tenore
237 4328 245 4349 ,
261 4298 288 4343 at
304 4293 369 4342 allas
393 4282 505 4341 intectus
530 4291 633 4345 extitit,
651 4290 826 4350 contemptis,

35 4376 209 4432 reverentia,
231 4384 308 4437 quam
322 4420 324 4423 ,
336 4370 451 4421 debebat
470 4370 547 4421 biatri
564 4374 590 4420 et
613 4367 738 4419 Domlnae
759 4366 826 4419 Suae

34 4458 168 4507 Romanae
184 4452 327 4512 Ecclesiae,
338 4464 368 4502 ac
380 4464 429 4514 pro
446 4456 566 4515 tempore
583 4448 699 4499 Pontillci
711 4448 826 4499 Romano

35 4533 200 4600 posthabita,
211 4544 260 4595 pro
277 4533 358 4593 gratia
376 4531 490 4594 cuipam,
506 4543 554 4593 pro
572 4529 674 4580 meritis
690 4527 828 4589 iniuriam,

34 4626 116 4680 quam
134 4611 267 4662 felloniam
284 4614 393 4669 vocant,
410 4610 494 4660 eidem
512 4610 620 4660 Sanctae
642 4609 701 4661 sedi
718 4613 745 4659 et
760 4608 827 4659 Suae

34 4693 174 4745 sanctitati
191 4690 356 4753 rependens,
372 4689 492 4738 cervices
508 4689 611 4750 erigere
627 4693 655 4739 at
671 4699 770 4738 cornua
789 4693 827 4739 at·

36 4776 133 4824 tollere
149 4775 241 4821 contra
257 4769 361 4819 Patrem
378 4771 405 4818 et
422 4766 560 4818 Dominum
582 4780 658 4821 suum
675 4780 727 4818 non
744 4779 829 4830 expa-

36 4855 82 4901 vit.
100 4852 204 4914 Quippe
215 4851 258 4912 qut
271 4860 385 4898 annuum
402 4859 528 4896 censuum
545 4850 605 4895 octo
622 4846 674 4896 mil.
692 4848 828 4898 unciarum

36 4934 95 4984 auri
112 4930 174 4996 puri
191 4930 225 4980 ad
239 4929 343 4993 pondus
361 4929 449 4991 llegni,
462 4926 519 4978 suis
536 4928 699 4997 temporibus
715 4929 828 4993 legitime

36 5012 244 5076 interpellatus,
260 5016 287 5059 et
304 5009 445 5072 praecipue
463 5022 476 5056 a
495 5008 609 5058 triennio
625 5009 706 5068 citra,
723 5013 752 5059 ut
773 5011 828 5058 tum

37 5106 71 5143 ex
87 5092 267 5149 investiturae
282 5088 435 5151 praedictae
452 5087 620 5150 obligatione,
638 5091 692 5136 tum
704 5099 738 5136 ex
755 5087 828 5149 pacis

38 5172 160 5234 capitulis
172 5173 200 5219 et
217 5167 324 5217 taedere
341 5165 526 5231 superioribus
539 5167 614 5218 annis
626 5167 694 5217 inter
705 5165 828 5218 eumdem

37 5248 175 5304 Dominum
192 5248 286 5311 Papam
304 5252 330 5297 et
347 5250 431 5311 ipsum
447 5246 650 5306 ferdinandum,
665 5247 738 5313 Duce
754 5247 829 5299 Cela-

37 5330 106 5386 briae
124 5333 186 5395 eius
204 5327 379 5394 primogenito
392 5328 416 5378 in
430 5326 577 5389 obsidione,
592 5340 641 5380 seu
652 5328 826 5393 oppressione

504 236 1038 341 -rottrtatcarus-inuoceuart
1059 259 1211 326 ornavi

1607 261 1668 326 ttlt

886 395 996 465 taedius
1018 396 1093 458 inter
1111 392 1175 456 itit.
1194 393 1257 454 titi.
1277 392 1444 460 &riuales
1475 392 1628 457 mnsam
1655 414 1674 455 a

887 495 1016 569 sinistris,
1036 505 1073 557 et·
1087 495 1351 557 Beneventanum
1369 493 1487 581 dextris,
1508 492 1558 574 qui
1580 511 1672 573 usque

886 740 971 791 almae
988 738 1063 790 Drbie
1080 742 1107 791 et
1123 739 1318 803 expugnatione
1335 741 1483 790 castrorum
1506 739 1676 789 circumvici-

885 830 979 868 norum
992 829 1062 883 cum
1087 815 1210 880 gentibus
1227 818 1363 881 armlgerls
1381 820 1444 867 tunc
1464 821 1575 880 agente,
1596 816 1676 868 sare·

886 898 1055 970 uisslmorum
1079 896 1248 962 Dominarum
1275 897 1351 959 sagis
1368 901 1396 947 et
1415 897 1527 961 uaginae
1546 896 1676 946 castellae

888 988 918 1024 ac
936 973 1107 1024 illustrissimi
1125 977 1153 1023 D.
1169 974 1249 1025 Ducis
1271 972 1409 1026 Mediolani
1434 974 1588 1025 interventu
1604 979 1631 1025 et
1647 973 1676 1024 tt·

888 1053 1085 1116 dejussionlbtts
1102 1054 1183 1104 initae
1200 1058 1226 1105 et
1242 1052 1369 1114 firmatae,
1386 1057 1441 1105 tum
1458 1068 1491 1105 ex
1508 1055 1613 1105 vinculo
1635 1067 1676 1105 re-

886 1133 963 1196 petlti
979 1134 1133 1196 juramenti,
1150 1136 1178 1183 nt
1194 1131 1381 1202 praemittitur,
1390 1134 1525 1197 praestiti,
1534 1132 1676 1184 tenebatur

885 1211 1010 1283 camarae
1026 1213 1202 1275 apostolicae,
1218 1225 1271 1264 non
1287 1214 1373 1265 solnm
1389 1227 1443 1264 non
1460 1214 1605 1276 persolvit,
1626 1213 1676 1264 sad

888 1292 1027 1367 manifesta
1042 1293 1206 1343 contumacia
1221 1293 1378 1356 persolvere
1394 1305 1462 1342 vana
1478 1296 1632 1355 argumenta
1648 1295 1675 1342 et

887 1371 1069 1443 cavillationes
1087 1375 1211 1422 causatus
1227 1371 1384 1436 denegavit,
1401 1373 1452 1423 alia
1469 1372 1543 1435 pacis
1560 1369 1676 1430 foedera,

887 1451 1005 1513 aliasque
1022 1450 1194 1514 obligationes
1211 1451 1337 1511 violavit,
1355 1450 1576 1513 manifestamque
1603 1448 1676 1512 inlu·

887 1529 954 1580 riam
971 1530 997 1579 in
1014 1530 1133 1594 plurimis
1150 1530 1209 1581 bulo
1224 1530 1335 1580 Sanctae
1356 1520 1416 1581 sarit
1441 1530 1538 1580 intulit.
1559 1528 1591 1579 tlt
1613 1529 1676 1592 quia

887 1610 1013 1672 pastorali
1038 1609 1214 1669 solicitudini,
1229 1613 1272 1660 cul
1289 1610 1357 1661 idem
1373 1610 1414 1661 ss.
1429 1609 1554 1660 Dominus
1576 1609 1675 1663 Noster

887 1688 976 1744 divina
1002 1688 1169 1752 providentia
1196 1701 1322 1752 praeesse
1343 1690 1525 1754 dignoscitur,
1545 1687 1676 1740 incumbit

887 1780 992 1832 gregem
1009 1767 1168 1818 dominicum
1185 1772 1211 1818 et
1232 1770 1318 1832 gregis
1340 1781 1461 1832 pascua,
1476 1769 1611 1832 ipsiusque
1626 1779 1678 1830 pa·

888 1850 968 1899 storia
984 1851 1130 1912 pecullnm,
1147 1848 1223 1912 cujus
1238 1850 1410 1912 praecipuam
1429 1852 1542 1912 partem,
1559 1847 1676 1911 ltegnum

888 1932 916 1978 et
932 1928 1052 1988 Terram,
1068 1929 1101 1979 de
1118 1927 1215 1991 qulbus
1232 1928 1326 1992 agitur,
1343 1940 1404 1979 esse
1415 1929 1535 1987 constat,
1556 1927 1620 1977 totis
1636 1926 1678 1975 vi·

860 2045 863 2057 .
890 2007 964 2057 ribus
980 2007 1116 2060 custodire
1133 2011 1353 2067 stetissemus,
1373 2008 1552 2069 scriptumque
1569 2005 1676 2067 legitur,

888 2086 961 2150 quod
976 2098 1028 2136 non
1045 2097 1187 2148 numquam
1210 2085 1274 2135 vltla
1291 2098 1320 2136 se
1336 2088 1448 2146 virtutes
1465 2097 1526 2136 esse
1543 2084 1676 2134 mentiun-

889 2171 945 2227 tur,
962 2170 988 2216 et
1010 2176 1079 2228 quae
1104 2164 1211 2215 nimium
1233 2164 1366 2215 excedunt
1390 2163 1495 2214 modum
1517 2162 1674 2221 clamantia,

888 2248 991 2307 pietas,
1008 2248 1035 2293 et
1056 2243 1183 2307 patientia
1205 2241 1323 2293 sedentis
1348 2244 1374 2304 in
1397 2247 1494 2301 trono,
1509 2242 1681 2305 negligentia,

889 2324 1006 2387 gnavis,
1021 2327 1100 2386 atque
1116 2322 1239 2373 socordia
1255 2335 1318 2373 vere
1334 2327 1361 2374 et
1382 2321 1521 2373 manifeste
1547 2332 1608 2371 assa
1634 2319 1679 2369 di·

890 2407 1060 2467 gnoscuntnr.
1084 2401 1180 2452 llidens
1198 2401 1328 2452 sanctitas
1343 2400 1395 2452 Sua
1410 2395 1574 2463 deprehendi
1596 2410 1677 2461 possa

889 2494 923 2534 ex
950 2481 1097 2545 praedictis
1123 2480 1221 2532 dictum
1248 2481 1341 2545 Regem
1363 2479 1557 2531 Ferdinandum
1578 2481 1676 2542 alure

890 2561 968 2624 [tegni
992 2564 1020 2610 et
1042 2561 1216 2611 investiturae
1240 2559 1392 2619 excidisse,
1416 2559 1507 2624 sicque
1529 2557 1676 2624 praelatum

893 2641 1008 2704 itegnnm
1032 2639 1134 2690 siciliae
1151 2643 1178 2690 et
1194 2639 1302 2691 Terram
1320 2650 1353 2689 ex
1372 2639 1492 2701 legitimis
1516 2639 1605 2689 causis
1623 2638 1680 2702 jam

890 2721 1040 2772 devolutam
1067 2731 1127 2769 esse
1155 2718 1189 2768 ad
1214 2718 1307 2770 sedem
1332 2718 1498 2781 praelatam,
1520 2721 1547 2767 et
1573 2717 1682 2781 insuper

891 2798 1021 2864 aliquibus
1039 2798 1097 2848 aliis
1114 2799 1215 2849 caussis
1232 2799 1381 2861 praelatum
1399 2797 1593 2849 lardinandum
1604 2797 1683 2849 dictis

891 2879 978 2941 Regno
1003 2881 1030 2928 et
1054 2877 1137 2928 Terra
1162 2890 1192 2928 ac
1217 2879 1289 2928 omni
1313 2878 1392 2930 tendo
1415 2880 1495 2944 etlam
1512 2879 1610 2940 privari
1633 2889 1682 2939 per

892 2955 1063 3021 sanctitatem
1078 2956 1157 3007 suam
1172 2958 1233 3019 lure
1252 2970 1341 3020 possea
1361 2957 1482 3010 decrevit
1497 2956 1685 3009 praedeeesso-

893 3049 952 3086 rum
969 3048 1078 3087 suorum
1095 3037 1224 3099 exemplis
1241 3038 1388 3095 excitatus,
1404 3038 1449 3101 qui
1466 3037 1538 3098 regul
1554 3034 1684 3103 praedicti

893 3119 1066 3178 occupatores
1091 3116 1237 3165 severitate
1261 3114 1416 3178 disciplinae
1437 3113 1633 3165 ecclesiasticae
1655 3119 1682 3163 at

891 3194 1038 3258 privatione
1061 3190 1141 3255 Regni
1165 3195 1259 3256 punire
1275 3206 1328 3244 non
1345 3194 1539 3256 neglexerunt,
1557 3190 1589 3241 ad
1614 3192 1685 3241 ulte·

892 3278 990 3324 riorem
1004 3273 1072 3334 luris
1087 3272 1160 3323 Rom.
1182 3270 1253 3322 Eccl.
1270 3278 1297 3322 et
1313 3273 1353 3323 sui
1371 3274 1594 3334 prosecutionem,
1606 3274 1683 3332 prout

894 3353 998 3415 iustitia
1026 3351 1174 3410 suadebit,
1198 3351 1232 3400 da
1257 3351 1374 3401 oonsilio,
1394 3349 1683 3403 Devorendlsaimorum

893 3430 1063 3486 Domitiorum
1085 3429 1112 3478 S.
1139 3428 1167 3478 tt.
1185 3428 1215 3481 tt.
1233 3428 1424 3491 cardinalium,
1441 3434 1468 3480 et
1483 3429 1555 3479 Sacri
1571 3429 1683 3480 Senatus

893 3510 1048 3573 procedere.
1063 3507 1102 3561 Ne
1118 3508 1198 3571 igitur
1214 3510 1330 3568 interea,
1346 3509 1498 3572 huiusmodi
1520 3509 1612 3570 culpas
1634 3507 1685 3558 snb

894 3590 1015 3648 silentio,
1033 3592 1078 3638 aut
1093 3587 1303 3638 dissimulatione
1324 3589 1473 3651 praeterire
1489 3587 1629 3646 videatur,
1650 3599 1685 3636 ex
1744 3630 1746 3633 ,

894 3682 947 3733 quo
963 3667 1022 3717 sedi
1042 3666 1207 3730 spostolicae
1224 3666 1415 3728 praeiudicium
1427 3666 1519 3717 interri
1531 3670 1623 3729 posset
1633 3678 1684 3727 pro

895 3747 1099 3798 conservatione
1123 3745 1219 3803 jurium
1236 3745 1357 3801 eiusdem
1372 3745 1483 3797 &notae
1500 3745 1589 3802 sedis,
1610 3749 1637 3793 et
1652 3743 1689 3793 tt.

893 3825 934 3887 E,
956 3827 1025 3877 idem
1049 3824 1092 3874 ss.
1118 3822 1245 3874 Dominus
1269 3830 1361 3874 noster
1385 3825 1412 3875 in
1433 3836 1482 3874 suo
1505 3822 1586 3872 sacro
1607 3821 1685 3871 solito

896 3903 1058 3959 consistorio
1080 3901 1188 3952 Secreto
1204 3901 1232 3952 ii.
1249 3900 1278 3950 D.
1295 3901 1319 3951 S.
1335 3903 1364 3952 lt.
1379 3901 1407 3952 ti.
1424 3901 1502 3952 Card.
1521 3901 1553 3950 de
1576 3912 1683 3953 eorum·

895 3981 955 4032 dem
967 3979 1018 4030 DD.
1029 3979 1109 4030 Card.
1122 3980 1235 4031 manimi
1247 3980 1359 4030 consilio
1375 3984 1402 4030 at
1419 3981 1445 4030 ln
1467 3979 1618 4042 praesentia
1634 3989 1683 4028 no·

896 4065 1011 4111 atrorum
1029 4059 1202 4117 notariorum,
1218 4062 1245 4108 et
1261 4060 1368 4108 testium
1386 4055 1689 4119 infrascriptarumbao

895 4138 1006 4187 solemni
1032 4136 1223 4187 Protestatlone
1251 4139 1414 4198 protestatur
1439 4148 1470 4186 ac
1493 4136 1580 4198 palam
1608 4135 1688 4192 tacit,

895 4216 974 4280 quod
990 4227 1038 4278 per
1064 4220 1201 4278 parentem
1218 4215 1395 4265 nominatione
1412 4220 1457 4266 aut
1474 4216 1495 4266 si
1517 4213 1612 4276 quovis
1634 4214 1686 4265 alio

895 4294 974 4347 modo
1001 4292 1034 4342 de
1057 4296 1147 4343 cetero
1170 4292 1320 4355 praelatum
1338 4293 1549 4357 Derdltegem,
1566 4293 1608 4343 vel
1630 4294 1689 4355 eltis
1734 4328 1737 4335 ,

896 4374 962 4424 tilios
978 4379 1006 4422 et
1024 4384 1196 4423 successores
1213 4371 1290 4435 ltegls
1308 4371 1385 4433 tilios,
1401 4377 1428 4423 et
1446 4385 1629 4431 successores,
1645 4374 1688 4422 vat

896 4454 1106 4518 quibuscumque
1117 4452 1199 4502 titulis
1210 4451 1378 4514 dignitatum,
1394 4453 1429 4504 ad
1445 4452 1579 4504 idtorsau
1588 4451 1686 4504 lacien-

900 4533 971 4584 tibus
988 4529 1179 4594 appellaverit,
1190 4532 1302 4595 eiusque
1320 4534 1377 4583 sivo
1394 4546 1485 4584 eorum
1496 4533 1617 4592 Nuntios,
1627 4531 1687 4581 Pro·

897 4617 1056 4671 curatores,
1072 4613 1099 4660 el
1116 4609 1242 4661 Oratores
1260 4624 1308 4674 pro
1326 4611 1411 4676 ttagtts
1426 4613 1547 4671 unitus,
1562 4610 1691 4661 Procura-

898 4691 1018 4752 toribns,
1035 4689 1092 4740 sive
1110 4689 1266 4741 Oratoribus
1282 4691 1434 4753 admiserit,
1449 4690 1623 4753 eumdemque
1640 4690 1688 4741 lle·

896 4784 954 4836 gem
965 4775 993 4821 ut
1005 4771 1072 4820 allos
1083 4769 1254 4832 praedictos,
1270 4782 1317 4822 sati
1335 4783 1426 4821 eorum
1443 4769 1588 4834 quamlibet
1603 4768 1686 4822 verbo

899 4853 941 4902 vel
953 4851 1022 4900 lacto
1038 4848 1135 4899 litteris
1152 4849 1232 4899 etiam
1249 4849 1299 4899 sub
1314 4849 1434 4912 plumbo,
1445 4859 1491 4899 aut
1506 4850 1585 4899 anulo
1601 4849 1691 4911 pisca·

901 4930 966 4989 toris
987 4939 1035 4991 pro
1053 4939 1082 4977 aa
1098 4927 1141 4975 vel
1158 4928 1236 4978 etiam
1254 4940 1381 4983 unacum
1398 4941 1475 4980 mern
1496 4929 1628 4993 collegio,
1646 4938 1691 4982 aut

897 5009 964 5058 Suae
980 5007 1133 5059 sanctitatis
1145 5006 1425 5068 Dliicialesconsuetis,
1440 5013 1502 5059 ente
1518 5013 1688 5071 praesentem

899 5089 1120 5139 Protestationem
1137 5087 1189 5138 illis
1205 5086 1334 5146 exbiberi,
1352 5088 1437 5152 Regiis
1452 5088 1596 5139 bonoribus
1611 5092 1638 5138 et
1655 5090 1690 5138 tl·

901 5170 963 5219 tulis
979 5169 1173 5226 nominaverit,
1187 5168 1359 5224 tractaverit.
1376 5180 1424 5219 seu
1450 5165 1560 5222 eoadem
1589 5166 1691 5218 admitti

900 5250 1063 5314 contigerit,
1089 5248 1187 5299 nullum
1220 5246 1412 5311 praeiudicium
1439 5247 1602 5298 devotationi
1629 5247 1692 5299 dieti

900 5330 990 5395 ltegni,
1007 5328 1086 5382 etiam
1103 5328 1223 5383 tacultatl
1239 5328 1371 5393 privandi,
1386 5341 1435 5382 seu
1451 5330 1584 5393 privatum
1603 5327 1691 5381 decla·
