3764 6036
182 264 241 325 the
654 267 940 332 PDNTlPlchUS
962 265 1186 330 iunocentu
1206 264 1359 329 001111.

178 408 404 470 doximiancnsis
431 409 587 472 celebrarit
606 411 727 494 ,Missam
748 413 905 473 solemnem
942 413 970 471 in

178 510 298 572 ecclesia
334 509 432 571 Sancti
464 508 574 572 Nicolai
605 513 633 572 in
661 511 786 575 carcere
815 512 974 574 Tulliano·

182 613 230 672 cui
252 612 451 673 interfuerunt
471 612 622 675 duodecim
644 612 821 687 cardinales,
844 614 975 677 videlicet

182 713 453 782 vicecancellarius,
470 712 570 774 Sancti
592 714 671 795 Petri
693 714 728 774 ad
753 715 882 787 Vincula,
896 714 973 774 San·

179 825 243 874 ctue
264 813 372 875 Mariae
392 816 420 874 in
439 813 574 886 Portica,
589 815 689 875 Sancti
710 816 825 894 Angeli,
837 818 972 894 episcopi,

181 913 212 975 S.
239 913 414 988 clementis,
436 916 607 989 dunuensis,
629 918 871 989 Beneventanus,
901 918 971 975 ›lle-

180 1015 290 1086 riensis,
309 1015 437 1076 Sanctae
452 1018 641 1090 Anastasiue,
660 1017 839 1099 presbyteri,
860 1014 971 1075 Senen-

163 1118 236 1188 sis,
254 1116 288 1177 de
310 1116 463 1186 Caluenna,
484 1127 512 1178 ct
543 1117 578 1178 de
600 1118 732 1190 Sabellis,
755 1117 805 1195 qui
832 1119 969 1176 ultimum

178 1218 273 1277 locum
307 1218 482 1296 occupabat,
514 1236 581 1279 carn
608 1229 681 1280 esset
700 1221 743 1278 sol
767 1218 970 1278 cardinalatus

176 1316 308 1389 ecclesio,
319 1317 440 1377 diracoai.
464 1317 548 1379 Dicta
564 1310 614 1379 est.
630 1365 657 1378 ..
678 1321 771 1379 oratio
792 1329 821 1379 et
833 1316 927 1379 Credo
940 1327 970 1377 et

177 1418 256 1477 nulla
273 1417 307 1480 de
327 1418 525 1479 Adventu
549 1420 640 1481 dictae
657 1412 760 1481 essent.
781 1420 813 1479 ln
835 1418 902 1493 lirae,
923 1437 968 1481 me

177 1529 307 1597 petente,
333 1519 501 1582 cardinales
535 1532 739 1582 concesserunt
765 1520 966 1600 indulgentiam

174 1619 410 1682 centumdiermn
423 1621 643 1699 cuilibet,qoam
654 1622 847 1702 pronunciavi
859 1622 913 1682 sub
923 1621 966 1682 his

176 1720 281 1781 verbis:
292 1718 379 1778 altu.
393 1722 421 1779 in
432 1720 551 1782 cirristo
563 1721 664 1782 Patres
674 1733 703 1782 et
711 1723 839 1791 Domini,
850 1722 966 1782 Domini

173 1820 338 1882 Cardinales
360 1821 408 1882 hic
430 1831 602 1901 praesentes,
617 1823 749 1885 videlicet
771 1824 891 1903 quilibet
913 1843 964 1885 eo·

172 1939 255 1995 rum,
273 1922 323 1982 dat
344 1931 374 1983 et
391 1923 524 1984 coaccedit
544 1925 676 1985 omnihus
699 1925 747 1986 hic
768 1925 966 2007 praesentibus

172 2032 288 2090 centum
314 2011 377 2082 vdies
411 2023 606 2104 indulgentiae
635 2027 663 2085 in
692 2028 786 2087 larma
818 2026 966 2088 Ecclesiae

172 2133 320 2185 consueta:
328 2119 418 2184 Orate
435 2122 528 2185 Deum
548 2145 603 2206 pro
623 2127 700 2187 iclici
722 2138 799 2187 statu
814 2126 963 2190 Ecclesiae

172 2222 317 2285 Romanae
331 2218 379 2283 4.
401 2226 467 2285 Alia
493 2226 647 2288 observata
668 2240 736 2289 aunt
763 2227 847 2290 more
869 2231 962 2291 solito.

171 2325 336 2388 cardinales
355 2325 490 2387 sederunt
506 2328 533 2388 in
555 2341 637 2408 parte
654 2330 800 2392 Ecclesiae
823 2331 852 2389 in
871 2347 964 2391 cornu

171 2422 343 2506 Evangelii,
366 2427 492 2488 Praeluti
512 2429 541 2488 in
560 2429 614 2490 alia
633 2443 715 2510 parte
744 2431 784 2490 illi
813 2432 964 2511 opposita,

172 2525 304 2587 videlicet
326 2526 354 2585 in
376 2546 469 2587 cornu
489 2527 635 2609 Epistalue
657 2530 711 2590 suh
736 2530 863 2590 tribuna.
886 2529 966 2592 can·

174 2636 250 2687 tores
272 2627 416 2704 cappellae
431 2639 544 2689 nostrae
563 2628 631 2690 huic
651 2630 750 2691 blissoe
772 2630 966 2694 iraterluerunt

174 2743 255 2787 more
278 2727 363 2786 salita
381 2738 520 2788 canentes.

214 2825 351 2899 Sabbata,
373 2829 508 2906 vigesima
537 2839 642 2906 ‹puarta
673 2829 842 2904 decembris,
866 2830 964 2910 vigilia

172 2925 335 2988 Natiuitatis
356 2926 392 2986 D.
408 2925 441 2987 N.
458 2926 525 2988 lesu
542 2928 660 3002 christi,
674 2927 729 2991 SS.
742 2932 889 2992 Dominus
904 2931 965 2993 No·

171 3010 229 3088 ster
251 3036 368 3106 paratus
394 3026 423 3087 in
445 3047 559 3089 camera
583 3028 731 3111 Papagalli
752 3051 835 3094 more
857 3035 965 3107 solita,

171 3127 249 3186 venit
268 3124 305 3185 od
327 3126 479 3188 Basilicam
513 3129 613 3189 Sancti
642 3132 744 3206 Petri,
766 3132 965 3195 cardinalibus

119 3281 122 3286 .
171 3243 239 3287 cum
260 3245 364 3287 eorum
385 3230 481 3309 cappis
501 3218 755 3310 praecedentibus,
775 3244 803 3295 et
831 3235 969 3314 praelatis

171 3325 258 3386 etiam
271 3327 298 3385 in
310 3329 406 3407 cappis
419 3330 513 3409 ipsum
529 3334 724 3411 sequentibus,
743 3335 785 3396 uti
801 3336 890 3397 donec
902 3349 965 3396 sto·

170 3437 216 3486 ret
229 3425 369 3505 vesperae
381 3431 495 3508 papales
506 3441 561 3492 etc.
585 3433 655 3494 Dedi
678 3433 712 3495 de
737 3438 871 3497 mandato
885 3437 963 3497 San·

163 3527 278 3586 vct‘itatis
287 3526 363 3588 Suae
376 3528 403 3587 in
416 3531 518 3591 eisdem
533 3535 656 3613 vesperis
669 3536 764 3597 locum
777 3536 855 3597 llius.
869 3536 964 3599 Latet·

169 3629 273 3706 gravio
301 3628 415 3690 Hessius
438 3632 505 3708 qui,
539 3634 623 3694 lutrae
645 3635 829 3698 decimonono
861 3637 962 3715 hujus,

170 3728 292 3790 Romam
309 3731 403 3807 reait,
419 3730 447 3791 io
468 3732 554 3811 plano
580 3737 644 3795 solii
671 3755 759 3816 supra
784 3738 819 3798 D.
840 3741 964 3801 Franci·

172 3849 254 3891 acum
270 3831 343 3893 (libo
356 3829 447 3891 lilium
473 3833 509 3891 ad
528 3832 673 3896 dexterum
697 3837 802 3917 Papae,
819 3849 848 3898 et
870 3839 962 3904 Sorae

168 3928 279 3994 Ducem
300 3933 327 3993 in
349 3932 448 3996 eodem
471 3937 556 4015 plano
577 3937 613 3995 ad
635 3937 779 4000 sinistram
802 3942 906 4022 Papae,
928 3943 962 4005 de

168 4035 284 4114 speciali
296 4036 495 4122 commissione
510 4035 677 4099 sanctitatis
692 4039 778 4101 Sarae:
793 4043 848 4101 aliu
864 4044 960 4104 omnia

168 4134 320 4195 observata
339 4145 406 4195 suat
428 4155 509 4198 inore
528 4137 619 4199 solita.

212 4234 385 4310 Dominicn,
408 4236 543 4316 vigesima
567 4241 666 4317 qrrinta
688 4241 757 4303 dicti
779 4245 884 4304 mensis
906 4245 960 4305 de·

169 4334 304 4409 cembris,
316 4335 370 4396 SS.
391 4330 532 4399 Dominus
554 4339 670 4413 Noster,
690 4354 809 4423 paratus
828 4364 862 4406 ex
878 4364 960 4407 mare

168 4436 278 4509 solito,
314 4436 349 4499 de
389 4458 502 4501 camera
536 4440 687 4529 Pupogolli
722 4446 959 4524 processionalem

171 4569 789 4599 fi———u-——u——n-——Q

169 4662 227 4699 rum
252 4653 306 4701 torn
326 4654 384 4701 erat
400 4651 426 4702 io
443 4656 556 4706 solidam
581 4662 694 4724 conjugii
719 4663 827 4726 gerendi
850 4665 958 4714 decreta

171 4727 299 4788 lacultas,
315 4736 393 4793 prout
409 4732 440 4783 do
457 4734 515 4792 jure
533 4736 588 4787 fleri
610 4739 743 4801 debehat,
760 4747 787 4791 et
804 4744 825 4791 si
844 4743 958 4804 legitimo

168 4809 254 4872 aliquo
271 4816 443 4873 procuratore
468 4818 662 4870 matrimonium
680 4827 781 4883 gestum
800 4823 910 4882 luisset,
922 4812 960 4873 ‘it-

170 4888 214 4938 lud
232 4890 400 4941 nibilominus
421 4908 470 4956 pro
488 4909 540 4945 non
564 4899 749 4951 ratihabitione
768 4902 892 4952 iollrmari
915 4904 958 4955 lex

170 4971 261 5020 staron
285 4983 397 5035 cumque
433 4976 550 5026 instituta
576 4979 601 5029 io
623 4991 654 5028 eo
677 4984 779 5043 negotio
802 4983 899 5035 omissa
922 4985 960 5032 in·

175 5048 324 5107 veniuntur,
342 5051 410 5101 uode
426 5065 485 5103 cum
504 5066 566 5116 spes
583 5058 632 5106 alia
650 5062 722 5121 pacis
740 5061 809 5109 nulla
832 5074 958 5123 compen·

168 5126 268 5178 dlosior
290 5137 463 5191 occurreret,
485 5147 563 5197 quam
585 5140 714 5200 virginem
732 5153 746 5187 a
769 5139 867 5189 Franco
890 5141 957 5206 llege

169 5206 365 5264 declamarem
383 5211 470 5263 duxlt:
487 5214 584 5278 quibus
601 5218 707 5281 quidem
725 5220 824 5282 nuptiis
837 5221 957 5284 religiose
995 5229 1005 5266 .’

168 5285 309 5340 celebratis
333 5292 447 5352 accidit,
464 5297 491 5345 ui
509 5294 641 5349 Britooum
668 5300 784 5349 amnium
802 5302 958 5355 assensione

1722 266 1832 350 (1111)

1044 410 1168 470 thiaram
1190 408 1244 470 sub
1262 408 1439 470 baldachino
1460 407 1565 469 habers
1587 408 1745 489 incapite,
1755 414 1832 475 veae

1041 511 1079 571 ad
1104 511 1256 572 Basilicam
1277 510 1495 591 supradictam,
1525 509 1642 571 Missam
1670 513 1827 574 solemnem

1042 611 1250 673 celebraturus
1271 609 1406 672 Primum
1425 611 1564 672 baculum
1576 611 1745 673 Daldaeblni
1760 632 1831 692 pot·-

1041 714 1114 771 tarit
1144 710 1339 789 [lantgravius
1371 712 1507 783 Hessiae,
1529 713 1609 773 aliud
1634 713 1694 773 dax
1717 714 1831 787 Sorae,

1040 814 1096 870 alia
1126 812 1174 870 alii
1205 831 1298 872 morev
1319 812 1472 873 solerols.
1498 813 1638 875 Dominus
1667 815 1830 878 Crardinalis

1041 912 1192 971 dleriensis
1223 911 1259 970 ad
1293 912 1445 972 Basilicam
1478 914 1656 990 praedictam
1696 916 1830 978 venienda

1040 1009 1110 1070 dixit
1132 996 1224 1082 m'hi,
1256 1010 1333 1071 Duci
1355 1009 1448 1072 Sorae
1469 1009 1607 1088 injuriam
1629 1002 1691 1074 lieri
1713 1002 1779 1093 pro
1795 1035 1829 1077 eo

1040 1110 1118 1186 quod
1135 1109 1331 1189 [lantgravius
1347 1113 1440 1191 ipsum
1456 1115 1664 1192 praecederet,
1680 1134 1752 1176 curn
1765 1115 1827 1178 Dus

1037 1203 1155 1290 dignior
1177 1223 1249 1272 esset
1269 1210 1449 1292 Lorrtgrsvio
1455 1237 1465 1287 3
1488 1216 1634 1294 respondi,
1652 1217 1750 1295 ipsum
1767 1216 1828 1278 Du·

1039 1331 1100 1373 cem
1124 1313 1269 1373 titularem
1299 1333 1359 1375 esse
1392 1325 1422 1378 et
1455 1316 1539 1394 quasi
1569 1318 1598 1376 in
1631 1318 1726 1394 patria
1757 1336 1827 1391 saa,

1037 1411 1250 1492 Lantgrasiom
1289 1433 1361 1476 aero
1396 1415 1560 1501 Principem
1596 1416 1770 1491 larensem,
1802 1431 1826 1480 et

1038 1514 1115 1593 quod
1138 1513 1193 1574 SS.
1217 1513 1357 1574 Dominus
1384 1514 1487 1576 Noster
1510 1516 1551 1575 its
1572 1513 1637 1576 lieri
1658 1515 1823 1578 mandavis-

1037 1625 1090 1674 set.
1126 1611 1288 1693 lleplicavit
1307 1614 1488 1687 Cas-dinalis,
1521 1615 1715 1678 Sanctitatern
1738 1616 1824 1679 Suam

1036 1733 1125 1794 super
1156 1715 1210 1776 boa
1229 1715 1304 1777 forte
1323 1734 1380 1776 nan
1401 1716 1488 1778 luisse
1508 1717 1581 1780 berte
1613 1720 1826 1794 tator-matam,

1035 1826 1065 1878 et
1080 1816 1158 1894 quod
1174 1834 1272 1877 ouum
1293 1825 1365 1877 esset
1385 1817 1512 1878 officium
1532 1817 1727 1880 Sanctitatem
1738 1819 1824 1882 Suam

1036 1916 1064 1975 in
1088 1913 1255 1992 hujusmodi
1278 1918 1429 1997 diligenter
1448 1920 1607 1981 informare
1623 1964 1632 1992 ,
1646 1920 1751 1982 deinde
1765 1940 1826 1983 ese·

1035 2021 1086 2096 qui
1109 2036 1183 2096 quae
1202 2018 1360 2079 mandaret.
1376 2019 1506 2081 Primam
1528 2040 1633 2099 aqrram
1650 2022 1733 2091 dedit
1752 2021 1826 2084 Dra·

1035 2129 1082 2178 tor
1103 2118 1193 2178 Ducis
1211 2118 1394 2190 Mediolani,
1414 2121 1570 2181 mortridum
1592 2119 1706 2184 Drator
1736 2112 1825 2187 vas·

1034 2219 1165 2290 tiorum,
1196 2221 1311 2279 tertiam
1334 2220 1403 2281 dare
1421 2220 1521 2282 debuit
1548 2222 1728 2285 Franciscus
1757 2223 1823 2287 ciba

1034 2316 1109 2379 illins
1131 2318 1246 2398 Papae,
1272 2321 1340 2397 quia
1361 2319 1485 2382 Domino
1515 2322 1629 2384 dldello
1656 2325 1739 2385 sacia
1767 2343 1825 2386 mea

1033 2435 1063 2479 se
1083 2420 1212 2498 placente
1226 2420 1262 2478 ad
1284 2419 1351 2493 hoc,
1363 2441 1413 2500 per
1435 2440 1487 2482 nas
1507 2423 1562 2482 luit
1582 2426 1767 2495 nominatus,
1780 2423 1825 2486 sed

1033 2518 1091 2598 ipse
1110 2520 1284 2583 Franciscus
1309 2525 1475 2598 recusavit;
1496 2524 1538 2585 sic
1556 2521 1620 2600 ejus
1653 2527 1721 2586 laco
1752 2525 1825 2590 dedit

1033 2621 1166 2683 diarchia
1186 2624 1331 2698 ,Firralis3
1361 2635 1495 2703 quartam
1529 2625 1607 2686 dedit
1629 2625 1824 2705 [lantgravius

1035 2724 1151 2784 Hessiaa
1174 2725 1370 2804 supradictus.
1395 2726 1656 2788 Vicecaneellarius
1677 2728 1735 2788 rurs
1755 2729 1823 2789 esai·

1033 2836 1128 2900 stens,
1151 2825 1284 2888 Senensis
1301 2827 1370 2887 ursit
1386 2826 1593 2908 Evangelium,
1614 2827 1693 2889 illios
1708 2829 1823 2892 canitis

1035 2927 1177 3000 Pitiliaoi,
1211 2928 1403 2990 subdiaconus
1417 2922 1629 3010 ‚'Epistolam,
1649 2931 1703 3009 qui
1737 2933 1820 2992 etism

1034 3030 1173 3109 imposuit
1188 3029 1375 3110 clryrotecam
1397 3033 1427 3090 in
1444 3034 1558 3097 sinistra
1569 3051 1657 3092 manu
1673 3032 1824 3094 Pontifieis

1034 3148 1102 3191 curn
1125 3142 1291 3210 paramenta
1316 3132 1469 3211 acciperet.
1490 3133 1652 3212 Episcopus
1667 3133 1823 3193 Perusinas

1033 3233 1208 3292 secretarius
1230 3232 1324 3312 Papae
1346 3231 1417 3292 dixit
1440 3231 1633 3312 Evangelinm
1662 3252 1824 3313 graecum,

1032 3341 1061 3390 et
1083 3333 1223 3393 Dominus
1244 3332 1421 3394 Laterentitrs
1442 3335 1528 3393 ctiam
1549 3338 1727 3396 secretarius
1756 3334 1822 3394 dixit

1032 3431 1190 3511 Epistolam
1226 3453 1372 3513 graecam.
1406 3435 1498 3493 Finita
1521 3433 1627 3507 Missa,
1648 3434 1729 3516 Papa
1750 3434 1821 3494 dedit

1032 3533 1255 3596 benedictionem
1290 3547 1444 3613 antetpuom
1481 3536 1598 3597 diceret,
1614 3537 1751 3598 Placeat
1770 3546 1819 3599 ele.

1033 3636 1280 3698 Vicecancella1·io
1301 3639 1340 3695 sic
1362 3636 1524 3708 ordioa'nte,
1544 3649 1573 3697 et
1592 3639 1680 3708 mela,
1702 3639 1754 3716 qui
1770 3656 1819 3698 aa·

1033 3737 1171 3797 luntatam
1195 3755 1286 3798 mcum
1316 3750 1344 3797 et
1375 3737 1523 3797 Romanae
1546 3738 1695 3799 Ecclesiae
1721 3739 1817 3799 obser·

1032 3858 1101 3898 viare
1123 3839 1231 3910 noluit,
1255 3850 1348 3898 tamen
1371 3824 1462 3910 vinci,
1478 3858 1532 3917 pro
1549 3859 1584 3899 eo
1603 3839 1683 3915 quad
1704 3839 1734 3898 in
1749 3840 1818 3900 libre

1032 3938 1150 4010 missali,
1164 3959 1214 4019 per
1237 3939 1347 4000 obitam
1366 3941 1517 4018 ‘quondam
1538 3939 1701 4001 cardinalis
1724 3940 1816 4002 Ande·

1029 4042 1161 4119 gavensis
1185 4041 1383 4121 cappellaniae
1412 4060 1490 4101 nunc
1509 4061 1560 4122 per
1582 4042 1694 4102 dictum
1716 4042 1816 4104 Demi·

1029 4159 1097 4200 num
1131 4141 1268 4203 Nostrum
1302 4142 1429 4216 donata,
1447 4161 1481 4204 ex
1511 4160 1570 4220 qtro
1592 4143 1678 4203 Poat.
1703 4144 1816 4204 llissaav

1028 4243 1148 4314 dixerat,
1160 4243 1200 4305 sic
1216 4255 1381 4324 repperitur
1403 4248 1572 4305 attrectatum
1585 4247 1683 4306 datar
1694 4245 1816 4307 benedi·

1029 4346 1094 4406 ctio
1113 4365 1180 4407 cam
1198 4345 1408 4427 indulgentiis·
1418 4347 1591 4424 plenariis.
1605 4392 1611 4405 .
1626 4392 1632 4406 .
1648 4366 1700 4425 per
1713 4346 1815 4406 Roma·

1028 4464 1097 4506 num
1106 4446 1259 4506 Dominam
1272 4446 1453 4506 cardinalem
1466 4447 1816 4517 Senenserre,Viceconcel·

1029 4548 1103 4607 lario
1113 4547 1142 4605 id
1156 4548 1251 4607 lacere
1263 4549 1376 4608 nolente
1392 4548 1518 4626 publice.
1535 4548 1671 4608 Sanctius
1683 4549 1816 4609 Dominae

1028 4646 1132 4709 Noster
1165 4662 1235 4710 tunc
1260 4649 1385 4709 ascendit
1408 4649 1445 4706 ad
1475 4649 1599 4720 solium,
1630 4650 1680 4710 ubi
1710 4648 1816 4729 aceepit

1028 4749 1183 4828 Regnum,
1209 4753 1272 4811 sire
1293 4751 1430 4823 thiaratm
1450 4760 1479 4810 et
1499 4753 1527 4810 in
1548 4750 1613 4811 sede
1632 4751 1749 4823 sedens,
1769 4769 1816 4829 ap·

1028 4862 1159 4929 portante
1181 4853 1233 4913 sihi
1256 4852 1381 4912 llornino
1399 4851 1529 4932 casparo
1547 4850 1660 4912 Diaudo
1682 4851 1814 4912 coam

1027 4955 1206 5031 Apostolicoe
1234 4955 1349 5016 clerico
1382 4970 1478 5016 ensem
1512 4970 1582 5013 orem
1602 4956 1738 5033 cappello
1769 4952 1814 5012 de·

1026 5075 1112 5135 snper
1132 5059 1234 5135 posito,
1256 5066 1284 5116 et
1303 5055 1447 5116 conducto
1466 5074 1519 5135 per
1541 5064 1586 5115 me
1618 5074 1720 5115 coram
1742 5053 1812 5114 aaa·

1026 5161 1123 5218 clivate
1134 5157 1207 5228 Sua,
1222 5156 1256 5217 de
1276 5157 1364 5237 ipsius
1378 5156 1517 5215 mandato
1536 5153 1719 5236 [lantgravio
1734 5171 1813 5236 prae·

1026 5259 1102 5320 dicto
1124 5276 1224 5320 coram
1246 5277 1282 5319 eo
1310 5257 1461 5337 genuflexo
1494 5257 1641 5319 Sanctitas
1668 5258 1730 5319 Sue
1747 5254 1813 5333 aga

165 5367 394 5432 pertractasti».
1025 5381 1058 5426 ex
1080 5360 1155 5423 libro
1178 5360 1277 5435 rerba,
1294 5377 1368 5440 qaroe
1390 5362 1481 5421 soleat
1503 5360 1628 5450 Romani
1643 5346 1811 5423 rmrrdsesr
1873 5371 1876 5456 l

1871 5483 1876 5561 l
