3764 6036
187 259 247 332 lb!
670 256 957 322 PDN'l'lFlchUS
978 252 1206 319 lNNOCENTll
1223 253 1379 318 DchVl.

182 395 232 472 qui
252 394 383 478 capitalis
400 395 534 457 inimicus
547 406 590 458 cst
604 394 669 457 lldei
684 407 812 472 nostrae,
828 409 858 458 et
877 395 974 476 potina

181 496 400 562 existimandum
416 515 488 570 esse,
499 495 527 556 id
550 517 601 578 per
623 516 690 583 euin
706 497 769 560 lieri
789 499 817 559 in
833 497 972 569 derisum,

180 607 209 656 et
230 596 410 670 derisionem,
425 614 512 675 quam
528 599 621 659 aliter.
644 599 695 659 His
717 600 809 677 igitur
828 598 975 672 omnibus,

179 709 209 758 et
229 697 363 776 pluribus
384 697 449 757 aliis
464 707 533 757 tunc
556 697 650 770 dictis,
671 699 875 771 consideratis,
896 717 971 760 con·

180 799 295 859 clusum
314 798 371 862 luit
392 817 445 878 per
466 797 539 858 lter.
559 798 697 866 Domiuos
718 800 886 861 cardinales
907 818 972 860 me·

177 910 330 973 moratos,
358 918 420 960 rem
444 899 518 960 banc
538 945 546 972 ,
567 911 595 959 et
621 900 767 979 praedicta
793 912 912 961 narrata
935 901 972 960 ad

179 1000 400 1061 Sanctissimum
417 1002 573 1062 Dominum
589 1001 728 1064 Nostrum
752 1022 803 1082 per
825 1001 969 1067 Cardine·

176 1102 233 1164 lem
267 1089 500 1163 Beneventanum
526 1088 631 1164 reterri
655 1104 759 1165 debere
773 1148 790 1176 ,,
812 1091 844 1165 ut
874 1117 971 1183 posset

177 1203 254 1281 quod
275 1203 329 1263 sibi
353 1207 445 1283 magis
469 1206 597 1284 placeret
615 1194 755 1277 statuere,
773 1216 803 1265 et
822 1206 968 1267 ordinare.

175 1300 214 1365 El
227 1307 294 1366 licet
312 1304 407 1381 major
429 1299 497 1384 pa'rs
513 1305 709 1366 cardinalium
724 1307 970 1387 Presbyterorum

174 1405 202 1464 in
219 1407 387 1466 sententiam
407 1403 633 1486 tenderet,quod
647 1408 774 1469 Ferrum
789 1408 970 1487 praedictum

174 1505 263 1586 recipi
295 1506 412 1568 deberet
436 1524 453 1565 a
481 1506 539 1567 SS.
576 1509 611 1569 D.
646 1507 753 1570 Nostro
780 1509 816 1568 ab
839 1505 971 1573 Oratore

175 1604 288 1666 'lucebi
308 1606 415 1684 absque
437 1608 616 1668 solemnitate
637 1608 745 1685 aliqua,
757 1620 786 1669 et
801 1609 902 1670 deinde
917 1630 970 1671 re·

174 1707 245 1766 ritas
266 1706 450 1797 perscrutari
474 1725 510 1766 an
532 1706 587 1766 ltoc
611 1708 655 1768 rel
677 1707 756 1768 aliud
781 1727 816 1770 ex
839 1707 969 1770 Nurem-

1726 260 1833 344 (tros)

1042 391 1254 465 conducerent,
1287 391 1324 452 ad
1354 391 1432 470 quod
1460 394 1639 456 commodius
1666 396 1828 459 laciendum

1041 494 1140 554 datum
1160 493 1215 553 tuit
1234 494 1274 555 eis
1295 493 1442 572 quoddam
1465 495 1689 557 tubernaculum
1710 498 1829 560 cristal-

1040 596 1131 656 linum
1152 615 1187 673 en
1210 594 1352 656 Sacristin
1374 595 1479 675 Papae,
1500 608 1529 658 ct
1550 616 1642 676 equus
1657 616 1728 658 cnm
1750 619 1829 679 capsa

1040 705 1175 774 cooperta
1203 706 1233 754 et
1256 696 1320 755 aliis
1349 699 1526 783 ornamentis
1541 699 1569 757 in
1592 699 1701 777 quibus
1722 699 1830 760 Sacro·

1043 778 1185 869 mentum,
1205 796 1283 876 Papa
1308 796 1512 875 pontificaliter
1535 801 1706 878 equitante,
1731 802 1834 867 deferri

1039 898 1134 969 solet,
1158 908 1188 960 et
1216 898 1345 958 lanterna
1378 918 1434 978 pro
1466 901 1574 962 lumine
1595 902 1738 973 continuo
1770 915 1833 966 anta

1043 999 1136 1078 ipsum
1166 998 1317 1078 portando.
1351 997 1543 1062 Recesserunt
1567 1001 1660 1082 igitur
1693 1021 1730 1062 en
1760 1002 1834 1065 Urbe

1038 1098 1075 1160 ob
1090 1082 1206 1169 catisnrn
1229 1099 1406 1180 praedictam
1423 1101 1561 1163 Dominus
1576 1102 1833 1184 archiepiscopus,

1039 1212 1068 1262 at
1097 1202 1249 1281 episcopus
1271 1201 1409 1281 praedicti
1426 1204 1573 1263 Anconam
1588 1205 1660 1264 ituri
1680 1205 1728 1266 die
1753 1206 1834 1267 lunae

1038 1302 1287 1381 septima„‚mcttsis
1307 1302 1374 1361 maii
1396 1292 1547 1382 praedicti,
1567 1316 1596 1366 et
1615 1323 1683 1365 cum
1704 1307 1747 1367 eis
1768 1305 1828 1366 Do·

1039 1401 1135 1461 minus
1163 1401 1295 1462 ‘ninellus
1325 1401 1361 1461 dc
1394 1402 1640 1465 Piccolominibus
1667 1405 1828 1468 cononicus

1040 1502 1185 1575 Senensis,
1206 1501 1390 1571 decretorum
1413 1503 1546 1579 Doctor,
1568 1506 1596 1565 in
1619 1507 1716 1567 ollicio
1739 1511 1831 1569 caeri-

1038 1607 1202 1665 moniarum
1220 1605 1331 1682 collega
1350 1623 1456 1678 meus,
1476 1607 1672 1685 processiones
1696 1593 1730 1668 ¹in
1760 1609 1829 1671 locis

1038 1700 1277 1774 conuenientibus
1293 1705 1496 1779 ordinaturus,
1512 1726 1546 1766 ac
1568 1708 1768 1768 caerimonias
1784 1710 1833 1770 dc·

175 1803 277 1885 berga,
291 1817 342 1866 aut
359 1806 476 1867 Parisiis
491 1825 593 1868 rerum
610 1820 684 1870 esset
699 1796 841 1883 Ferrum,
855 1822 885 1871 et
902 1821 970 1871 tunc
1003 1827 1007 1900 q
1040 1806 1113 1865 bitas
1135 1806 1214 1865 circa
1234 1806 1390 1888 praemissa
1410 1809 1505 1865 omnia
1525 1807 1667 1898 dicturus.

174 1908 197 1966 si
215 1905 271 1968 boc
283 1917 466 1985 compertum
484 1926 545 1968 esse
561 1920 666 1987 posset,
683 1919 753 1969 tune
772 1900 804 1969 id
814 1910 969 1988 publicari,
1003 1909 1011 2005 l

174 2021 202 2070 et
230 2025 299 2068 cum
328 2007 407 2068 omni
441 2011 647 2082 veneratione,
666 2020 695 2071 et
724 2007 904 2072 solemnitate
932 2011 969 2070 nd

174 2109 306 2188 aliquam
327 2104 476 2170 eeclesiam
499 2111 751 2191 processionaliter
766 2123 884 2191 ,prout
911 2111 967 2173 SS.

175 2208 300 2270 Domino
315 2207 420 2275 Nostro
436 2211 575 2290 placeret,
586 2210 723 2272 conduci:
740 2222 798 2272 eta
814 2227 970 2285 converso,

175 2311 252 2373 lortc
272 2310 328 2370 hoo
349 2310 444 2372 Ferro
467 2311 553 2371 modo
581 2312 747 2374 solemniter
770 2325 913 2393 recepto,
941 2326 971 2376 et

178 2422 274 2492 postea
295 2423 448 2492 comperto
462 2412 530 2472 alibi
550 2413 622 2473 illud
637 2423 744 2475 rerum
765 2415 878 2475 terrum
893 2435 968 2488 esse,

178 2512 266 2574 Sedes
286 2501 451 2592 Apostolica
467 2513 605 2594 redargui
627 2525 732 2594 posset,
750 2525 801 2574 aut
815 2514 969 2589 contundi,

178 2622 273 2680 tamen
295 2612 351 2673 SS.
373 2613 408 2672 D.
431 2612 464 2672 tl.
489 2616 604 2689 voluit,
626 2625 654 2676 et
673 2616 821 2678 ordinarit
852 2617 965 2678 leuum

178 2713 238 2774 hoc
256 2715 421 2774 solemniter
438 2715 527 2794 recipi
544 2715 657 2789 debcrc3
677 2729 705 2778 et
727 2717 874 2796 deputarit
896 2737 970 2797 pro·

175 2825 272 2893 pterea
294 2815 330 2874 lt.
347 2815 467 2877 Patrem
480 2816 635 2877 Dominum
655 2817 806 2883 Nicolaum
826 2819 970 2881 Dorciar·

177 2913 246 2975 dum
261 2915 519 2997 Arcltiepiscopum
534 2917 731 2981 Arelatenscm
748 2932 777 2981 et
792 2919 971 3000 Episcopum

178 3012 409 3097 Fulginatensem
444 3019 598 3103 praelatos
614 3039 682 3081 suos
709 3021 896 3093 domesticos,
921 3022 972 3100 qui

177 3121 324 3178 Anconam
340 3119 439 3191 irent,
459 3131 487 3179 et
511 3119 614 3181 ibidem
629 3122 756 3183 Ferrum
774 3125 868 3203 ipsum
892 3125 971 3183 reci-

178 3230 278 3297 perent
304 3238 338 3279 ex
367 3219 498 3280 inanibus
521 3219 656 3283 Drutoris
677 3223 774 3303 blugni
797 3224 910 3295 Turei,
939 3235 969 3285 et

177 3318 242 3380 iude
271 3337 339 3379 cuni
363 3324 571 3398 processione,
591 3343 626 3384 ex
651 3324 776 3402 singulis
798 3324 969 3385 civitatibus

177 3429 205 3478 et
223 3420 309 3479 terris
325 3439 376 3498 per
397 3421 472 3491 riam
484 3421 667 3483 existentibus
682 3424 827 3497 iaciendis,
845 3423 969 3485 Romam

183 3558 327 3570 ——

177 3605 240 3664 lota
249 3615 352 3666 Siciliae
365 3618 449 3666 insula
467 3619 584 3678 ingentes
597 3618 706 3670 bellicos
717 3626 858 3684 apparatus
876 3621 971 3683 lactos;

178 3693 314 3744 attonsum
334 3699 422 3744 autem
440 3695 539 3747 Ducem
556 3697 694 3749 Calabriae
722 3713 779 3750 cuna
797 3701 907 3751 delectis
924 3715 971 3750 co·

176 3774 227 3834 piis
243 3773 412 3837 Hydruntum
427 3787 455 3824 se
473 3779 625 3833 contulisse,
638 3782 665 3827 ul
677 3792 734 3828 earn
748 3793 819 3828 oram
832 3780 864 3829 ab
877 3793 971 3830 escur-

183 3851 303 3901 slanibus
320 3852 438 3903 Turcicis
456 3858 593 3914 tueretur,
616 3867 646 3904 ao
661 3856 829 3919 Balazelbem
855 3862 927 3909 vires
944 3863 970 3909 in

180 3931 316 3982 Albanitas
344 3932 491 3991 elludisse;
517 3934 550 3983 de
567 3939 628 3997 ‘qua
656 3936 824 3997 expeditione
853 3940 970 3989 meminit

176 4011 375 4075 Turcograecae
402 4014 529 4079 bistonios
556 4019 648 4065 auctor
665 4015 801 4079 (Turcogr.
820 4016 877 4066 bist.
895 4017 910 4066 i.
928 4020 968 4078 1.).
990 4011 999 4022 “

140 4145 142 4148 .
175 4090 264 4138 Attriti
282 4091 318 4139 illi
343 4091 447 4141 demum
464 4092 550 4151 luere,
568 4106 626 4143 cum
645 4094 719 4143 initio
736 4095 875 4145 Turcicnm
893 4099 969 4160 equi·

175 4171 259 4217 latum
272 4169 460 4229 concidissent,
477 4184 542 4220 vero
559 4173 672 4235 (Bonfln.
689 4173 741 4224 dcc.
757 4173 809 4224 §.l
828 4175 862 4236 3.)
879 4175 966 4238 jugum

177 4246 345 4297 barbaricum
371 4255 499 4301 excutere
526 4256 727 4315 pertentarent,
754 4260 882 4317 concepta
900 4271 967 4307 rana

138 4367 142 4375 .
177 4323 337 4375 decernendi
364 4328 392 4377 in
409 4329 509 4379 ancas
536 4343 550 4379 a
575 4319 731 4383 Christianis
759 4334 967 4385 occidentalibus

179 4402 240 4453 belli
258 4417 306 4466 spe
323 4405 417 4456 delusi.
433 4407 581 4471 etquidem
599 4411 714 4463 venetiis
726 4420 871 4476 apparatus
888 4416 966 4479 aliqui

175 4481 232 4532 lieri
249 4489 404 4546 coeperant,
420 4489 463 4548 qui
475 4487 642 4543 Baiazetbem
654 4506 706 4542 non
718 4493 768 4543 levi
781 4499 852 4545 metu
869 4508 968 4558 pereu-

176 4562 281 4621 lerunl;
299 4576 330 4613 eo
345 4565 419 4615 enlm
436 4565 593 4617 Francorum
614 4571 708 4633 Regem
726 4571 865 4622 duodecim
883 4585 966 4623 naves

144 4635 148 4641 ’
174 4642 257 4692 rebus
273 4636 395 4694 omnibus
422 4648 582 4696 necessariis
600 4654 708 4700 ornatas
736 4654 840 4702 misisse
858 4665 891 4702 ex
908 4653 967 4702 Via·

175 4721 248 4782 lardo
264 4721 385 4783 (Vialnrd
404 4722 431 4771 in
446 4723 492 4773 Vll.
511 4724 566 4775 lna.
582 4725 649 4788 l'lll.)
665 4728 798 4789 diximus,
813 4733 910 4796 quippe
922 4744 967 4780 sa·

177 4814 250 4849 crum
268 4800 362 4851 Tdrcts
388 4802 485 4853 bellum
508 4803 627 4855 indicere
649 4819 778 4869 generoso
796 4809 892 4859 ardore
909 4822 966 4859 me·

176 4879 329 4941 ditabatur,
346 4893 376 4930 ac
393 4887 535 4944 propterea
548 4896 607 4933 cum
624 4885 760 4947 equitibus
772 4886 880 4936 libodiis
897 4889 966 4945 mili-

174 4960 240 5007 lenis
259 4962 372 5021 agitasse
389 4963 516 5021 consilia,
531 4975 561 5012 ao
577 4963 680 5013 Petrum
694 4965 888 5016 Aubussonium
899 4966 965 5016 Car·

177 5035 308 5095 dinalem,
325 5051 356 5088 ao
381 5050 531 5100 supremum
560 5044 663 5092 illorum
691 5045 845 5108 Magistrum
871 5059 963 5109 magna

174 5114 318 5166 officiorum
336 5116 525 5182 significatione
536 5124 662 5184 pellicere
682 5125 706 5173 in
719 5124 818 5176 Gallias
837 5113 959 5177 conatum

174 5197 201 5245 nl
218 5196 314 5246 bellica
330 5204 421 5248 contre
433 5199 603 5262 balazetbem
620 5205 751 5267 colloquia
767 5217 827 5254 cum
843 5217 874 5255 co
891 5206 963 5256 tare*

173 5278 232 5333 ret,
248 5282 337 5325 narrat
353 5276 468 5327 lacobus
485 5279 594 5330 Bosins=
609 5283 717 5342 (bosius
733 5295 758 5343 p.
775 5287 797 5332 2-
816 5284 832 5332 l.
850 5286 898 5347 tl.)
914 5287 961 5337 sed

174 5356 262 5404 omnia
279 5369 309 5406 aa
322 5358 431 5407 consilia
449 5360 586 5420 praeclara
602 5375 765 5414 consenuere
785 5358 811 5409 ·.'

1079 1903 1165 1966 Feria
1184 1917 1273 1978 serta,
1285 1905 1434 1968 undecima
1454 1906 1521 1969 dicti
1541 1909 1644 1970 mensis
1656 1912 1737 1983 maii,
1754 1910 1823 1972 Rev.

1039 2005 1179 2066 Dominus
1200 2004 1323 2076 ,loannes
1344 2005 1503 2067 Cardinalis
1524 2008 1559 2069 de
1579 2009 1698 2070 Medicis
1726 2014 1755 2069 in
1781 2030 1826 2073 se·

1040 2118 1121 2167 creto
1141 2105 1315 2167 consistorio
1337 2117 1452 2167 creatus
1473 2119 1514 2169 e‘st
1529 2107 1657 2188 Legatos
1669 2109 1707 2169 de
1726 2109 1830 2174 Latere

1039 2207 1172 2279 Tusciae,
1194 2219 1223 2268 et
1242 2198 1425 2280 Florentiae3
1440 2218 1470 2270 ct
1490 2209 1659 2270 consistorio
1680 2208 1764 2271 finito
1776 2229 1828 2290 pu-

1041 2309 1214 2379 blicalus,et
1225 2309 1263 2367 ab
1274 2309 1407 2369 omuibus
1424 2309 1625 2372 cardinalibus
1641 2330 1737 2390 usque
1752 2323 1830 2373 extra

1042 2420 1157 2491 portam
1170 2410 1312 2473 viridarii
1326 2412 1481 2470 associatus
1495 2414 1686 2485 moresolito,
1700 2414 1751 2491 qni
1770 2414 1831 2475 lecit

1042 2512 1195 2592 prandium
1223 2512 1251 2571 in
1279 2512 1361 2571 vinea
1382 2511 1419 2570 R.
1451 2512 1492 2571 D.
1523 2513 1658 2574 Falconis
1691 2513 1830 2575 Sinibaldi

1041 2611 1255 2691 prothonotarii
1271 2610 1421 2691 apostolici
1433 2622 1461 2672 et
1478 2599 1664 2674 Tbesnurarii
1679 2617 1830 2694 generalis,

1040 2712 1140 2773 deiude
1164 2713 1281 2774 recessit
1301 2713 1399 2780 endem
1422 2713 1489 2786 die,
1509 2714 1565 2776 iter
1585 2734 1690 2776 versus
1708 2718 1828 2779 Floren-

1040 2814 1110 2874 tiam
1130 2812 1281 2892 arripiens.

1081 2914 1132 2973 His
1154 2913 1264 2986 diebus,
1280 2914 1424 2974 intellecto
1443 2933 1496 2994 per
1516 2914 1570 2975 SS.
1593 2915 1754 3002 Dominam
1775 2917 1828 2979 lto-

1039 3025 1132 3075 struur
1152 3014 1277 3075 adtenta
1289 3015 1368 3075 illus.
1382 3014 1496 3076 Domini
1518 3016 1694 3090 Ferdinaudi
1710 3018 1747 3081 de
1758 3022 1826 3081 Ara·

1040 3117 1124 3194 gonia
1143 3115 1284 3195 Principis
1299 3116 1440 3195 capuani,
1453 3118 1542 3178 Ducis
1555 3117 1709 3180 calabriae
1724 3119 1826 3195 uitta

1039 3215 1157 3296 Neapoli
1179 3216 1214 3276 ad
1237 3216 1368 3290 Urbem,
1398 3217 1545 3298 deputarit
1573 3218 1608 3278 D.
1636 3219 1821 3281 Franciscnm

1038 3316 1111 3377 cibo
1132 3316 1224 3377 lilium
1250 3336 1335 3378 suurn
1350 3312 1362 3390 ’,
1382 3329 1411 3379 et
1432 3318 1504 3380 Rev.
1531 3319 1566 3380 D.
1598 3305 1820 3395 corloueusem,

1038 3427 1066 3478 ct
1079 3417 1283 3477 Falconemem
1296 3417 1554 3481 Protbonotarium
1575 3401 1742 3500 praelatum
1755 3445 1821 3506 apo·

1039 3518 1187 3587 stolieum,
1211 3520 1354 3598 praelatos
1369 3519 1471 3579 Palatii
1483 3541 1493 3594 3
1517 3533 1545 3582 et
1567 3524 1608 3583 cis
1629 3528 1779 3587 commisit
1797 3539 1823 3588 nt

1039 3619 1074 3678 nd
1095 3617 1218 3679 confines
1241 3631 1389 3680 terrarum
1406 3620 1724 3698 Ecclesinellomanae
1742 3648 1820 3708 prac-

1039 3720 1117 3782 dicto
1145 3720 1273 3801 Principi
1301 3721 1416 3802 capuae
1438 3723 1552 3801 obviam
1574 3726 1673 3801 irent,
1701 3748 1819 3807 eumque
1858 3715 1862 3735 '

1039 3821 1315 3883 Pontificisuomine
1332 3825 1503 3904 reciperent.
1520 3825 1714 3888 Recesscrunt
1735 3831 1819 3908 igitur

1038 4026 1102 4086 deni
1127 4026 1229 4086 mensis
1250 4044 1391 4087 excausa
1414 4028 1568 4108 praedicta.

1080 4129 1167 4188 Feria
1188 4128 1334 4199 mcutrda,
1349 4146 1421 4190 xxc.
1440 4128 1507 4188 dicti
1529 4127 1634 4190 mensis
1656 4131 1749 4206 maii,
1774 4131 1827 4192 SS.

1038 4218 1178 4290 Dominus
1192 4228 1298 4293 Noster
1311 4230 1340 4287 in
1355 4247 1471 4290 camara
1486 4250 1536 4290 sua
1552 4242 1663 4291 secreta
1683 4233 1826 4293 commisit

1042 4331 1106 4390 RR.
1125 4331 1189 4391 DD.
1212 4330 1414 4392 cardinalibus
1436 4331 1635 4392 salteriensi
1661 4333 1699 4393 ad
1719 4335 1826 4394 Vincit·

1038 4432 1086 4506 la,
1108 4444 1136 4492 et
1156 4430 1369 4510 Portugnlensi,
1392 4442 1424 4491 ut
1445 4431 1584 4511 reliquiae
1606 4433 1677 4493 ferri
1698 4433 1826 4494 Laureae

1036 4516 1149 4593 Donnm
1169 4533 1310 4611 usquead
1331 4533 1485 4599 civitatem
1507 4534 1696 4597 Narniensem
1710 4535 1822 4597 obviam
1852 4568 1856 4578 ·

1036 4640 1121 4712 irent,
1142 4650 1171 4698 et
1192 4637 1229 4697 ob
1248 4627 1380 4706 effectum
1403 4640 1605 4719 praedictum,
1624 4642 1686 4703 sire
1709 4660 1823 4702 causam

1036 4757 1085 4798 eos
1105 4737 1231 4818 Legatos
1246 4740 1280 4800 de
1295 4738 1399 4801 Latere
1420 4741 1576 4814 constituit,
1593 4753 1622 4803 et
1640 4744 1827 4822 creari13qui

1031 4838 1115 4901 lten
1131 4839 1270 4914 Domini,
1289 4852 1324 4902 ut
1344 4837 1519 4902 obedientiae
1542 4841 1616 4914 lilii,
1645 4842 1684 4903 nb
1713 4862 1823 4904 caumas

1034 4939 1200 5017 hujusmodi
1221 4961 1256 5002 ex
1285 4941 1365 5004 Urbe
1394 4944 1438 5006 die
1462 4941 1540 5020 joris
1569 4962 1660 5006 xxiv.
1695 4944 1822 5022 ejusdcm

1034 5043 1140 5104 mensis
1161 5031 1355 5119 recesserunt.

1076 5144 1222 5217 Sabbata,
1245 5146 1460 5224 rigesunnsenn
1481 5134 1563 5218 maii,
1585 5143 1659 5208 bora
1686 5148 1818 5228 vigesima

1032 5245 1126 5322 pritna
1148 5246 1192 5305 rel
1215 5245 1306 5316 cirea,
1328 5264 1378 5324 per
1392 5257 1511 5325 portam
1534 5247 1673 5310 viridarii
1692 5251 1818 5311 intrare·
1876 5313 1878 5335 1

1032 5355 1101 5406 runt
1116 5344 1260 5424 lingnilici
1276 5345 1399 5436 Domini*
1410 5345 1546 5409 Nicolaus
1568 5349 1694 5413 llicbncl
1711 5362 1739 5412 ct
1759 5357 1814 5411 tlu-
1877 5363 1878 5367 ’
