<?xml version="1.0" encoding="UTF-8"?>
<!DOCTYPE html PUBLIC "-//W3C//DTD XHTML 1.0 Transitional//EN"
    "http://www.w3.org/TR/xhtml1/DTD/xhtml1-transitional.dtd">
<html xmlns="http://www.w3.org/1999/xhtml" xml:lang="en" lang="en">
 <head>
  <title>
</title>
<meta http-equiv="Content-Type" content="text/html;charset=utf-8" />
  <meta name='ocr-system' content='tesseract 3.04.00' />
  <meta name='ocr-capabilities' content='ocr_page ocr_carea ocr_par ocr_line ocrx_word'/>
</head>
<body>
  <div class='ocr_page' id='page_1' title='image "./johannisburchar00genngoog/johannisburchar00genngoog_0201.png"; bbox 0 0 3764 6036; ppageno 0'>
   <div class='ocr_carea' id='block_1_1' title="bbox 1722 264 1829 348">
    <p class='ocr_par' dir='ltr' id='par_1_1' title="bbox 1722 264 1829 348">
     <span class='ocr_line' id='line_1_1' title="bbox 1722 264 1829 348; baseline 0.019 -22"><span class='ocrx_word' id='word_1_1' title='bbox 1722 264 1829 348; x_wconf 76' lang='lat' dir='ltr'>(ross)</span> 
     </span>
    </p>
   </div>
   <div class='ocr_carea' id='block_1_2' title="bbox 191 244 1362 354">
    <p class='ocr_par' dir='ltr' id='par_1_2' title="bbox 191 244 1362 354">
     <span class='ocr_line' id='line_1_2' title="bbox 191 244 1362 354; baseline -0.018 0"><span class='ocrx_word' id='word_1_2' title='bbox 191 294 250 354; x_wconf 81' lang='lat' dir='ltr'>sss</span> <span class='ocrx_word' id='word_1_3' title='bbox 653 244 1362 347; x_wconf 75' lang='lat' dir='ltr'>roururcsrusmuornnrnocrsrr.</span> 
     </span>
    </p>
   </div>
   <div class='ocr_carea' id='block_1_3' title="bbox 190 403 1831 1315">
    <p class='ocr_par' dir='ltr' id='par_1_3' title="bbox 190 403 1831 1315">
     <span class='ocr_line' id='line_1_3' title="bbox 230 403 1824 507; baseline -0.018 -16"><span class='ocrx_word' id='word_1_4' title='bbox 230 429 335 491; x_wconf 81' lang='lat' dir='ltr'>Clarus</span> <span class='ocrx_word' id='word_1_5' title='bbox 347 423 435 489; x_wconf 78' lang='lat' dir='ltr'>Urbis</span> <span class='ocrx_word' id='word_1_6' title='bbox 449 440 504 484; x_wconf 92' lang='lat' dir='ltr'>suo</span> <span class='ocrx_word' id='word_1_7' title='bbox 517 421 671 483; x_wconf 83' lang='lat' dir='ltr'>ordine-</span> <span class='ocrx_word' id='word_1_8' title='bbox 684 419 859 507; x_wconf 65' lang='lat' dir='ltr'>collectores</span> <span class='ocrx_word' id='word_1_9' title='bbox 872 419 974 499; x_wconf 90' lang='lat' dir='ltr'>pium·</span> <span class='ocrx_word' id='word_1_10' title='bbox 1039 435 1092 497; x_wconf 92' lang='lat' dir='ltr'>per</span> <span class='ocrx_word' id='word_1_11' title='bbox 1114 415 1159 476; x_wconf 83' lang='lat' dir='ltr'>Jo.</span> <span class='ocrx_word' id='word_1_12' title='bbox 1181 411 1312 474; x_wconf 74' lang='lat' dir='ltr'>usuam.</span> <span class='ocrx_word' id='word_1_13' title='bbox 1377 454 1385 468; x_wconf 89' lang='lat'><strong>.</strong></span> <span class='ocrx_word' id='word_1_14' title='bbox 1400 407 1493 468; x_wconf 77' lang='lat' dir='ltr'>diuisa</span> <span class='ocrx_word' id='word_1_15' title='bbox 1514 404 1575 487; x_wconf 88' lang='lat' dir='ltr'>ipss</span> <span class='ocrx_word' id='word_1_16' title='bbox 1601 403 1660 465; x_wconf 90' lang='lat' dir='ltr'>luit</span> <span class='ocrx_word' id='word_1_17' title='bbox 1680 421 1735 483; x_wconf 89' lang='lat' dir='ltr'>per</span> <span class='ocrx_word' id='word_1_18' title='bbox 1754 419 1824 463; x_wconf 86' lang='lat' dir='ltr'>eas·</span> 
     </span>
     <span class='ocr_line' id='line_1_4' title="bbox 190 502 1828 602; baseline -0.015 -13"><span class='ocrx_word' id='word_1_19' title='bbox 190 520 921 602; x_wconf 73' lang='lat' dir='ltr'>at-suttsiamabiusrssomapossottessum.</span> <span class='ocrx_word' id='word_1_20' title='bbox 933 540 973 564; x_wconf 58' lang='grc' dir='ltr'>-ι</span> <span class='ocrx_word' id='word_1_21' title='bbox 1039 537 1098 579; x_wconf 87' lang='lat' dir='ltr'>nas.</span> <span class='ocrx_word' id='word_1_22' title='bbox 1118 516 1224 588; x_wconf 68' lang='lat' dir='ltr'>meisi,</span> <span class='ocrx_word' id='word_1_23' title='bbox 1246 511 1376 575; x_wconf 79' lang='lat' dir='ltr'>venimus</span> <span class='ocrx_word' id='word_1_24' title='bbox 1394 528 1445 589; x_wconf 86' lang='lat' dir='ltr'>per</span> <span class='ocrx_word' id='word_1_25' title='bbox 1462 525 1527 569; x_wconf 86' lang='lat' dir='ltr'>eam</span> <span class='ocrx_word' id='word_1_26' title='bbox 1548 506 1626 567; x_wconf 84' lang='lat' dir='ltr'>siam</span> <span class='ocrx_word' id='word_1_27' title='bbox 1645 503 1703 565; x_wconf 86' lang='lat' dir='ltr'>boc</span> <span class='ocrx_word' id='word_1_28' title='bbox 1723 502 1761 562; x_wconf 92' lang='lat' dir='ltr'>ad</span> <span class='ocrx_word' id='word_1_29' title='bbox 1783 504 1828 564; x_wconf 91' lang='lat' dir='ltr'>di·</span> 
     </span>
     <span class='ocr_line' id='line_1_5' title="bbox 190 603 1830 692; baseline -0.017 -1"><span class='ocrx_word' id='word_1_30' title='bbox 190 627 300 692; x_wconf 85' lang='lat' dir='ltr'>Notarii</span> <span class='ocrx_word' id='word_1_31' title='bbox 322 625 355 687; x_wconf 75' lang='grc' dir='ltr'>Α.</span> <span class='ocrx_word' id='word_1_32' title='bbox 368 624 402 688; x_wconf 86' lang='lat' dir='ltr'>C.</span> <span class='ocrx_word' id='word_1_33' title='bbox 419 656 459 668; x_wconf 94' lang='lat'>—</span> <span class='ocrx_word' id='word_1_34' title='bbox 476 621 588 685; x_wconf 83' lang='lat' dir='ltr'>Notarii</span> <span class='ocrx_word' id='word_1_35' title='bbox 608 623 642 681; x_wconf 76' lang='grc' dir='ltr'>Δ.</span> <span class='ocrx_word' id='word_1_36' title='bbox 656 621 691 682; x_wconf 82' lang='lat' dir='ltr'>il.</span> <span class='ocrx_word' id='word_1_37' title='bbox 708 654 747 667; x_wconf 90' lang='lat'><em>-</em></span> <span class='ocrx_word' id='word_1_38' title='bbox 763 620 975 680; x_wconf 83' lang='lat' dir='ltr'>Procuratores</span> <span class='ocrx_word' id='word_1_39' title='bbox 1040 631 1115 681; x_wconf 87' lang='lat' dir='ltr'>etam</span> <span class='ocrx_word' id='word_1_40' title='bbox 1142 614 1293 678; x_wconf 84' lang='lat' dir='ltr'>Basilicam</span> <span class='ocrx_word' id='word_1_41' title='bbox 1299 634 1311 687; x_wconf 79' lang='lat'>3</span> <span class='ocrx_word' id='word_1_42' title='bbox 1332 609 1458 690; x_wconf 73' lang='lat' dir='ltr'>cognovi</span> <span class='ocrx_word' id='word_1_43' title='bbox 1490 609 1529 669; x_wconf 91' lang='lat' dir='ltr'>ibi</span> <span class='ocrx_word' id='word_1_44' title='bbox 1562 605 1619 677; x_wconf 71' lang='grc'>88.</span> <span class='ocrx_word' id='word_1_45' title='bbox 1641 605 1677 665; x_wconf 81' lang='grc' dir='ltr'>Ι).</span> <span class='ocrx_word' id='word_1_46' title='bbox 1700 603 1738 665; x_wconf 99' lang='grc' dir='ltr'>Ν.</span> <span class='ocrx_word' id='word_1_47' title='bbox 1760 621 1830 683; x_wconf 67' lang='lat' dir='ltr'>pra·</span> 
     </span>
     <span class='ocr_line' id='line_1_6' title="bbox 190 705 1828 791; baseline -0.014 -1"><span class='ocrx_word' id='word_1_48' title='bbox 190 725 452 790; x_wconf 86' lang='lat' dir='ltr'>Contradicteram.</span> <span class='ocrx_word' id='word_1_49' title='bbox 489 758 529 770; x_wconf 91' lang='lat'>-</span> <span class='ocrx_word' id='word_1_50' title='bbox 555 721 777 783; x_wconf 75' lang='lat' dir='ltr'>Abbresiotores</span> <span class='ocrx_word' id='word_1_51' title='bbox 810 720 845 782; x_wconf 92' lang='lat' dir='ltr'>de</span> <span class='ocrx_word' id='word_1_52' title='bbox 874 720 974 780; x_wconf 90' lang='lat' dir='ltr'>Prima</span> <span class='ocrx_word' id='word_1_53' title='bbox 1040 729 1157 789; x_wconf 87' lang='lat' dir='ltr'>satum,</span> <span class='ocrx_word' id='word_1_54' title='bbox 1178 733 1212 776; x_wconf 90' lang='lat' dir='ltr'>ac</span> <span class='ocrx_word' id='word_1_55' title='bbox 1233 713 1353 775; x_wconf 79' lang='lat' dir='ltr'>debilem</span> <span class='ocrx_word' id='word_1_56' title='bbox 1369 732 1445 785; x_wconf 87' lang='lat' dir='ltr'>esse;</span> <span class='ocrx_word' id='word_1_57' title='bbox 1466 716 1618 791; x_wconf 70' lang='lat' dir='ltr'>proposes</span> <span class='ocrx_word' id='word_1_58' title='bbox 1631 722 1722 780; x_wconf 81' lang='lat' dir='ltr'>‚uon</span> <span class='ocrx_word' id='word_1_59' title='bbox 1744 705 1828 784; x_wconf 74' lang='lat' dir='ltr'>longe</span> 
     </span>
     <span class='ocr_line' id='line_1_7' title="bbox 191 806 1828 903; baseline -0.015 -12"><span class='ocrx_word' id='word_1_60' title='bbox 191 831 328 903; x_wconf 77' lang='lat' dir='ltr'><strong>visione,</strong></span> <span class='ocrx_word' id='word_1_61' title='bbox 359 839 388 889; x_wconf 90' lang='lat' dir='ltr'>et</span> <span class='ocrx_word' id='word_1_62' title='bbox 420 826 454 887; x_wconf 90' lang='lat' dir='ltr'>de</span> <span class='ocrx_word' id='word_1_63' title='bbox 485 824 581 885; x_wconf 89' lang='lat' dir='ltr'>Pareo</span> <span class='ocrx_word' id='word_1_64' title='bbox 604 823 718 902; x_wconf 84' lang='lat' dir='ltr'>minori.</span> <span class='ocrx_word' id='word_1_65' title='bbox 746 856 783 869; x_wconf 85' lang='lat'><em>-</em></span> <span class='ocrx_word' id='word_1_66' title='bbox 807 822 972 901; x_wconf 72' lang='lat' dir='ltr'>Scriptores</span> <span class='ocrx_word' id='word_1_67' title='bbox 1039 819 1163 880; x_wconf 85' lang='lat' dir='ltr'>adoino</span> <span class='ocrx_word' id='word_1_68' title='bbox 1183 815 1344 878; x_wconf 76' lang='lat' dir='ltr'>cardinalis</span> <span class='ocrx_word' id='word_1_69' title='bbox 1358 814 1390 875; x_wconf 80' lang='lat' dir='ltr'>S.</span> <span class='ocrx_word' id='word_1_70' title='bbox 1405 811 1570 882; x_wconf 74' lang='lat' dir='ltr'>clericatis,</span> <span class='ocrx_word' id='word_1_71' title='bbox 1588 808 1651 868; x_wconf 81' lang='lat' dir='ltr'>dixi</span> <span class='ocrx_word' id='word_1_72' title='bbox 1676 806 1828 868; x_wconf 66' lang='lat' dir='ltr'>&amp;motae</span> 
     </span>
     <span class='ocr_line' id='line_1_8' title="bbox 191 906 1827 1009; baseline -0.016 -16"><span class='ocrx_word' id='word_1_73' title='bbox 191 927 432 1009; x_wconf 77' lang='lat' dir='ltr'>poenitentiasim.</span> <span class='ocrx_word' id='word_1_74' title='bbox 445 960 485 974; x_wconf 89' lang='lat'>·-</span> <span class='ocrx_word' id='word_1_75' title='bbox 499 923 664 1004; x_wconf 75' lang='lat' dir='ltr'>Scriptores</span> <span class='ocrx_word' id='word_1_76' title='bbox 675 922 842 1004; x_wconf 76' lang='lat' dir='ltr'>Apostolioi.</span> <span class='ocrx_word' id='word_1_77' title='bbox 855 956 892 967; x_wconf 94' lang='lat'>-</span> <span class='ocrx_word' id='word_1_78' title='bbox 907 921 974 982; x_wconf 88' lang='lat' dir='ltr'>dle·</span> <span class='ocrx_word' id='word_1_79' title='bbox 1040 920 1118 981; x_wconf 81' lang='lat' dir='ltr'>Suae</span> <span class='ocrx_word' id='word_1_80' title='bbox 1138 916 1318 981; x_wconf 84' lang='lat' dir='ltr'>commodius</span> <span class='ocrx_word' id='word_1_81' title='bbox 1339 915 1472 977; x_wconf 89' lang='lat' dir='ltr'>laturum</span> <span class='ocrx_word' id='word_1_82' title='bbox 1490 914 1516 973; x_wconf 90' lang='lat' dir='ltr'>si</span> <span class='ocrx_word' id='word_1_83' title='bbox 1535 921 1614 973; x_wconf 87' lang='lat' dir='ltr'>recta</span> <span class='ocrx_word' id='word_1_84' title='bbox 1637 910 1683 970; x_wconf 85' lang='lat' dir='ltr'>ris</span> <span class='ocrx_word' id='word_1_85' title='bbox 1712 906 1827 969; x_wconf 88' lang='lat' dir='ltr'>benedi·</span> 
     </span>
     <span class='ocr_line' id='line_1_9' title="bbox 193 1007 1831 1109; baseline -0.014 -19"><span class='ocrx_word' id='word_1_86' title='bbox 193 1029 279 1109; x_wconf 74' lang='lat' dir='ltr'>gistri</span> <span class='ocrx_word' id='word_1_87' title='bbox 302 1028 453 1104; x_wconf 74' lang='lat' dir='ltr'>utriusque</span> <span class='ocrx_word' id='word_1_88' title='bbox 484 1024 609 1104; x_wconf 71' lang='lat' dir='ltr'>registri.</span> <span class='ocrx_word' id='word_1_89' title='bbox 635 1054 672 1068; x_wconf 89' lang='lat'>·-</span> <span class='ocrx_word' id='word_1_90' title='bbox 694 1022 919 1084; x_wconf 72' lang='lat' dir='ltr'>abbreviaturas</span> <span class='ocrx_word' id='word_1_91' title='bbox 940 1019 976 1082; x_wconf 89' lang='lat' dir='ltr'>de</span> <span class='ocrx_word' id='word_1_92' title='bbox 1040 1019 1141 1082; x_wconf 76' lang='lat' dir='ltr'>edonis</span> <span class='ocrx_word' id='word_1_93' title='bbox 1162 1015 1294 1098; x_wconf 87' lang='lat' dir='ltr'>publicae</span> <span class='ocrx_word' id='word_1_94' title='bbox 1314 1018 1412 1077; x_wconf 84' lang='lat' dir='ltr'>iocrsm</span> <span class='ocrx_word' id='word_1_95' title='bbox 1432 1012 1619 1085; x_wconf 66' lang='lat' dir='ltr'>semera.</span> <span class='ocrx_word' id='word_1_96' title='bbox 1641 1008 1755 1091; x_wconf 87' lang='lat' dir='ltr'>populo</span> <span class='ocrx_word' id='word_1_97' title='bbox 1778 1007 1831 1068; x_wconf 92' lang='lat' dir='ltr'>ibi·</span> 
     </span>
     <span class='ocr_line' id='line_1_10' title="bbox 196 1109 1820 1205; baseline -0.014 -16"><span class='ocrx_word' id='word_1_98' title='bbox 196 1127 291 1189; x_wconf 86' lang='lat' dir='ltr'>Pareo</span> <span class='ocrx_word' id='word_1_99' title='bbox 304 1125 417 1205; x_wconf 86' lang='lat' dir='ltr'>mojori.</span> <span class='ocrx_word' id='word_1_100' title='bbox 433 1155 473 1168; x_wconf 91' lang='lat'>-</span> <span class='ocrx_word' id='word_1_101' title='bbox 488 1124 661 1184; x_wconf 79' lang='lat' dir='ltr'>bellatores.</span> <span class='ocrx_word' id='word_1_102' title='bbox 676 1159 717 1172; x_wconf 89' lang='lat'>-</span> <span class='ocrx_word' id='word_1_103' title='bbox 729 1122 861 1202; x_wconf 72' lang='lat' dir='ltr'>Magistri</span> <span class='ocrx_word' id='word_1_104' title='bbox 877 1123 975 1201; x_wconf 90' lang='lat' dir='ltr'>plum·</span> <span class='ocrx_word' id='word_1_105' title='bbox 1040 1121 1104 1181; x_wconf 90' lang='lat' dir='ltr'>dem</span> <span class='ocrx_word' id='word_1_106' title='bbox 1122 1118 1287 1187; x_wconf 82' lang='lat' dir='ltr'>solemniter</span> <span class='ocrx_word' id='word_1_107' title='bbox 1308 1114 1488 1178; x_wconf 59' lang='lat' dir='ltr'>beneficaret</span> <span class='ocrx_word' id='word_1_108' title='bbox 1514 1123 1543 1174; x_wconf 86' lang='lat' dir='ltr'>st</span> <span class='ocrx_word' id='word_1_109' title='bbox 1565 1110 1630 1172; x_wconf 88' lang='lat' dir='ltr'>inde</span> <span class='ocrx_word' id='word_1_110' title='bbox 1651 1109 1699 1170; x_wconf 82' lang='lat' dir='ltr'>ad</span> <span class='ocrx_word' id='word_1_111' title='bbox 1724 1152 1731 1168; x_wconf 91' lang='lat'><strong>.</strong></span> <span class='ocrx_word' id='word_1_112' title='bbox 1756 1152 1764 1167; x_wconf 93' lang='lat'><strong>.</strong></span> <span class='ocrx_word' id='word_1_113' title='bbox 1784 1153 1792 1167; x_wconf 95' lang='lat'><strong>.</strong></span> <span class='ocrx_word' id='word_1_114' title='bbox 1814 1153 1820 1166; x_wconf 94' lang='lat'><strong>.</strong></span> 
     </span>
     <span class='ocr_line' id='line_1_11' title="bbox 191 1202 1827 1315; baseline -0.009 -29"><span class='ocrx_word' id='word_1_115' title='bbox 191 1226 229 1287; x_wconf 91' lang='lat' dir='ltr'>bi.</span> <span class='ocrx_word' id='word_1_116' title='bbox 245 1259 286 1272; x_wconf 89' lang='lat'>-</span> <span class='ocrx_word' id='word_1_117' title='bbox 301 1225 516 1286; x_wconf 71' lang='lat' dir='ltr'>Procuratores</span> <span class='ocrx_word' id='word_1_118' title='bbox 536 1219 690 1285; x_wconf 88' lang='lat' dir='ltr'>Ordinum.</span> <span class='ocrx_word' id='word_1_119' title='bbox 710 1233 748 1268; x_wconf 75' lang='grc'>-’-</span> <span class='ocrx_word' id='word_1_120' title='bbox 764 1222 996 1283; x_wconf 84' lang='lat' dir='ltr'>Procuratores</span> <span class='ocrx_word' id='word_1_121' title='bbox 1041 1233 1069 1283; x_wconf 87' lang='lat' dir='ltr'>at</span> <span class='ocrx_word' id='word_1_122' title='bbox 1091 1220 1206 1315; x_wconf 79' lang='lat' dir='ltr'>quidem</span> <span class='ocrx_word' id='word_1_123' title='bbox 1226 1219 1414 1280; x_wconf 71' lang='lat' dir='ltr'>sanctitatem</span> <span class='ocrx_word' id='word_1_124' title='bbox 1447 1214 1548 1276; x_wconf 78' lang='lat' dir='ltr'>Suom·</span> <span class='ocrx_word' id='word_1_125' title='bbox 1560 1211 1670 1275; x_wconf 83' lang='lat' dir='ltr'>rediret</span> <span class='ocrx_word' id='word_1_126' title='bbox 1678 1202 1694 1283; x_wconf 52' lang='lat'>&#39;‚</span> <span class='ocrx_word' id='word_1_127' title='bbox 1723 1207 1827 1272; x_wconf 76' lang='lat' dir='ltr'>Cardi-</span> 
     </span>
    </p>
   </div>
   <div class='ocr_carea' id='block_1_4' title="bbox 82 1311 1827 1405">
    <p class='ocr_par' dir='ltr' id='par_1_4' title="bbox 82 1311 1827 1405">
     <span class='ocr_line' id='line_1_12' title="bbox 82 1311 1827 1405; baseline -0.011 -15"><span class='ocrx_word' id='word_1_128' title='bbox 82 1374 89 1390; x_wconf 90' lang='lat'><strong>.</strong></span> <span class='ocrx_word' id='word_1_129' title='bbox 191 1325 371 1405; x_wconf 79' lang='lat' dir='ltr'>Principum.</span> <span class='ocrx_word' id='word_1_130' title='bbox 391 1355 430 1368; x_wconf 90' lang='lat'>-·</span> <span class='ocrx_word' id='word_1_131' title='bbox 452 1323 630 1395; x_wconf 87' lang='lat' dir='ltr'>Secretaril,</span> <span class='ocrx_word' id='word_1_132' title='bbox 649 1334 680 1385; x_wconf 91' lang='lat' dir='ltr'>et</span> <span class='ocrx_word' id='word_1_133' title='bbox 696 1322 841 1385; x_wconf 65' lang='lat' dir='ltr'>⁴Advocati</span> <span class='ocrx_word' id='word_1_134' title='bbox 860 1353 895 1365; x_wconf 91' lang='lat'>-</span> <span class='ocrx_word' id='word_1_135' title='bbox 912 1319 975 1381; x_wconf 91' lang='lat' dir='ltr'>Cu·</span> <span class='ocrx_word' id='word_1_136' title='bbox 1041 1322 1155 1384; x_wconf 87' lang='lat' dir='ltr'>noiibus</span> <span class='ocrx_word' id='word_1_137' title='bbox 1173 1319 1209 1381; x_wconf 89' lang='lat' dir='ltr'>ad</span> <span class='ocrx_word' id='word_1_138' title='bbox 1226 1320 1342 1380; x_wconf 74' lang='lat' dir='ltr'>missam</span> <span class='ocrx_word' id='word_1_139' title='bbox 1359 1315 1536 1401; x_wconf 74' lang='lat' dir='ltr'>emicotibns</span> <span class='ocrx_word' id='word_1_140' title='bbox 1553 1314 1583 1375; x_wconf 81' lang='grc' dir='ltr'>ἰι</span> <span class='ocrx_word' id='word_1_141' title='bbox 1598 1311 1726 1375; x_wconf 70' lang='lat' dir='ltr'>usuras</span> <span class='ocrx_word' id='word_1_142' title='bbox 1740 1327 1827 1390; x_wconf 86' lang='lat' dir='ltr'>proc·</span> 
     </span>
    </p>
   </div>
   <div class='ocr_carea' id='block_1_5' title="bbox 192 1411 1827 1501">
    <p class='ocr_par' dir='ltr' id='par_1_5' title="bbox 192 1411 1827 1501">
     <span class='ocr_line' id='line_1_13' title="bbox 192 1411 1827 1501; baseline -0.008 -17"><span class='ocrx_word' id='word_1_143' title='bbox 192 1424 337 1487; x_wconf 90' lang='lat' dir='ltr'>bieularii.</span> <span class='ocrx_word' id='word_1_144' title='bbox 353 1455 392 1469; x_wconf 83' lang='lat'>-</span> <span class='ocrx_word' id='word_1_145' title='bbox 407 1423 627 1490; x_wconf 74' lang='lat' dir='ltr'>ermenarii-</span> <span class='ocrx_word' id='word_1_146' title='bbox 645 1419 785 1485; x_wconf 87' lang='lat' dir='ltr'>Oratores</span> <span class='ocrx_word' id='word_1_147' title='bbox 806 1421 975 1501; x_wconf 77' lang='lat' dir='ltr'>Principum</span> <span class='ocrx_word' id='word_1_148' title='bbox 1042 1424 1117 1485; x_wconf 87' lang='lat' dir='ltr'>dicta</span> <span class='ocrx_word' id='word_1_149' title='bbox 1141 1419 1341 1484; x_wconf 85' lang='lat' dir='ltr'>celebrandam</span> <span class='ocrx_word' id='word_1_150' title='bbox 1352 1439 1363 1492; x_wconf 77' lang='lat'>3</span> <span class='ocrx_word' id='word_1_151' title='bbox 1391 1415 1470 1496; x_wconf 87' lang='lat' dir='ltr'>quod</span> <span class='ocrx_word' id='word_1_152' title='bbox 1490 1414 1643 1476; x_wconf 86' lang='lat' dir='ltr'>Sanctitati</span> <span class='ocrx_word' id='word_1_153' title='bbox 1663 1411 1746 1473; x_wconf 79' lang='lat' dir='ltr'>Suae</span> <span class='ocrx_word' id='word_1_154' title='bbox 1767 1412 1827 1491; x_wconf 89' lang='lat' dir='ltr'>pta·</span> 
     </span>
    </p>
   </div>
   <div class='ocr_carea' id='block_1_6' title="bbox 173 1522 981 3814">
    <p class='ocr_par' dir='ltr' id='par_1_6' title="bbox 173 1522 981 3814">
     <span class='ocr_line' id='line_1_14' title="bbox 193 1522 976 1604; baseline -0.004 -17"><span class='ocrx_word' id='word_1_155' title='bbox 193 1524 284 1598; x_wconf 84' lang='lat' dir='ltr'>laici,</span> <span class='ocrx_word' id='word_1_156' title='bbox 304 1535 338 1590; x_wconf 86' lang='lat' dir='ltr'>et¹</span> <span class='ocrx_word' id='word_1_157' title='bbox 355 1525 490 1586; x_wconf 78' lang='lat' dir='ltr'>Ramnes.</span> <span class='ocrx_word' id='word_1_158' title='bbox 510 1556 549 1567; x_wconf 86' lang='lat'>-</span> <span class='ocrx_word' id='word_1_159' title='bbox 571 1522 709 1585; x_wconf 80' lang='lat' dir='ltr'>Carteres</span> <span class='ocrx_word' id='word_1_160' title='bbox 728 1523 833 1604; x_wconf 84' lang='lat' dir='ltr'>Papae.</span> <span class='ocrx_word' id='word_1_161' title='bbox 854 1554 893 1568; x_wconf 88' lang='lat'><em>-</em></span> <span class='ocrx_word' id='word_1_162' title='bbox 915 1523 976 1584; x_wconf 78' lang='lat' dir='ltr'>,le-</span> 
     </span>
     <span class='ocr_line' id='line_1_15' title="bbox 191 1615 971 1693; baseline 0 -14"><span class='ocrx_word' id='word_1_163' title='bbox 191 1619 282 1693; x_wconf 72' lang='lat' dir='ltr'>coliti.</span> <span class='ocrx_word' id='word_1_164' title='bbox 304 1652 342 1666; x_wconf 91' lang='lat'><em>-</em></span> <span class='ocrx_word' id='word_1_165' title='bbox 363 1616 469 1680; x_wconf 87' lang='lat' dir='ltr'>Clerici</span> <span class='ocrx_word' id='word_1_166' title='bbox 489 1617 637 1679; x_wconf 82' lang='lat' dir='ltr'>Gamerae.</span> <span class='ocrx_word' id='word_1_167' title='bbox 660 1650 699 1663; x_wconf 89' lang='lat'><em>-</em></span> <span class='ocrx_word' id='word_1_168' title='bbox 721 1617 877 1680; x_wconf 70' lang='lat' dir='ltr'>Auditores</span> <span class='ocrx_word' id='word_1_169' title='bbox 907 1615 971 1679; x_wconf 86' lang='lat' dir='ltr'>ile·</span> 
     </span>
     <span class='ocr_line' id='line_1_16' title="bbox 193 1715 975 1790; baseline -0.012 -7"><span class='ocrx_word' id='word_1_170' title='bbox 193 1726 248 1783; x_wconf 82' lang='lat' dir='ltr'>loe.</span> <span class='ocrx_word' id='word_1_171' title='bbox 281 1752 318 1763; x_wconf 94' lang='lat'><strong>—</strong></span> <span class='ocrx_word' id='word_1_172' title='bbox 340 1718 463 1779; x_wconf 74' lang='lat' dir='ltr'>decoliti</span> <span class='ocrx_word' id='word_1_173' title='bbox 490 1736 557 1778; x_wconf 87' lang='lat' dir='ltr'>cum</span> <span class='ocrx_word' id='word_1_174' title='bbox 581 1716 780 1790; x_wconf 60' lang='lat' dir='ltr'>madelmus,</span> <span class='ocrx_word' id='word_1_175' title='bbox 812 1727 842 1777; x_wconf 90' lang='lat' dir='ltr'>et</span> <span class='ocrx_word' id='word_1_176' title='bbox 874 1715 975 1776; x_wconf 88' lang='lat' dir='ltr'>thuri·</span> 
     </span>
     <span class='ocr_line' id='line_1_17' title="bbox 194 1804 975 1890; baseline -0.001 -12"><span class='ocrx_word' id='word_1_177' title='bbox 194 1817 273 1879; x_wconf 93' lang='lat' dir='ltr'>bulo.</span> <span class='ocrx_word' id='word_1_178' title='bbox 294 1851 333 1865; x_wconf 89' lang='lat'><em>-</em></span> <span class='ocrx_word' id='word_1_179' title='bbox 352 1816 528 1879; x_wconf 79' lang='lat' dir='ltr'>Subdieeoni</span> <span class='ocrx_word' id='word_1_180' title='bbox 546 1836 615 1880; x_wconf 89' lang='lat' dir='ltr'>cum</span> <span class='ocrx_word' id='word_1_181' title='bbox 637 1804 747 1890; x_wconf 84' lang='lat' dir='ltr'>Grues,</span> <span class='ocrx_word' id='word_1_182' title='bbox 768 1830 800 1880; x_wconf 87' lang='lat' dir='ltr'>et</span> <span class='ocrx_word' id='word_1_183' title='bbox 821 1817 914 1879; x_wconf 88' lang='lat' dir='ltr'>sociis.</span> <span class='ocrx_word' id='word_1_184' title='bbox 937 1849 975 1862; x_wconf 90' lang='lat'>-</span> 
     </span>
     <span class='ocr_line' id='line_1_18' title="bbox 194 1917 976 2000; baseline 0.001 -23"><span class='ocrx_word' id='word_1_185' title='bbox 194 1917 414 1980; x_wconf 82' lang='lat' dir='ltr'>Poecileutiarii.</span> <span class='ocrx_word' id='word_1_186' title='bbox 437 1954 476 1967; x_wconf 90' lang='lat'>—</span> <span class='ocrx_word' id='word_1_187' title='bbox 503 1918 635 1981; x_wconf 74' lang='lat' dir='ltr'>Abbotes.</span> <span class='ocrx_word' id='word_1_188' title='bbox 657 1954 695 1966; x_wconf 92' lang='lat'><em>-</em></span> <span class='ocrx_word' id='word_1_189' title='bbox 723 1918 885 2000; x_wconf 62' lang='lat' dir='ltr'>Episcopi,</span> <span class='ocrx_word' id='word_1_190' title='bbox 915 1920 976 1979; x_wconf 69' lang='lat' dir='ltr'>Ar·</span> 
     </span>
     <span class='ocr_line' id='line_1_19' title="bbox 196 2017 977 2106; baseline 0 -27"><span class='ocrx_word' id='word_1_191' title='bbox 196 2017 381 2099; x_wconf 77' lang='lat' dir='ltr'>cbiepiscopi,</span> <span class='ocrx_word' id='word_1_192' title='bbox 397 2029 425 2079; x_wconf 88' lang='lat' dir='ltr'>et</span> <span class='ocrx_word' id='word_1_193' title='bbox 439 2017 575 2079; x_wconf 87' lang='lat' dir='ltr'>Praelati.</span> <span class='ocrx_word' id='word_1_194' title='bbox 588 2050 625 2064; x_wconf 89' lang='lat'><em>-</em></span> <span class='ocrx_word' id='word_1_195' title='bbox 641 2017 780 2085; x_wconf 84' lang='lat' dir='ltr'>Oratores</span> <span class='ocrx_word' id='word_1_196' title='bbox 791 2019 912 2106; x_wconf 79' lang='lat' dir='ltr'>praelati</span> <span class='ocrx_word' id='word_1_197' title='bbox 927 2037 977 2079; x_wconf 89' lang='lat' dir='ltr'>as·</span> 
     </span>
     <span class='ocr_line' id='line_1_20' title="bbox 194 2106 978 2200; baseline 0.005 -23"><span class='ocrx_word' id='word_1_198' title='bbox 194 2118 327 2182; x_wconf 77' lang='lat' dir='ltr'>sistentes</span> <span class='ocrx_word' id='word_1_199' title='bbox 348 2118 458 2200; x_wconf 87' lang='lat' dir='ltr'>Papae,</span> <span class='ocrx_word' id='word_1_200' title='bbox 479 2120 581 2200; x_wconf 80' lang='lat' dir='ltr'>parati.</span> <span class='ocrx_word' id='word_1_201' title='bbox 605 2154 642 2165; x_wconf 98' lang='lat'>—</span> <span class='ocrx_word' id='word_1_202' title='bbox 670 2119 790 2182; x_wconf 80' lang='lat' dir='ltr'>Discorsi</span> <span class='ocrx_word' id='word_1_203' title='bbox 812 2106 978 2182; x_wconf 87' lang='lat' dir='ltr'>Cardineles</span> 
     </span>
     <span class='ocr_line' id='line_1_21' title="bbox 193 2219 978 2302; baseline 0.001 -21"><span class='ocrx_word' id='word_1_204' title='bbox 193 2237 250 2281; x_wconf 88' lang='lat' dir='ltr'>uon</span> <span class='ocrx_word' id='word_1_205' title='bbox 270 2220 432 2282; x_wconf 75' lang='lat' dir='ltr'>assistentes</span> <span class='ocrx_word' id='word_1_206' title='bbox 453 2219 495 2302; x_wconf 91' lang='lat' dir='ltr'>(io</span> <span class='ocrx_word' id='word_1_207' title='bbox 522 2220 671 2300; x_wconf 75' lang='lat' dir='ltr'>digniores</span> <span class='ocrx_word' id='word_1_208' title='bbox 691 2221 764 2283; x_wconf 83' lang='lat' dir='ltr'>dass</span> <span class='ocrx_word' id='word_1_209' title='bbox 783 2234 847 2283; x_wconf 87' lang='lat' dir='ltr'>erat</span> <span class='ocrx_word' id='word_1_210' title='bbox 869 2222 978 2282; x_wconf 86' lang='lat' dir='ltr'>medius</span> 
     </span>
     <span class='ocr_line' id='line_1_22' title="bbox 195 2318 977 2402; baseline 0.006 -24"><span class='ocrx_word' id='word_1_211' title='bbox 195 2319 334 2401; x_wconf 79' lang='lat' dir='ltr'>Princeps</span> <span class='ocrx_word' id='word_1_212' title='bbox 356 2318 498 2402; x_wconf 75' lang='lat' dir='ltr'>uspuse).</span> <span class='ocrx_word' id='word_1_213' title='bbox 519 2354 559 2365; x_wconf 90' lang='lat'><em>-</em></span> <span class='ocrx_word' id='word_1_214' title='bbox 586 2320 756 2401; x_wconf 73' lang='lat' dir='ltr'>Presbyteri</span> <span class='ocrx_word' id='word_1_215' title='bbox 786 2321 977 2392; x_wconf 73' lang='lat' dir='ltr'>cardinales,</span> 
     </span>
     <span class='ocr_line' id='line_1_23' title="bbox 196 2421 981 2502; baseline 0.001 -20"><span class='ocrx_word' id='word_1_216' title='bbox 196 2432 226 2482; x_wconf 88' lang='lat' dir='ltr'>et</span> <span class='ocrx_word' id='word_1_217' title='bbox 252 2421 394 2502; x_wconf 81' lang='lat' dir='ltr'>Episcopi.</span> <span class='ocrx_word' id='word_1_218' title='bbox 425 2454 463 2470; x_wconf 92' lang='lat'>·-</span> <span class='ocrx_word' id='word_1_219' title='bbox 478 2422 546 2482; x_wconf 83' lang='lat' dir='ltr'>iluo</span> <span class='ocrx_word' id='word_1_220' title='bbox 567 2421 686 2483; x_wconf 88' lang='lat' dir='ltr'>Diaconi</span> <span class='ocrx_word' id='word_1_221' title='bbox 721 2423 817 2502; x_wconf 84' lang='lat' dir='ltr'>Papae</span> <span class='ocrx_word' id='word_1_222' title='bbox 847 2423 981 2487; x_wconf 70' lang='lat' dir='ltr'>enisum</span> 
     </span>
     <span class='ocr_line' id='line_1_24' title="bbox 196 2522 980 2602; baseline 0.004 -19"><span class='ocrx_word' id='word_1_223' title='bbox 196 2534 246 2584; x_wconf 70' lang='lat' dir='ltr'>tes</span> <span class='ocrx_word' id='word_1_224' title='bbox 265 2554 302 2593; x_wconf 57' lang='lat'>-‚-</span> <span class='ocrx_word' id='word_1_225' title='bbox 319 2523 458 2585; x_wconf 84' lang='lat' dir='ltr'>Sectileri</span> <span class='ocrx_word' id='word_1_226' title='bbox 480 2523 575 2602; x_wconf 89' lang='lat' dir='ltr'>Pepee</span> <span class='ocrx_word' id='word_1_227' title='bbox 596 2540 663 2584; x_wconf 91' lang='lat' dir='ltr'>enm</span> <span class='ocrx_word' id='word_1_228' title='bbox 684 2523 844 2583; x_wconf 88' lang='lat' dir='ltr'>intorticiis.</span> <span class='ocrx_word' id='word_1_229' title='bbox 857 2555 896 2566; x_wconf 96' lang='lat'>—</span> <span class='ocrx_word' id='word_1_230' title='bbox 913 2522 980 2587; x_wconf 87' lang='lat' dir='ltr'>Duo</span> 
     </span>
     <span class='ocr_line' id='line_1_25' title="bbox 193 2621 980 2685; baseline 0 -1"><span class='ocrx_word' id='word_1_231' title='bbox 193 2622 319 2684; x_wconf 71' lang='lat' dir='ltr'>nocoliti</span> <span class='ocrx_word' id='word_1_232' title='bbox 336 2641 402 2685; x_wconf 86' lang='lat' dir='ltr'>eum</span> <span class='ocrx_word' id='word_1_233' title='bbox 421 2621 612 2684; x_wconf 76' lang='lat' dir='ltr'>candelabris.</span> <span class='ocrx_word' id='word_1_234' title='bbox 628 2656 664 2669; x_wconf 89' lang='lat'><em>-</em></span> <span class='ocrx_word' id='word_1_235' title='bbox 685 2622 751 2683; x_wconf 87' lang='lat' dir='ltr'>Duo</span> <span class='ocrx_word' id='word_1_236' title='bbox 770 2624 895 2685; x_wconf 74' lang='lat' dir='ltr'>Aecoliti</span> <span class='ocrx_word' id='word_1_237' title='bbox 912 2641 980 2685; x_wconf 88' lang='lat' dir='ltr'>eum</span> 
     </span>
     <span class='ocr_line' id='line_1_26' title="bbox 199 2706 979 2804; baseline 0.001 -22"><span class='ocrx_word' id='word_1_238' title='bbox 199 2706 366 2784; x_wconf 79' lang='lat' dir='ltr'>thuribulis.</span> <span class='ocrx_word' id='word_1_239' title='bbox 382 2756 421 2770; x_wconf 91' lang='lat'><em>-</em></span> <span class='ocrx_word' id='word_1_240' title='bbox 438 2724 516 2804; x_wconf 90' lang='lat' dir='ltr'>Papa</span> <span class='ocrx_word' id='word_1_241' title='bbox 535 2722 590 2784; x_wconf 83' lang='lat' dir='ltr'>sub</span> <span class='ocrx_word' id='word_1_242' title='bbox 601 2722 780 2784; x_wconf 83' lang='lat' dir='ltr'>baldachino.</span> <span class='ocrx_word' id='word_1_243' title='bbox 799 2757 835 2769; x_wconf 93' lang='lat'><em>-</em></span> <span class='ocrx_word' id='word_1_244' title='bbox 853 2723 979 2789; x_wconf 78' lang='lat' dir='ltr'>audirer</span> 
     </span>
     <span class='ocr_line' id='line_1_27' title="bbox 195 2823 980 2906; baseline 0 -22"><span class='ocrx_word' id='word_1_245' title='bbox 195 2825 230 2885; x_wconf 89' lang='lat' dir='ltr'>de</span> <span class='ocrx_word' id='word_1_246' title='bbox 244 2825 333 2886; x_wconf 88' lang='lat' dir='ltr'>mitre</span> <span class='ocrx_word' id='word_1_247' title='bbox 351 2823 488 2897; x_wconf 66' lang='lat' dir='ltr'>seruiens,</span> <span class='ocrx_word' id='word_1_248' title='bbox 505 2823 624 2893; x_wconf 89' lang='lat' dir='ltr'>medius.</span> <span class='ocrx_word' id='word_1_249' title='bbox 640 2855 679 2873; x_wconf 81' lang='lat'>-·</span> <span class='ocrx_word' id='word_1_250' title='bbox 696 2823 915 2893; x_wconf 85' lang='lat' dir='ltr'>Protboootarii</span> <span class='ocrx_word' id='word_1_251' title='bbox 929 2843 980 2906; x_wconf 83' lang='lat' dir='ltr'>as-</span> 
     </span>
     <span class='ocr_line' id='line_1_28' title="bbox 199 2913 980 3004; baseline 0.005 -20"><span class='ocrx_word' id='word_1_252' title='bbox 199 2923 336 2987; x_wconf 84' lang='lat' dir='ltr'>sistentes.</span> <span class='ocrx_word' id='word_1_253' title='bbox 357 2924 483 2985; x_wconf 88' lang='lat' dir='ltr'>Preelati</span> <span class='ocrx_word' id='word_1_254' title='bbox 505 2942 561 2984; x_wconf 87' lang='lat' dir='ltr'>non</span> <span class='ocrx_word' id='word_1_255' title='bbox 575 2926 679 3004; x_wconf 87' lang='lat' dir='ltr'>parati.</span> <span class='ocrx_word' id='word_1_256' title='bbox 699 2952 748 2968; x_wconf 41' lang='lat'>-‘</span> <span class='ocrx_word' id='word_1_257' title='bbox 760 2924 819 2988; x_wconf 81' lang='lat' dir='ltr'>alti</span> <span class='ocrx_word' id='word_1_258' title='bbox 834 2913 980 2988; x_wconf 88' lang='lat' dir='ltr'>Protooo·</span> 
     </span>
     <span class='ocr_line' id='line_1_29' title="bbox 173 3022 981 3106; baseline 0.001 -22"><span class='ocrx_word' id='word_1_259' title='bbox 173 3027 177 3030; x_wconf 76' lang='grc'><strong><em>’</em></strong></span> <span class='ocrx_word' id='word_1_260' title='bbox 199 3023 277 3103; x_wconf 83' lang='lat' dir='ltr'>tarij.</span> <span class='ocrx_word' id='word_1_261' title='bbox 299 3060 338 3072; x_wconf 90' lang='lat'>-</span> <span class='ocrx_word' id='word_1_262' title='bbox 359 3025 514 3091; x_wconf 83' lang='lat' dir='ltr'>Generules</span> <span class='ocrx_word' id='word_1_263' title='bbox 535 3022 691 3087; x_wconf 85' lang='lat' dir='ltr'>Ordinum.</span> <span class='ocrx_word' id='word_1_264' title='bbox 712 3057 752 3072; x_wconf 93' lang='lat'>-</span> <span class='ocrx_word' id='word_1_265' title='bbox 767 3025 870 3106; x_wconf 75' lang='lat' dir='ltr'>&#39;iegati</span> <span class='ocrx_word' id='word_1_266' title='bbox 885 3027 981 3087; x_wconf 87' lang='lat' dir='ltr'>aulici.</span> 
     </span>
     <span class='ocr_line' id='line_1_30' title="bbox 238 3127 980 3218; baseline 0 -29"><span class='ocrx_word' id='word_1_267' title='bbox 238 3128 449 3208; x_wconf 79' lang='lat' dir='ltr'>Peldacbinom</span> <span class='ocrx_word' id='word_1_268' title='bbox 475 3138 631 3218; x_wconf 83' lang='lat' dir='ltr'>portarunt</span> <span class='ocrx_word' id='word_1_269' title='bbox 651 3129 777 3191; x_wconf 77' lang='lat' dir='ltr'>barones</span> <span class='ocrx_word' id='word_1_270' title='bbox 797 3141 826 3190; x_wconf 90' lang='lat' dir='ltr'>et</span> <span class='ocrx_word' id='word_1_271' title='bbox 847 3127 980 3202; x_wconf 84' lang='lat' dir='ltr'>Nobiles,</span> 
     </span>
     <span class='ocr_line' id='line_1_31' title="bbox 195 3231 980 3313; baseline -0.004 -18"><span class='ocrx_word' id='word_1_272' title='bbox 195 3234 338 3311; x_wconf 72' lang='lat' dir='ltr'>quicum</span> <span class='ocrx_word' id='word_1_273' title='bbox 364 3231 499 3312; x_wconf 91' lang='lat' dir='ltr'>Principe</span> <span class='ocrx_word' id='word_1_274' title='bbox 518 3232 634 3313; x_wconf 83' lang='lat' dir='ltr'>Capuae</span> <span class='ocrx_word' id='word_1_275' title='bbox 666 3233 788 3295; x_wconf 85' lang='lat' dir='ltr'>Romam</span> <span class='ocrx_word' id='word_1_276' title='bbox 817 3242 980 3305; x_wconf 81' lang='lat' dir='ltr'>uenerunt,</span> 
     </span>
     <span class='ocr_line' id='line_1_32' title="bbox 197 3331 980 3408; baseline -0.001 -15"><span class='ocrx_word' id='word_1_277' title='bbox 197 3350 255 3393; x_wconf 86' lang='lat' dir='ltr'>noa</span> <span class='ocrx_word' id='word_1_278' title='bbox 276 3351 344 3393; x_wconf 90' lang='lat' dir='ltr'>cum</span> <span class='ocrx_word' id='word_1_279' title='bbox 375 3333 440 3394; x_wconf 86' lang='lat' dir='ltr'>aliis</span> <span class='ocrx_word' id='word_1_280' title='bbox 471 3334 577 3394; x_wconf 92' lang='lat' dir='ltr'>nostris</span> <span class='ocrx_word' id='word_1_281' title='bbox 603 3331 774 3408; x_wconf 83' lang='lat' dir='ltr'>Nobilibus3</span> <span class='ocrx_word' id='word_1_282' title='bbox 806 3334 848 3396; x_wconf 90' lang='lat' dir='ltr'>sio</span> <span class='ocrx_word' id='word_1_283' title='bbox 877 3349 980 3395; x_wconf 85' lang='lat' dir='ltr'>eorum</span> 
     </span>
     <span class='ocr_line' id='line_1_33' title="bbox 196 3432 980 3512; baseline -0.001 -19"><span class='ocrx_word' id='word_1_284' title='bbox 196 3433 250 3494; x_wconf 89' lang='lat' dir='ltr'>luit</span> <span class='ocrx_word' id='word_1_285' title='bbox 280 3451 402 3512; x_wconf 78' lang='lat' dir='ltr'>magnus</span> <span class='ocrx_word' id='word_1_286' title='bbox 423 3451 571 3494; x_wconf 87' lang='lat' dir='ltr'>numerus.</span> <span class='ocrx_word' id='word_1_287' title='bbox 592 3433 705 3496; x_wconf 82' lang='lat' dir='ltr'>Nostris</span> <span class='ocrx_word' id='word_1_288' title='bbox 720 3432 980 3496; x_wconf 80' lang='lat' dir='ltr'>conservatoribus</span> 
     </span>
     <span class='ocr_line' id='line_1_34' title="bbox 199 3532 978 3613; baseline 0.001 -21"><span class='ocrx_word' id='word_1_289' title='bbox 199 3532 298 3594; x_wconf 86' lang='lat' dir='ltr'>locum</span> <span class='ocrx_word' id='word_1_290' title='bbox 318 3532 382 3593; x_wconf 88' lang='lat' dir='ltr'>dedi</span> <span class='ocrx_word' id='word_1_291' title='bbox 403 3532 506 3593; x_wconf 87' lang='lat' dir='ltr'>ibidem</span> <span class='ocrx_word' id='word_1_292' title='bbox 528 3544 592 3593; x_wconf 89' lang='lat' dir='ltr'>ante</span> <span class='ocrx_word' id='word_1_293' title='bbox 613 3533 815 3595; x_wconf 87' lang='lat' dir='ltr'>baldachinum</span> <span class='ocrx_word' id='word_1_294' title='bbox 826 3577 836 3607; x_wconf 88' lang='lat'><em>,</em></span> <span class='ocrx_word' id='word_1_295' title='bbox 857 3544 978 3613; x_wconf 91' lang='lat' dir='ltr'>propter</span> 
     </span>
     <span class='ocr_line' id='line_1_35' title="bbox 175 3631 980 3704; baseline 0 -11"><span class='ocrx_word' id='word_1_296' title='bbox 175 3661 178 3673; x_wconf 88' lang='lat'>·</span> <span class='ocrx_word' id='word_1_297' title='bbox 200 3632 367 3693; x_wconf 86' lang='lat' dir='ltr'>scandalum</span> <span class='ocrx_word' id='word_1_298' title='bbox 386 3632 574 3704; x_wconf 76' lang='lat' dir='ltr'>enitendum,</span> <span class='ocrx_word' id='word_1_299' title='bbox 601 3633 636 3695; x_wconf 91' lang='lat' dir='ltr'>de</span> <span class='ocrx_word' id='word_1_300' title='bbox 656 3633 790 3696; x_wconf 88' lang='lat' dir='ltr'>mandato</span> <span class='ocrx_word' id='word_1_301' title='bbox 811 3634 866 3695; x_wconf 80' lang='lat' dir='ltr'>SS.</span> <span class='ocrx_word' id='word_1_302' title='bbox 887 3632 923 3694; x_wconf 88' lang='lat' dir='ltr'>D.</span> <span class='ocrx_word' id='word_1_303' title='bbox 944 3631 980 3694; x_wconf 82' lang='lat' dir='ltr'>N.</span> 
     </span>
     <span class='ocr_line' id='line_1_36' title="bbox 198 3728 981 3814; baseline 0.005 -22"><span class='ocrx_word' id='word_1_304' title='bbox 198 3733 302 3814; x_wconf 90' lang='lat' dir='ltr'>Papae.</span> <span class='ocrx_word' id='word_1_305' title='bbox 330 3728 363 3793; x_wconf 66' lang='lat' dir='ltr'>S.</span> <span class='ocrx_word' id='word_1_306' title='bbox 385 3733 420 3793; x_wconf 88' lang='lat' dir='ltr'>D.</span> <span class='ocrx_word' id='word_1_307' title='bbox 443 3731 477 3792; x_wconf 86' lang='lat' dir='ltr'>N.</span> <span class='ocrx_word' id='word_1_308' title='bbox 506 3742 646 3802; x_wconf 82' lang='lat' dir='ltr'>statueret</span> <span class='ocrx_word' id='word_1_309' title='bbox 666 3732 710 3794; x_wconf 91' lang='lat' dir='ltr'>die</span> <span class='ocrx_word' id='word_1_310' title='bbox 744 3734 889 3813; x_wconf 87' lang='lat' dir='ltr'>praedicta</span> <span class='ocrx_word' id='word_1_311' title='bbox 911 3752 981 3814; x_wconf 77' lang='lat' dir='ltr'>pre-</span> 
     </span>
    </p>
   </div>
   <div class='ocr_carea' id='block_1_7' title="bbox 104 3830 980 3915">
    <p class='ocr_par' dir='ltr' id='par_1_7' title="bbox 104 3830 980 3915">
     <span class='ocr_line' id='line_1_37' title="bbox 104 3830 980 3915; baseline 0.002 -21"><span class='ocrx_word' id='word_1_312' title='bbox 104 3865 108 3872; x_wconf 95' lang='lat'><em>·</em></span> <span class='ocrx_word' id='word_1_313' title='bbox 200 3834 352 3915; x_wconf 77' lang='lat' dir='ltr'>sbpterum</span> <span class='ocrx_word' id='word_1_314' title='bbox 373 3832 409 3893; x_wconf 92' lang='lat' dir='ltr'>ad</span> <span class='ocrx_word' id='word_1_315' title='bbox 429 3830 578 3895; x_wconf 85' lang='lat' dir='ltr'>ecclesiam</span> <span class='ocrx_word' id='word_1_316' title='bbox 604 3832 708 3895; x_wconf 84' lang='lat' dir='ltr'>ibidem</span> <span class='ocrx_word' id='word_1_317' title='bbox 741 3852 808 3895; x_wconf 88' lang='lat' dir='ltr'>com</span> <span class='ocrx_word' id='word_1_318' title='bbox 834 3833 936 3895; x_wconf 86' lang='lat' dir='ltr'>lerro.</span> <span class='ocrx_word' id='word_1_319' title='bbox 951 3878 980 3896; x_wconf 93' lang='lat'>..</span> 
     </span>
    </p>
   </div>
   <div class='ocr_carea' id='block_1_8' title="bbox 195 3928 982 4215">
    <p class='ocr_par' dir='ltr' id='par_1_8' title="bbox 195 3928 982 4215">
     <span class='ocr_line' id='line_1_38' title="bbox 199 3928 981 4019; baseline -0.003 -23"><span class='ocrx_word' id='word_1_320' title='bbox 199 3981 206 3996; x_wconf 92' lang='lat'><strong>.</strong></span> <span class='ocrx_word' id='word_1_321' title='bbox 221 3982 228 3996; x_wconf 90' lang='lat'><strong>.</strong></span> <span class='ocrx_word' id='word_1_322' title='bbox 241 3934 287 4019; x_wconf 80' lang='lat' dir='ltr'>(i)</span> <span class='ocrx_word' id='word_1_323' title='bbox 304 3934 382 4016; x_wconf 86' lang='lat' dir='ltr'>qood</span> <span class='ocrx_word' id='word_1_324' title='bbox 395 3945 489 3996; x_wconf 89' lang='lat' dir='ltr'>tomen</span> <span class='ocrx_word' id='word_1_325' title='bbox 501 3950 570 3995; x_wconf 89' lang='lat' dir='ltr'>cum</span> <span class='ocrx_word' id='word_1_326' title='bbox 583 3928 762 4013; x_wconf 83' lang='lat' dir='ltr'>superdeum</span> <span class='ocrx_word' id='word_1_327' title='bbox 774 3943 803 3995; x_wconf 86' lang='lat' dir='ltr'>et</span> <span class='ocrx_word' id='word_1_328' title='bbox 812 3933 875 3994; x_wconf 91' lang='lat' dir='ltr'>sine</span> <span class='ocrx_word' id='word_1_329' title='bbox 894 3951 981 3996; x_wconf 87' lang='lat' dir='ltr'>causa</span> 
     </span>
     <span class='ocr_line' id='line_1_39' title="bbox 195 4033 982 4131; baseline -0.001 -35"><span class='ocrx_word' id='word_1_330' title='bbox 195 4035 305 4131; x_wconf 80' lang='lat' dir='ltr'>lactum</span> <span class='ocrx_word' id='word_1_331' title='bbox 332 4035 454 4108; x_wconf 85' lang='lat' dir='ltr'>luisset,</span> <span class='ocrx_word' id='word_1_332' title='bbox 475 4033 614 4096; x_wconf 90' lang='lat' dir='ltr'>omissum</span> <span class='ocrx_word' id='word_1_333' title='bbox 622 4056 632 4108; x_wconf 82' lang='lat'>3</span> <span class='ocrx_word' id='word_1_334' title='bbox 655 4045 748 4097; x_wconf 88' lang='lat' dir='ltr'>tameo</span> <span class='ocrx_word' id='word_1_335' title='bbox 781 4045 901 4115; x_wconf 87' lang='lat' dir='ltr'>propter</span> <span class='ocrx_word' id='word_1_336' title='bbox 930 4046 982 4096; x_wconf 92' lang='lat' dir='ltr'>tu·</span> 
     </span>
     <span class='ocr_line' id='line_1_40' title="bbox 198 4135 980 4215; baseline -0.003 -19"><span class='ocrx_word' id='word_1_337' title='bbox 198 4138 339 4210; x_wconf 88' lang='lat' dir='ltr'>multum,</span> <span class='ocrx_word' id='word_1_338' title='bbox 353 4145 383 4198; x_wconf 87' lang='lat' dir='ltr'>et</span> <span class='ocrx_word' id='word_1_339' title='bbox 396 4137 538 4215; x_wconf 92' lang='lat' dir='ltr'>populum</span> <span class='ocrx_word' id='word_1_340' title='bbox 553 4135 725 4207; x_wconf 82' lang='lat' dir='ltr'>maximum,</span> <span class='ocrx_word' id='word_1_341' title='bbox 740 4145 980 4215; x_wconf 76' lang='lat' dir='ltr'>propterquam,</span> 
     </span>
    </p>
   </div>
   <div class='ocr_carea' id='block_1_9' title="bbox 198 4234 1067 4316">
    <p class='ocr_par' dir='ltr' id='par_1_9' title="bbox 198 4234 1067 4316">
     <span class='ocr_line' id='line_1_41' title="bbox 198 4234 1067 4316; baseline -0.002 -18"><span class='ocrx_word' id='word_1_342' title='bbox 198 4248 257 4298; x_wconf 89' lang='lat' dir='ltr'>tam</span> <span class='ocrx_word' id='word_1_343' title='bbox 278 4255 382 4316; x_wconf 72' lang='lat' dir='ltr'>magne</span> <span class='ocrx_word' id='word_1_344' title='bbox 402 4235 570 4305; x_wconf 79' lang='lat' dir='ltr'>emissione</span> <span class='ocrx_word' id='word_1_345' title='bbox 595 4234 739 4316; x_wconf 82' lang='lat' dir='ltr'>processio</span> <span class='ocrx_word' id='word_1_346' title='bbox 760 4234 830 4296; x_wconf 91' lang='lat' dir='ltr'>baec</span> <span class='ocrx_word' id='word_1_347' title='bbox 848 4235 980 4296; x_wconf 88' lang='lat' dir='ltr'>ordinate</span> <span class='ocrx_word' id='word_1_348' title='bbox 1065 4280 1067 4282; x_wconf 26' lang='grc' dir='ltr'>ψ</span> 
     </span>
    </p>
   </div>
   <div class='ocr_carea' id='block_1_10' title="bbox 197 4335 984 5124">
    <p class='ocr_par' dir='ltr' id='par_1_10' title="bbox 197 4335 984 5124">
     <span class='ocr_line' id='line_1_42' title="bbox 201 4335 980 4416; baseline -0.001 -20"><span class='ocrx_word' id='word_1_349' title='bbox 201 4336 331 4416; x_wconf 87' lang='lat' dir='ltr'>incoepta</span> <span class='ocrx_word' id='word_1_350' title='bbox 351 4335 428 4408; x_wconf 84' lang='lat' dir='ltr'>luit,</span> <span class='ocrx_word' id='word_1_351' title='bbox 462 4336 663 4398; x_wconf 75' lang='lat' dir='ltr'>convenienter</span> <span class='ocrx_word' id='word_1_352' title='bbox 692 4344 787 4397; x_wconf 88' lang='lat' dir='ltr'>temen</span> <span class='ocrx_word' id='word_1_353' title='bbox 819 4345 980 4415; x_wconf 86' lang='lat' dir='ltr'>prosecute.</span> 
     </span>
     <span class='ocr_line' id='line_1_43' title="bbox 200 4434 983 4517; baseline 0.001 -20"><span class='ocrx_word' id='word_1_354' title='bbox 200 4434 301 4497; x_wconf 88' lang='lat' dir='ltr'>Omnis</span> <span class='ocrx_word' id='word_1_355' title='bbox 323 4436 368 4496; x_wconf 84' lang='lat' dir='ltr'>sla</span> <span class='ocrx_word' id='word_1_356' title='bbox 388 4455 404 4496; x_wconf 91' lang='lat' dir='ltr'>a</span> <span class='ocrx_word' id='word_1_357' title='bbox 426 4438 538 4517; x_wconf 91' lang='lat' dir='ltr'>palatio</span> <span class='ocrx_word' id='word_1_358' title='bbox 555 4437 590 4499; x_wconf 91' lang='lat' dir='ltr'>de</span> <span class='ocrx_word' id='word_1_359' title='bbox 610 4438 750 4499; x_wconf 86' lang='lat' dir='ltr'>dlartellis</span> <span class='ocrx_word' id='word_1_360' title='bbox 764 4454 855 4515; x_wconf 86' lang='lat' dir='ltr'>usque</span> <span class='ocrx_word' id='word_1_361' title='bbox 872 4436 909 4496; x_wconf 90' lang='lat' dir='ltr'>ad</span> <span class='ocrx_word' id='word_1_362' title='bbox 923 4437 983 4498; x_wconf 80' lang='lat' dir='ltr'>lia·</span> 
     </span>
     <span class='ocr_line' id='line_1_44' title="bbox 197 4535 984 4616; baseline 0.003 -20"><span class='ocrx_word' id='word_1_363' title='bbox 197 4537 310 4598; x_wconf 75' lang='lat' dir='ltr'>silicem</span> <span class='ocrx_word' id='word_1_364' title='bbox 331 4536 363 4598; x_wconf 81' lang='lat'>8.</span> <span class='ocrx_word' id='word_1_365' title='bbox 386 4535 466 4598; x_wconf 90' lang='lat' dir='ltr'>Petri</span> <span class='ocrx_word' id='word_1_366' title='bbox 498 4537 570 4599; x_wconf 89' lang='lat' dir='ltr'>bene</span> <span class='ocrx_word' id='word_1_367' title='bbox 590 4539 727 4599; x_wconf 88' lang='lat' dir='ltr'>mundata</span> <span class='ocrx_word' id='word_1_368' title='bbox 748 4538 823 4613; x_wconf 89' lang='lat' dir='ltr'>luit,</span> <span class='ocrx_word' id='word_1_369' title='bbox 853 4556 887 4598; x_wconf 90' lang='lat' dir='ltr'>ae</span> <span class='ocrx_word' id='word_1_370' title='bbox 908 4555 984 4616; x_wconf 89' lang='lat' dir='ltr'>pao·</span> 
     </span>
     <span class='ocr_line' id='line_1_45' title="bbox 199 4637 983 4717; baseline -0.005 -18"><span class='ocrx_word' id='word_1_371' title='bbox 199 4640 246 4699; x_wconf 89' lang='lat' dir='ltr'>ais</span> <span class='ocrx_word' id='word_1_372' title='bbox 266 4648 392 4711; x_wconf 89' lang='lat' dir='ltr'>ornata,</span> <span class='ocrx_word' id='word_1_373' title='bbox 412 4650 442 4700; x_wconf 90' lang='lat' dir='ltr'>st</span> <span class='ocrx_word' id='word_1_374' title='bbox 462 4646 529 4698; x_wconf 90' lang='lat' dir='ltr'>eote</span> <span class='ocrx_word' id='word_1_375' title='bbox 554 4639 714 4717; x_wconf 86' lang='lat' dir='ltr'>praedictas</span> <span class='ocrx_word' id='word_1_376' title='bbox 734 4638 856 4710; x_wconf 86' lang='lat' dir='ltr'>domos,</span> <span class='ocrx_word' id='word_1_377' title='bbox 878 4637 983 4698; x_wconf 79' lang='lat' dir='ltr'>rideli-</span> 
     </span>
     <span class='ocr_line' id='line_1_46' title="bbox 201 4737 981 4820; baseline -0.001 -20"><span class='ocrx_word' id='word_1_378' title='bbox 201 4750 249 4802; x_wconf 90' lang='lat' dir='ltr'>cet</span> <span class='ocrx_word' id='word_1_379' title='bbox 267 4739 425 4807; x_wconf 73' lang='lat' dir='ltr'>Cmdiuelis</span> <span class='ocrx_word' id='word_1_380' title='bbox 437 4737 636 4801; x_wconf 88' lang='lat' dir='ltr'>Parmensiset</span> <span class='ocrx_word' id='word_1_381' title='bbox 653 4740 778 4801; x_wconf 90' lang='lat' dir='ltr'>aliorum</span> <span class='ocrx_word' id='word_1_382' title='bbox 788 4740 888 4820; x_wconf 92' lang='lat' dir='ltr'>pannis</span> <span class='ocrx_word' id='word_1_383' title='bbox 908 4757 981 4802; x_wconf 90' lang='lat' dir='ltr'>coo·</span> 
     </span>
     <span class='ocr_line' id='line_1_47' title="bbox 200 4824 984 4921; baseline -0.008 -18"><span class='ocrx_word' id='word_1_384' title='bbox 200 4854 305 4921; x_wconf 70' lang='lat' dir='ltr'>perta,</span> <span class='ocrx_word' id='word_1_385' title='bbox 325 4854 354 4902; x_wconf 85' lang='lat' dir='ltr'>et</span> <span class='ocrx_word' id='word_1_386' title='bbox 372 4840 410 4901; x_wconf 82' lang='lat' dir='ltr'>ab</span> <span class='ocrx_word' id='word_1_387' title='bbox 443 4838 564 4902; x_wconf 78' lang='lat' dir='ltr'>ecclesie</span> <span class='ocrx_word' id='word_1_388' title='bbox 585 4839 618 4902; x_wconf 84' lang='grc' dir='ltr'>Β.</span> <span class='ocrx_word' id='word_1_389' title='bbox 637 4824 747 4903; x_wconf 75' lang='lat' dir='ltr'>Mariae</span> <span class='ocrx_word' id='word_1_390' title='bbox 766 4840 794 4899; x_wconf 91' lang='lat' dir='ltr'>in</span> <span class='ocrx_word' id='word_1_391' title='bbox 816 4839 984 4918; x_wconf 85' lang='lat' dir='ltr'>Transpon-</span> 
     </span>
     <span class='ocr_line' id='line_1_48' title="bbox 203 4938 984 5022; baseline -0.004 -20"><span class='ocrx_word' id='word_1_392' title='bbox 203 4944 261 5003; x_wconf 89' lang='lat' dir='ltr'>tioa</span> <span class='ocrx_word' id='word_1_393' title='bbox 282 4961 375 5022; x_wconf 89' lang='lat' dir='ltr'>usque</span> <span class='ocrx_word' id='word_1_394' title='bbox 401 4941 440 5000; x_wconf 91' lang='lat' dir='ltr'>ad</span> <span class='ocrx_word' id='word_1_395' title='bbox 459 4940 615 5002; x_wconf 81' lang='lat' dir='ltr'>Basilicam</span> <span class='ocrx_word' id='word_1_396' title='bbox 645 4939 823 5020; x_wconf 86' lang='lat' dir='ltr'>praedictam</span> <span class='ocrx_word' id='word_1_397' title='bbox 844 4938 935 5012; x_wconf 88' lang='lat' dir='ltr'>binc,</span> <span class='ocrx_word' id='word_1_398' title='bbox 955 4949 984 4999; x_wconf 89' lang='lat' dir='ltr'>et</span> 
     </span>
     <span class='ocr_line' id='line_1_49' title="bbox 202 5038 983 5124; baseline -0.004 -21"><span class='ocrx_word' id='word_1_399' title='bbox 202 5043 266 5105; x_wconf 90' lang='lat' dir='ltr'>inde</span> <span class='ocrx_word' id='word_1_400' title='bbox 286 5043 386 5124; x_wconf 85' lang='lat' dir='ltr'>parmis</span> <span class='ocrx_word' id='word_1_401' title='bbox 400 5041 602 5105; x_wconf 74' lang='lat' dir='ltr'>cardinalium</span> <span class='ocrx_word' id='word_1_402' title='bbox 617 5048 720 5102; x_wconf 88' lang='lat' dir='ltr'>ornate</span> <span class='ocrx_word' id='word_1_403' title='bbox 738 5038 844 5118; x_wconf 83' lang='lat' dir='ltr'>quibus</span> <span class='ocrx_word' id='word_1_404' title='bbox 866 5039 913 5099; x_wconf 85' lang='lat' dir='ltr'>rie</span> <span class='ocrx_word' id='word_1_405' title='bbox 924 5039 983 5118; x_wconf 86' lang='lat' dir='ltr'>ipse</span> 
     </span>
    </p>
   </div>
   <div class='ocr_carea' id='block_1_11' title="bbox 201 5271 984 5417">
    <p class='ocr_par' dir='ltr' id='par_1_11' title="bbox 201 5271 984 5417">
     <span class='ocr_line' id='line_1_50' title="bbox 241 5271 984 5404; baseline -0.001 -80"><span class='ocrx_word' id='word_1_406' title='bbox 241 5280 278 5404; x_wconf 55' lang='lat' dir='ltr'>(p)</span> <span class='ocrx_word' id='word_1_407' title='bbox 293 5276 319 5324; x_wconf 89' lang='lat' dir='ltr'>to</span> <span class='ocrx_word' id='word_1_408' title='bbox 336 5275 426 5327; x_wconf 90' lang='lat' dir='ltr'>codice</span> <span class='ocrx_word' id='word_1_409' title='bbox 444 5276 539 5339; x_wconf 73' lang='lat' dir='ltr'>legitur</span> <span class='ocrx_word' id='word_1_410' title='bbox 563 5277 648 5327; x_wconf 83' lang='lat' dir='ltr'>radice</span> <span class='ocrx_word' id='word_1_411' title='bbox 657 5290 665 5338; x_wconf 64' lang='grc' dir='ltr'><strong><em>ς</em></strong></span> <span class='ocrx_word' id='word_1_412' title='bbox 681 5274 770 5325; x_wconf 87' lang='lat' dir='ltr'>nescio</span> <span class='ocrx_word' id='word_1_413' title='bbox 798 5286 830 5323; x_wconf 83' lang='lat' dir='ltr'>aa</span> <span class='ocrx_word' id='word_1_414' title='bbox 847 5271 929 5341; x_wconf 81' lang='lat' dir='ltr'>redire</span> <span class='ocrx_word' id='word_1_415' title='bbox 945 5274 984 5323; x_wconf 87' lang='lat' dir='ltr'>lc·</span> 
     </span>
     <span class='ocr_line' id='line_1_51' title="bbox 201 5367 321 5417; baseline -0.017 -13"><span class='ocrx_word' id='word_1_416' title='bbox 201 5367 251 5417; x_wconf 71' lang='lat' dir='ltr'>gen</span> <span class='ocrx_word' id='word_1_417' title='bbox 272 5367 321 5405; x_wconf 89' lang='lat' dir='ltr'>um.</span> 
     </span>
    </p>
   </div>
   <div class='ocr_carea' id='block_1_12' title="bbox 1043 1513 1834 4217">
    <p class='ocr_par' dir='ltr' id='par_1_12' title="bbox 1043 1513 1833 2816">
     <span class='ocr_line' id='line_1_52' title="bbox 1043 1513 1828 1599; baseline -0.014 -14"><span class='ocrx_word' id='word_1_418' title='bbox 1043 1527 1113 1585; x_wconf 89' lang='lat' dir='ltr'>coit.</span> <span class='ocrx_word' id='word_1_419' title='bbox 1141 1522 1261 1583; x_wconf 87' lang='lat' dir='ltr'>Dimissa</span> <span class='ocrx_word' id='word_1_420' title='bbox 1295 1519 1387 1599; x_wconf 70' lang='lat' dir='ltr'>igitur</span> <span class='ocrx_word' id='word_1_421' title='bbox 1410 1517 1608 1599; x_wconf 85' lang='lat' dir='ltr'>processione,</span> <span class='ocrx_word' id='word_1_422' title='bbox 1639 1513 1696 1574; x_wconf 88' lang='lat' dir='ltr'>sub</span> <span class='ocrx_word' id='word_1_423' title='bbox 1716 1513 1828 1592; x_wconf 87' lang='lat' dir='ltr'>pertleo</span> 
     </span>
     <span class='ocr_line' id='line_1_53' title="bbox 1043 1613 1830 1703; baseline -0.019 -15"><span class='ocrx_word' id='word_1_424' title='bbox 1043 1625 1183 1688; x_wconf 76' lang='lat' dir='ltr'>basilicae</span> <span class='ocrx_word' id='word_1_425' title='bbox 1199 1622 1383 1703; x_wconf 87' lang='lat' dir='ltr'>praedictae,</span> <span class='ocrx_word' id='word_1_426' title='bbox 1406 1618 1527 1698; x_wconf 84' lang='lat' dir='ltr'>praelati</span> <span class='ocrx_word' id='word_1_427' title='bbox 1543 1627 1573 1677; x_wconf 85' lang='lat' dir='ltr'>et</span> <span class='ocrx_word' id='word_1_428' title='bbox 1589 1613 1760 1678; x_wconf 82' lang='lat' dir='ltr'>Cardiuales</span> <span class='ocrx_word' id='word_1_429' title='bbox 1775 1632 1830 1692; x_wconf 87' lang='lat' dir='ltr'>pa·</span> 
     </span>
     <span class='ocr_line' id='line_1_54' title="bbox 1044 1714 1829 1806; baseline -0.015 -19"><span class='ocrx_word' id='word_1_430' title='bbox 1044 1727 1102 1788; x_wconf 85' lang='lat' dir='ltr'>rati</span> <span class='ocrx_word' id='word_1_431' title='bbox 1124 1735 1188 1806; x_wconf 89' lang='lat' dir='ltr'>post</span> <span class='ocrx_word' id='word_1_432' title='bbox 1212 1723 1338 1786; x_wconf 79' lang='lat' dir='ltr'>Crucem</span> <span class='ocrx_word' id='word_1_433' title='bbox 1368 1718 1558 1802; x_wconf 76' lang='lat' dir='ltr'>pontificalem</span> <span class='ocrx_word' id='word_1_434' title='bbox 1594 1719 1695 1778; x_wconf 83' lang='lat' dir='ltr'>locum</span> <span class='ocrx_word' id='word_1_435' title='bbox 1717 1714 1829 1796; x_wconf 88' lang='lat' dir='ltr'>praedi-</span> 
     </span>
     <span class='ocr_line' id='line_1_55' title="bbox 1044 1815 1828 1898; baseline -0.015 -11"><span class='ocrx_word' id='word_1_436' title='bbox 1044 1837 1125 1888; x_wconf 88' lang='lat' dir='ltr'>etum</span> <span class='ocrx_word' id='word_1_437' title='bbox 1146 1822 1358 1895; x_wconf 84' lang='lat' dir='ltr'>escenderunt,</span> <span class='ocrx_word' id='word_1_438' title='bbox 1380 1820 1432 1883; x_wconf 90' lang='lat' dir='ltr'>nbi</span> <span class='ocrx_word' id='word_1_439' title='bbox 1463 1819 1594 1882; x_wconf 77' lang='lat' dir='ltr'>Pontifex</span> <span class='ocrx_word' id='word_1_440' title='bbox 1614 1817 1727 1898; x_wconf 87' lang='lat' dir='ltr'>populo</span> <span class='ocrx_word' id='word_1_441' title='bbox 1756 1815 1828 1877; x_wconf 90' lang='lat' dir='ltr'>soie·</span> 
     </span>
     <span class='ocr_line' id='line_1_56' title="bbox 1045 1917 1828 1990; baseline -0.013 -4"><span class='ocrx_word' id='word_1_442' title='bbox 1045 1927 1148 1986; x_wconf 89' lang='lat' dir='ltr'>mniter</span> <span class='ocrx_word' id='word_1_443' title='bbox 1170 1941 1260 1985; x_wconf 87' lang='lat' dir='ltr'>manu</span> <span class='ocrx_word' id='word_1_444' title='bbox 1274 1940 1328 1983; x_wconf 89' lang='lat' dir='ltr'>sue</span> <span class='ocrx_word' id='word_1_445' title='bbox 1349 1940 1431 1984; x_wconf 90' lang='lat' dir='ltr'>more</span> <span class='ocrx_word' id='word_1_446' title='bbox 1451 1921 1540 1983; x_wconf 91' lang='lat' dir='ltr'>solito</span> <span class='ocrx_word' id='word_1_447' title='bbox 1558 1917 1724 1990; x_wconf 76' lang='lat' dir='ltr'>benedixit,</span> <span class='ocrx_word' id='word_1_448' title='bbox 1747 1917 1828 1977; x_wconf 81' lang='lat' dir='ltr'>Vice-</span> 
     </span>
     <span class='ocr_line' id='line_1_57' title="bbox 1045 2019 1828 2088; baseline -0.014 0"><span class='ocrx_word' id='word_1_449' title='bbox 1045 2026 1219 2088; x_wconf 88' lang='lat' dir='ltr'>eanoeilario</span> <span class='ocrx_word' id='word_1_450' title='bbox 1245 2023 1472 2085; x_wconf 87' lang='lat' dir='ltr'>tabernaculum</span> <span class='ocrx_word' id='word_1_451' title='bbox 1506 2038 1574 2082; x_wconf 83' lang='lat' dir='ltr'>eura</span> <span class='ocrx_word' id='word_1_452' title='bbox 1602 2020 1698 2080; x_wconf 82' lang='lat' dir='ltr'>Ferro</span> <span class='ocrx_word' id='word_1_453' title='bbox 1718 2019 1828 2079; x_wconf 86' lang='lat' dir='ltr'>interim</span> 
     </span>
     <span class='ocr_line' id='line_1_58' title="bbox 1043 2118 1827 2207; baseline -0.011 -20"><span class='ocrx_word' id='word_1_454' title='bbox 1043 2125 1121 2207; x_wconf 89' lang='lat' dir='ltr'>apud</span> <span class='ocrx_word' id='word_1_455' title='bbox 1150 2122 1319 2185; x_wconf 76' lang='lat' dir='ltr'>Pontificem</span> <span class='ocrx_word' id='word_1_456' title='bbox 1340 2132 1475 2194; x_wconf 88' lang='lat' dir='ltr'>tenente,</span> <span class='ocrx_word' id='word_1_457' title='bbox 1502 2132 1534 2184; x_wconf 90' lang='lat' dir='ltr'>et</span> <span class='ocrx_word' id='word_1_458' title='bbox 1552 2120 1699 2202; x_wconf 89' lang='lat' dir='ltr'>plenarias</span> <span class='ocrx_word' id='word_1_459' title='bbox 1732 2118 1827 2179; x_wconf 83' lang='lat' dir='ltr'>indal-</span> 
     </span>
     <span class='ocr_line' id='line_1_59' title="bbox 1044 2220 1825 2314; baseline -0.01 -25"><span class='ocrx_word' id='word_1_460' title='bbox 1044 2228 1154 2314; x_wconf 69' lang='lat' dir='ltr'>gentias</span> <span class='ocrx_word' id='word_1_461' title='bbox 1175 2226 1302 2300; x_wconf 90' lang='lat' dir='ltr'>ibidem,</span> <span class='ocrx_word' id='word_1_462' title='bbox 1323 2236 1354 2287; x_wconf 90' lang='lat' dir='ltr'>et</span> <span class='ocrx_word' id='word_1_463' title='bbox 1375 2225 1404 2284; x_wconf 86' lang='lat' dir='ltr'>ia</span> <span class='ocrx_word' id='word_1_464' title='bbox 1424 2225 1549 2286; x_wconf 84' lang='lat' dir='ltr'>ecclesia</span> <span class='ocrx_word' id='word_1_465' title='bbox 1573 2220 1765 2284; x_wconf 76' lang='lat' dir='ltr'>existentibus</span> <span class='ocrx_word' id='word_1_466' title='bbox 1782 2221 1825 2299; x_wconf 83' lang='lat' dir='ltr'>qul</span> 
     </span>
     <span class='ocr_line' id='line_1_60' title="bbox 1044 2317 1828 2411; baseline -0.014 -20"><span class='ocrx_word' id='word_1_467' title='bbox 1044 2317 1220 2411; x_wconf 81' lang='lat' dir='ltr'>processioni</span> <span class='ocrx_word' id='word_1_468' title='bbox 1244 2326 1456 2399; x_wconf 77' lang='lat' dir='ltr'>interfuerunt,</span> <span class='ocrx_word' id='word_1_469' title='bbox 1474 2323 1634 2396; x_wconf 61' lang='lat' dir='ltr'>enemim</span> <span class='ocrx_word' id='word_1_470' title='bbox 1656 2339 1734 2401; x_wconf 86' lang='lat' dir='ltr'>quas</span> <span class='ocrx_word' id='word_1_471' title='bbox 1765 2319 1828 2382; x_wconf 84' lang='lat' dir='ltr'>ilar.</span> 
     </span>
     <span class='ocr_line' id='line_1_61' title="bbox 1044 2419 1830 2498; baseline -0.014 -6"><span class='ocrx_word' id='word_1_472' title='bbox 1044 2430 1080 2491; x_wconf 85' lang='lat' dir='ltr'>D.</span> <span class='ocrx_word' id='word_1_473' title='bbox 1099 2427 1286 2492; x_wconf 85' lang='lat' dir='ltr'>Camerarius</span> <span class='ocrx_word' id='word_1_474' title='bbox 1305 2424 1416 2498; x_wconf 63' lang='lat' dir='ltr'>letio&#39;e5</span> <span class='ocrx_word' id='word_1_475' title='bbox 1434 2423 1516 2486; x_wconf 86' lang='lat' dir='ltr'>etde</span> <span class='ocrx_word' id='word_1_476' title='bbox 1537 2423 1682 2486; x_wconf 69' lang='lat' dir='ltr'>minam</span> <span class='ocrx_word' id='word_1_477' title='bbox 1691 2419 1830 2483; x_wconf 82' lang='lat' dir='ltr'>Cardine·</span> 
     </span>
     <span class='ocr_line' id='line_1_62' title="bbox 1046 2519 1833 2611; baseline -0.019 -16"><span class='ocrx_word' id='word_1_478' title='bbox 1046 2535 1086 2595; x_wconf 90' lang='lat' dir='ltr'>les</span> <span class='ocrx_word' id='word_1_479' title='bbox 1099 2529 1261 2611; x_wconf 76' lang='lat' dir='ltr'>vulgariter</span> <span class='ocrx_word' id='word_1_480' title='bbox 1273 2526 1475 2610; x_wconf 84' lang='lat' dir='ltr'>publieeruot:</span> <span class='ocrx_word' id='word_1_481' title='bbox 1485 2523 1591 2602; x_wconf 86' lang='lat' dir='ltr'>quibus</span> <span class='ocrx_word' id='word_1_482' title='bbox 1612 2521 1697 2584; x_wconf 89' lang='lat' dir='ltr'>lectis</span> <span class='ocrx_word' id='word_1_483' title='bbox 1706 2519 1833 2582; x_wconf 85' lang='lat' dir='ltr'>Pontiles</span> 
     </span>
     <span class='ocr_line' id='line_1_63' title="bbox 1047 2621 1829 2705; baseline -0.018 -11"><span class='ocrx_word' id='word_1_484' title='bbox 1047 2651 1123 2705; x_wconf 87' lang='lat' dir='ltr'>eum</span> <span class='ocrx_word' id='word_1_485' title='bbox 1137 2630 1325 2694; x_wconf 86' lang='lat' dir='ltr'>tabernaculo</span> <span class='ocrx_word' id='word_1_486' title='bbox 1351 2627 1503 2704; x_wconf 82' lang='lat' dir='ltr'>Perroqoe</span> <span class='ocrx_word' id='word_1_487' title='bbox 1526 2624 1643 2703; x_wconf 74' lang='lat' dir='ltr'>signum</span> <span class='ocrx_word' id='word_1_488' title='bbox 1660 2621 1770 2684; x_wconf 85' lang='lat' dir='ltr'>Crucis</span> <span class='ocrx_word' id='word_1_489' title='bbox 1783 2638 1829 2681; x_wconf 87' lang='lat' dir='ltr'>so·</span> 
     </span>
     <span class='ocr_line' id='line_1_64' title="bbox 1047 2729 1428 2816; baseline -0.013 -21"><span class='ocrx_word' id='word_1_490' title='bbox 1047 2753 1098 2816; x_wconf 88' lang='lat' dir='ltr'>per</span> <span class='ocrx_word' id='word_1_491' title='bbox 1120 2733 1263 2814; x_wconf 89' lang='lat' dir='ltr'>populum</span> <span class='ocrx_word' id='word_1_492' title='bbox 1284 2729 1428 2811; x_wconf 77' lang='lat' dir='ltr'>produxit</span> 
     </span>
    </p>

    <p class='ocr_par' dir='ltr' id='par_1_13' title="bbox 1045 2819 1834 4217">
     <span class='ocr_line' id='line_1_65' title="bbox 1083 2819 1830 2902; baseline -0.019 -6"><span class='ocrx_word' id='word_1_493' title='bbox 1083 2831 1212 2896; x_wconf 69' lang='lat' dir='ltr'>acessit</span> <span class='ocrx_word' id='word_1_494' title='bbox 1222 2830 1322 2893; x_wconf 89' lang='lat' dir='ltr'>deiode</span> <span class='ocrx_word' id='word_1_495' title='bbox 1332 2827 1503 2891; x_wconf 80' lang='lat' dir='ltr'>Pontificem</span> <span class='ocrx_word' id='word_1_496' title='bbox 1521 2822 1718 2902; x_wconf 71' lang='lat' dir='ltr'>Casimboerg</span> <span class='ocrx_word' id='word_1_497' title='bbox 1729 2819 1830 2884; x_wconf 86' lang='lat' dir='ltr'>Orator</span> 
     </span>
     <span class='ocr_line' id='line_1_66' title="bbox 1046 2923 1829 3014; baseline -0.018 -19"><span class='ocrx_word' id='word_1_498' title='bbox 1046 2934 1143 3014; x_wconf 73' lang='lat' dir='ltr'>dlegni</span> <span class='ocrx_word' id='word_1_499' title='bbox 1156 2932 1259 3003; x_wconf 79' lang='lat' dir='ltr'>Porci,</span> <span class='ocrx_word' id='word_1_500' title='bbox 1278 2947 1330 3009; x_wconf 91' lang='lat' dir='ltr'>per</span> <span class='ocrx_word' id='word_1_501' title='bbox 1347 2946 1433 3007; x_wconf 83' lang='lat' dir='ltr'>quesn</span> <span class='ocrx_word' id='word_1_502' title='bbox 1456 2926 1572 2989; x_wconf 79' lang='lat' dir='ltr'>Tuscus</span> <span class='ocrx_word' id='word_1_503' title='bbox 1593 2926 1723 3007; x_wconf 65' lang='lat' dir='ltr'>Parrum</span> <span class='ocrx_word' id='word_1_504' title='bbox 1747 2923 1829 3003; x_wconf 80' lang='lat' dir='ltr'>ipsae</span> 
     </span>
     <span class='ocr_line' id='line_1_67' title="bbox 1046 3023 1829 3115; baseline -0.017 -19"><span class='ocrx_word' id='word_1_505' title='bbox 1046 3033 1225 3115; x_wconf 86' lang='lat' dir='ltr'>praedictum</span> <span class='ocrx_word' id='word_1_506' title='bbox 1240 3029 1368 3101; x_wconf 85' lang='lat' dir='ltr'>miserat,</span> <span class='ocrx_word' id='word_1_507' title='bbox 1387 3039 1418 3092; x_wconf 88' lang='lat' dir='ltr'>et</span> <span class='ocrx_word' id='word_1_508' title='bbox 1432 3027 1585 3088; x_wconf 79' lang='lat' dir='ltr'>Saocdreti</span> <span class='ocrx_word' id='word_1_509' title='bbox 1601 3025 1680 3088; x_wconf 81' lang='lat' dir='ltr'>Suae</span> <span class='ocrx_word' id='word_1_510' title='bbox 1696 3023 1829 3103; x_wconf 64' lang='lat' dir='ltr'>cuman</span> 
     </span>
     <span class='ocr_line' id='line_1_68' title="bbox 1047 3125 1829 3216; baseline -0.015 -20"><span class='ocrx_word' id='word_1_511' title='bbox 1047 3128 1626 3216; x_wconf 75' lang='lat' dir='ltr'>literaspraeseotasit,etperGeorgium</span> <span class='ocrx_word' id='word_1_512' title='bbox 1637 3125 1829 3188; x_wconf 77' lang='lat' dir='ltr'>Boaciardoa</span> 
     </span>
     <span class='ocr_line' id='line_1_69' title="bbox 1047 3227 1829 3317; baseline -0.015 -19"><span class='ocrx_word' id='word_1_513' title='bbox 1047 3238 1231 3317; x_wconf 86' lang='lat' dir='ltr'>interpretem</span> <span class='ocrx_word' id='word_1_514' title='bbox 1260 3250 1347 3293; x_wconf 91' lang='lat' dir='ltr'>suum</span> <span class='ocrx_word' id='word_1_515' title='bbox 1376 3231 1536 3311; x_wconf 83' lang='lat' dir='ltr'>esposuit,</span> <span class='ocrx_word' id='word_1_516' title='bbox 1563 3227 1731 3308; x_wconf 78' lang='lat' dir='ltr'>Principem</span> <span class='ocrx_word' id='word_1_517' title='bbox 1752 3241 1829 3287; x_wconf 83' lang='lat' dir='ltr'>suun</span> 
     </span>
     <span class='ocr_line' id='line_1_70' title="bbox 1045 3329 1831 3410; baseline -0.018 -11"><span class='ocrx_word' id='word_1_518' title='bbox 1045 3337 1172 3399; x_wconf 80' lang='lat' dir='ltr'>Ferrum</span> <span class='ocrx_word' id='word_1_519' title='bbox 1201 3329 1367 3410; x_wconf 86' lang='lat' dir='ltr'>hujusmodl</span> <span class='ocrx_word' id='word_1_520' title='bbox 1385 3330 1439 3397; x_wconf 81' lang='lat' dir='ltr'>sibi</span> <span class='ocrx_word' id='word_1_521' title='bbox 1460 3331 1584 3403; x_wconf 78' lang='lat' dir='ltr'>misisse3</span> <span class='ocrx_word' id='word_1_522' title='bbox 1605 3339 1636 3390; x_wconf 86' lang='lat' dir='ltr'>et</span> <span class='ocrx_word' id='word_1_523' title='bbox 1656 3329 1777 3407; x_wconf 74' lang='lat' dir='ltr'>rogasit</span> <span class='ocrx_word' id='word_1_524' title='bbox 1802 3333 1831 3384; x_wconf 94' lang='lat' dir='ltr'>ut</span> 
     </span>
     <span class='ocr_line' id='line_1_71' title="bbox 1046 3424 1828 3514; baseline -0.012 -17"><span class='ocrx_word' id='word_1_525' title='bbox 1046 3437 1168 3499; x_wconf 79' lang='lat' dir='ltr'>tratrem</span> <span class='ocrx_word' id='word_1_526' title='bbox 1188 3434 1332 3514; x_wconf 87' lang='lat' dir='ltr'>Principis</span> <span class='ocrx_word' id='word_1_527' title='bbox 1358 3426 1568 3513; x_wconf 69' lang='lat' dir='ltr'>viridearelb)</span> <span class='ocrx_word' id='word_1_528' title='bbox 1588 3440 1696 3510; x_wconf 71' lang='lat' dir='ltr'>posset,</span> <span class='ocrx_word' id='word_1_529' title='bbox 1714 3439 1744 3490; x_wconf 85' lang='lat' dir='ltr'>et</span> <span class='ocrx_word' id='word_1_530' title='bbox 1759 3424 1828 3506; x_wconf 76' lang='lat' dir='ltr'>quod</span> 
     </span>
     <span class='ocr_line' id='line_1_72' title="bbox 1047 3529 1829 3616; baseline -0.017 -16"><span class='ocrx_word' id='word_1_531' title='bbox 1047 3537 1192 3600; x_wconf 72' lang='lat' dir='ltr'>Sanctum</span> <span class='ocrx_word' id='word_1_532' title='bbox 1213 3536 1275 3599; x_wconf 84' lang='lat' dir='ltr'>Soa</span> <span class='ocrx_word' id='word_1_533' title='bbox 1296 3537 1389 3616; x_wconf 82' lang='lat' dir='ltr'>ipsum</span> <span class='ocrx_word' id='word_1_534' title='bbox 1409 3535 1466 3594; x_wconf 89' lang='lat' dir='ltr'>cito</span> <span class='ocrx_word' id='word_1_535' title='bbox 1479 3531 1642 3613; x_wconf 77' lang='lat' dir='ltr'>expeditam</span> <span class='ocrx_word' id='word_1_536' title='bbox 1664 3529 1829 3591; x_wconf 83' lang='lat' dir='ltr'>reusitteret.</span> 
     </span>
     <span class='ocr_line' id='line_1_73' title="bbox 1047 3630 1831 3714; baseline -0.006 -15"><span class='ocrx_word' id='word_1_537' title='bbox 1047 3637 1190 3699; x_wconf 80' lang='lat' dir='ltr'>Sanctitas</span> <span class='ocrx_word' id='word_1_538' title='bbox 1222 3635 1283 3698; x_wconf 82' lang='lat' dir='ltr'>Sua</span> <span class='ocrx_word' id='word_1_539' title='bbox 1315 3633 1461 3714; x_wconf 90' lang='lat' dir='ltr'>respondit</span> <span class='ocrx_word' id='word_1_540' title='bbox 1487 3653 1517 3694; x_wconf 87' lang='lat' dir='ltr'>se</span> <span class='ocrx_word' id='word_1_541' title='bbox 1548 3632 1646 3693; x_wconf 69' lang='lat' dir='ltr'>ineas</span> <span class='ocrx_word' id='word_1_542' title='bbox 1675 3630 1831 3694; x_wconf 62' lang='lat' dir='ltr'>suorum·</span> 
     </span>
     <span class='ocr_line' id='line_1_74' title="bbox 1047 3720 1830 3816; baseline -0.017 -17"><span class='ocrx_word' id='word_1_543' title='bbox 1047 3737 1146 3800; x_wconf 86' lang='lat' dir='ltr'>deinde</span> <span class='ocrx_word' id='word_1_544' title='bbox 1168 3720 1221 3797; x_wconf 80' lang='lat' dir='ltr'>sut</span> <span class='ocrx_word' id='word_1_545' title='bbox 1242 3753 1411 3816; x_wconf 84' lang='lat' dir='ltr'>responsum</span> <span class='ocrx_word' id='word_1_546' title='bbox 1426 3733 1580 3804; x_wconf 79' lang='lat' dir='ltr'>daturom3</span> <span class='ocrx_word' id='word_1_547' title='bbox 1600 3731 1704 3792; x_wconf 87' lang='lat' dir='ltr'>literas</span> <span class='ocrx_word' id='word_1_548' title='bbox 1717 3724 1830 3790; x_wconf 76' lang='lat' dir='ltr'>tradidit</span> 
     </span>
     <span class='ocr_line' id='line_1_75' title="bbox 1047 3828 1834 3918; baseline -0.018 -19"><span class='ocrx_word' id='word_1_549' title='bbox 1047 3836 1263 3918; x_wconf 88' lang='lat' dir='ltr'>archiepiscopo</span> <span class='ocrx_word' id='word_1_550' title='bbox 1299 3834 1461 3896; x_wconf 74' lang='lat' dir='ltr'>Arelatemi</span> <span class='ocrx_word' id='word_1_551' title='bbox 1492 3828 1731 3901; x_wconf 65' lang='lat' dir='ltr'>occurrendus,</span> <span class='ocrx_word' id='word_1_552' title='bbox 1765 3842 1834 3904; x_wconf 84' lang='lat' dir='ltr'>qaae</span> 
     </span>
     <span class='ocr_line' id='line_1_76' title="bbox 1049 3928 1832 4019; baseline -0.019 -18"><span class='ocrx_word' id='word_1_553' title='bbox 1049 3950 1118 4001; x_wconf 87' lang='lat' dir='ltr'>tune</span> <span class='ocrx_word' id='word_1_554' title='bbox 1129 3930 1312 4019; x_wconf 57' lang='lat' dir='ltr'>apertae&#39;nen</span> <span class='ocrx_word' id='word_1_555' title='bbox 1326 3936 1462 4010; x_wconf 78' lang='lat' dir='ltr'>luerunt3</span> <span class='ocrx_word' id='word_1_556' title='bbox 1472 3933 1623 3995; x_wconf 88' lang='lat' dir='ltr'>dicebatur</span> <span class='ocrx_word' id='word_1_557' title='bbox 1637 3930 1718 3992; x_wconf 91' lang='lat' dir='ltr'>enim</span> <span class='ocrx_word' id='word_1_558' title='bbox 1729 3928 1832 3989; x_wconf 81' lang='lat' dir='ltr'>dietam</span> 
     </span>
     <span class='ocr_line' id='line_1_77' title="bbox 1049 4024 1832 4118; baseline -0.017 -18"><span class='ocrx_word' id='word_1_559' title='bbox 1049 4037 1206 4102; x_wconf 84' lang='lat' dir='ltr'>Oratorem</span> <span class='ocrx_word' id='word_1_560' title='bbox 1225 4037 1417 4118; x_wconf 70' lang='lat' dir='ltr'>qmdragiuts</span> <span class='ocrx_word' id='word_1_561' title='bbox 1448 4035 1537 4096; x_wconf 87' lang='lat' dir='ltr'>millis</span> <span class='ocrx_word' id='word_1_562' title='bbox 1558 4031 1681 4093; x_wconf 86' lang='lat' dir='ltr'>ducatos</span> <span class='ocrx_word' id='word_1_563' title='bbox 1702 4024 1832 4091; x_wconf 82' lang='lat' dir='ltr'>Pontiiei</span> 
     </span>
     <span class='ocr_line' id='line_1_78' title="bbox 1048 4130 1832 4217; baseline -0.015 -15"><span class='ocrx_word' id='word_1_564' title='bbox 1048 4143 1177 4203; x_wconf 87' lang='lat' dir='ltr'>attulisse</span> <span class='ocrx_word' id='word_1_565' title='bbox 1205 4141 1234 4200; x_wconf 92' lang='lat' dir='ltr'>ia</span> <span class='ocrx_word' id='word_1_566' title='bbox 1259 4141 1350 4201; x_wconf 86' lang='lat' dir='ltr'>literis</span> <span class='ocrx_word' id='word_1_567' title='bbox 1382 4133 1554 4217; x_wconf 75' lang='lat' dir='ltr'>specificatis</span> <span class='ocrx_word' id='word_1_568' title='bbox 1584 4130 1652 4216; x_wconf 75' lang='lat' dir='ltr'>(a),</span> <span class='ocrx_word' id='word_1_569' title='bbox 1683 4139 1832 4211; x_wconf 83' lang='lat' dir='ltr'>propterca</span> 
     </span>
    </p>
   </div>
   <div class='ocr_carea' id='block_1_13' title="bbox 1043 4377 1640 4454">
    <p class='ocr_par' dir='ltr' id='par_1_14' title="bbox 1043 4377 1640 4454">
     <span class='ocr_line' id='line_1_79' title="bbox 1043 4377 1640 4454; baseline -0.027 -7"><span class='ocrx_word' id='word_1_570' title='bbox 1043 4402 1045 4405; x_wconf 83' lang='lat'>&#39;</span> <span class='ocrx_word' id='word_1_571' title='bbox 1090 4393 1125 4453; x_wconf 77' lang='lat' dir='ltr'>(tl</span> <span class='ocrx_word' id='word_1_572' title='bbox 1140 4390 1289 4454; x_wconf 79' lang='lat' dir='ltr'>bagaudam</span> <span class='ocrx_word' id='word_1_573' title='bbox 1306 4388 1394 4451; x_wconf 86' lang='lat' dir='ltr'>potius</span> <span class='ocrx_word' id='word_1_574' title='bbox 1411 4384 1525 4436; x_wconf 73' lang='lat' dir='ltr'>essitare.</span> <span class='ocrx_word' id='word_1_575' title='bbox 1635 4377 1640 4381; x_wconf 75' lang='grc'><strong>’</strong></span> 
     </span>
    </p>
   </div>
   <div class='ocr_carea' id='block_1_14' title="bbox 1049 4459 1835 5324">
    <p class='ocr_par' dir='ltr' id='par_1_15' title="bbox 1049 4459 1835 5324">
     <span class='ocr_line' id='line_1_80' title="bbox 1090 4459 1835 4534; baseline -0.023 -12"><span class='ocrx_word' id='word_1_576' title='bbox 1090 4471 1123 4534; x_wconf 77' lang='lat' dir='ltr'>(tl</span> <span class='ocrx_word' id='word_1_577' title='bbox 1142 4490 1152 4512; x_wconf 81' lang='grc' dir='ltr'>ι</span> <span class='ocrx_word' id='word_1_578' title='bbox 1166 4464 1387 4520; x_wconf 81' lang='lat' dir='ltr'>b&#39;ambassadeor</span> <span class='ocrx_word' id='word_1_579' title='bbox 1397 4465 1432 4515; x_wconf 90' lang='lat' dir='ltr'>du</span> <span class='ocrx_word' id='word_1_580' title='bbox 1444 4461 1671 4525; x_wconf 71' lang='lat' dir='ltr'>dread-seigneur</span> <span class='ocrx_word' id='word_1_581' title='bbox 1686 4463 1697 4516; x_wconf 81' lang='lat' dir='ltr'>l</span> <span class='ocrx_word' id='word_1_582' title='bbox 1704 4459 1744 4510; x_wconf 88' lang='lat' dir='ltr'>sic</span> <span class='ocrx_word' id='word_1_583' title='bbox 1756 4460 1783 4510; x_wconf 89' lang='lat' dir='ltr'>ia</span> <span class='ocrx_word' id='word_1_584' title='bbox 1793 4467 1835 4506; x_wconf 89' lang='lat' dir='ltr'>re·</span> 
     </span>
     <span class='ocr_line' id='line_1_81' title="bbox 1050 4540 1831 4611; baseline -0.017 -10"><span class='ocrx_word' id='word_1_585' title='bbox 1050 4552 1144 4602; x_wconf 89' lang='lat' dir='ltr'>latione</span> <span class='ocrx_word' id='word_1_586' title='bbox 1161 4560 1209 4599; x_wconf 85' lang='lat' dir='ltr'>soa</span> <span class='ocrx_word' id='word_1_587' title='bbox 1225 4547 1258 4598; x_wconf 90' lang='lat' dir='ltr'>de</span> <span class='ocrx_word' id='word_1_588' title='bbox 1273 4547 1424 4611; x_wconf 70' lang='lat' dir='ltr'>brequigny</span> <span class='ocrx_word' id='word_1_589' title='bbox 1441 4545 1506 4595; x_wconf 86' lang='lat' dir='ltr'>alias</span> <span class='ocrx_word' id='word_1_590' title='bbox 1522 4545 1618 4593; x_wconf 87' lang='lat' dir='ltr'>citatos</span> <span class='ocrx_word' id='word_1_591' title='bbox 1643 4543 1670 4591; x_wconf 90' lang='lat' dir='ltr'>et</span> <span class='ocrx_word' id='word_1_592' title='bbox 1693 4540 1831 4595; x_wconf 84' lang='lat' dir='ltr'>laudatos)</span> 
     </span>
     <span class='ocr_line' id='line_1_82' title="bbox 1049 4620 1833 4698; baseline -0.017 -18"><span class='ocrx_word' id='word_1_593' title='bbox 1049 4630 1175 4698; x_wconf 75' lang='lat' dir='ltr'>presente</span> <span class='ocrx_word' id='word_1_594' title='bbox 1196 4627 1245 4677; x_wconf 86' lang='lat' dir='ltr'>des</span> <span class='ocrx_word' id='word_1_595' title='bbox 1262 4626 1356 4691; x_wconf 84' lang='lat' dir='ltr'>lettres</span> <span class='ocrx_word' id='word_1_596' title='bbox 1372 4638 1405 4676; x_wconf 86' lang='lat' dir='ltr'>aa</span> <span class='ocrx_word' id='word_1_597' title='bbox 1419 4622 1507 4687; x_wconf 82' lang='lat' dir='ltr'>Papo,</span> <span class='ocrx_word' id='word_1_598' title='bbox 1532 4634 1581 4684; x_wconf 84' lang='lat' dir='ltr'>per</span> <span class='ocrx_word' id='word_1_599' title='bbox 1597 4621 1740 4684; x_wconf 79' lang='lat' dir='ltr'>lesquelles</span> <span class='ocrx_word' id='word_1_600' title='bbox 1758 4620 1783 4669; x_wconf 90' lang='lat' dir='ltr'>ts</span> <span class='ocrx_word' id='word_1_601' title='bbox 1798 4627 1833 4666; x_wconf 78' lang='lat' dir='ltr'>re</span> 
     </span>
     <span class='ocr_line' id='line_1_83' title="bbox 1049 4695 1835 4772; baseline -0.015 -14"><span class='ocrx_word' id='word_1_602' title='bbox 1049 4708 1128 4772; x_wconf 84' lang='lat' dir='ltr'>liquis</span> <span class='ocrx_word' id='word_1_603' title='bbox 1145 4707 1180 4757; x_wconf 87' lang='lat' dir='ltr'>lai</span> <span class='ocrx_word' id='word_1_604' title='bbox 1202 4707 1266 4757; x_wconf 75' lang='lat' dir='ltr'>etoit</span> <span class='ocrx_word' id='word_1_605' title='bbox 1278 4705 1420 4770; x_wconf 75' lang='lat' dir='ltr'>adressdes</span> <span class='ocrx_word' id='word_1_606' title='bbox 1435 4700 1552 4753; x_wconf 84' lang='lat' dir='ltr'>Bnroard</span> <span class='ocrx_word' id='word_1_607' title='bbox 1568 4700 1606 4750; x_wconf 88' lang='lat' dir='ltr'>dit</span> <span class='ocrx_word' id='word_1_608' title='bbox 1621 4698 1734 4764; x_wconf 81' lang='lat' dir='ltr'>qu&#39;ellea</span> <span class='ocrx_word' id='word_1_609' title='bbox 1750 4710 1784 4749; x_wconf 87' lang='lat' dir='ltr'>ne</span> <span class='ocrx_word' id='word_1_610' title='bbox 1799 4695 1835 4746; x_wconf 86' lang='lat' dir='ltr'>la·</span> 
     </span>
     <span class='ocr_line' id='line_1_84' title="bbox 1051 4776 1833 4851; baseline -0.022 -12"><span class='ocrx_word' id='word_1_611' title='bbox 1051 4790 1111 4838; x_wconf 90' lang='lat' dir='ltr'>rent</span> <span class='ocrx_word' id='word_1_612' title='bbox 1135 4787 1208 4851; x_wconf 90' lang='lat' dir='ltr'>point</span> <span class='ocrx_word' id='word_1_613' title='bbox 1224 4784 1280 4834; x_wconf 86' lang='lat' dir='ltr'>ides</span> <span class='ocrx_word' id='word_1_614' title='bbox 1296 4783 1510 4845; x_wconf 88' lang='lat' dir='ltr'>publiquement‚</span> <span class='ocrx_word' id='word_1_615' title='bbox 1531 4783 1558 4831; x_wconf 90' lang='lat' dir='ltr'>et</span> <span class='ocrx_word' id='word_1_616' title='bbox 1580 4779 1667 4842; x_wconf 87' lang='lat' dir='ltr'>qu&#39;on</span> <span class='ocrx_word' id='word_1_617' title='bbox 1689 4776 1833 4841; x_wconf 76' lang='lat' dir='ltr'>preteadoit</span> 
     </span>
     <span class='ocr_line' id='line_1_85' title="bbox 1050 4857 1833 4930; baseline -0.01 -18"><span class='ocrx_word' id='word_1_618' title='bbox 1050 4878 1102 4930; x_wconf 85' lang='lat' dir='ltr'>qne</span> <span class='ocrx_word' id='word_1_619' title='bbox 1128 4863 1215 4915; x_wconf 80' lang='lat' dir='ltr'>o&#39;dtoit</span> <span class='ocrx_word' id='word_1_620' title='bbox 1239 4874 1320 4926; x_wconf 82' lang='lat' dir='ltr'>pares</span> <span class='ocrx_word' id='word_1_621' title='bbox 1346 4861 1456 4924; x_wconf 84' lang='lat' dir='ltr'>qo&#39;elles</span> <span class='ocrx_word' id='word_1_622' title='bbox 1489 4858 1611 4909; x_wconf 84' lang='lat' dir='ltr'>taisoieat</span> <span class='ocrx_word' id='word_1_623' title='bbox 1641 4859 1761 4907; x_wconf 78' lang='lat' dir='ltr'>mention</span> <span class='ocrx_word' id='word_1_624' title='bbox 1781 4857 1833 4906; x_wconf 80' lang='lat' dir='ltr'>dan</span> 
     </span>
     <span class='ocr_line' id='line_1_86' title="bbox 1050 4935 1831 5008; baseline -0.018 -13"><span class='ocrx_word' id='word_1_625' title='bbox 1050 4945 1158 5008; x_wconf 82' lang='lat' dir='ltr'>present</span> <span class='ocrx_word' id='word_1_626' title='bbox 1174 4943 1208 4994; x_wconf 89' lang='lat' dir='ltr'>de</span> <span class='ocrx_word' id='word_1_627' title='bbox 1223 4944 1353 5005; x_wconf 84' lang='lat' dir='ltr'>querente</span> <span class='ocrx_word' id='word_1_628' title='bbox 1375 4940 1445 4991; x_wconf 87' lang='lat' dir='ltr'>mille</span> <span class='ocrx_word' id='word_1_629' title='bbox 1467 4939 1561 4990; x_wconf 85' lang='lat' dir='ltr'>dacels</span> <span class='ocrx_word' id='word_1_630' title='bbox 1577 4936 1641 4987; x_wconf 89' lang='lat' dir='ltr'>dont</span> <span class='ocrx_word' id='word_1_631' title='bbox 1657 4936 1725 4987; x_wconf 84' lang='lat' dir='ltr'>elles</span> <span class='ocrx_word' id='word_1_632' title='bbox 1741 4935 1831 4986; x_wconf 62' lang='lat' dir='ltr'>&amp;cisat</span> 
     </span>
     <span class='ocr_line' id='line_1_87' title="bbox 1051 5016 1830 5088; baseline -0.019 -13"><span class='ocrx_word' id='word_1_633' title='bbox 1051 5023 1264 5088; x_wconf 69' lang='lat' dir='ltr'>seeompsgaess.</span> <span class='ocrx_word' id='word_1_634' title='bbox 1288 5021 1380 5073; x_wconf 81' lang='lat' dir='ltr'>C&#39;etoit</span> <span class='ocrx_word' id='word_1_635' title='bbox 1402 5019 1464 5069; x_wconf 88' lang='lat' dir='ltr'>bien</span> <span class='ocrx_word' id='word_1_636' title='bbox 1487 5031 1521 5068; x_wconf 90' lang='lat' dir='ltr'>un</span> <span class='ocrx_word' id='word_1_637' title='bbox 1546 5016 1623 5067; x_wconf 81' lang='lat' dir='ltr'>motii</span> <span class='ocrx_word' id='word_1_638' title='bbox 1643 5028 1713 5078; x_wconf 90' lang='lat' dir='ltr'>pour</span> <span class='ocrx_word' id='word_1_639' title='bbox 1741 5027 1774 5066; x_wconf 90' lang='lat' dir='ltr'>ne</span> <span class='ocrx_word' id='word_1_640' title='bbox 1790 5023 1830 5076; x_wconf 86' lang='lat' dir='ltr'>pu</span> 
     </span>
     <span class='ocr_line' id='line_1_88' title="bbox 1050 5094 1829 5159; baseline -0.017 -6"><span class='ocrx_word' id='word_1_641' title='bbox 1050 5103 1197 5154; x_wconf 86' lang='lat' dir='ltr'>incidenter</span> <span class='ocrx_word' id='word_1_642' title='bbox 1214 5115 1261 5153; x_wconf 92' lang='lat' dir='ltr'>sur</span> <span class='ocrx_word' id='word_1_643' title='bbox 1277 5102 1302 5150; x_wconf 92' lang='lat' dir='ltr'>la</span> <span class='ocrx_word' id='word_1_644' title='bbox 1318 5098 1481 5151; x_wconf 75' lang='lat' dir='ltr'>strideation</span> <span class='ocrx_word' id='word_1_645' title='bbox 1505 5096 1538 5146; x_wconf 88' lang='lat' dir='ltr'>de</span> <span class='ocrx_word' id='word_1_646' title='bbox 1561 5097 1587 5146; x_wconf 86' lang='lat' dir='ltr'>la</span> <span class='ocrx_word' id='word_1_647' title='bbox 1611 5094 1730 5159; x_wconf 84' lang='lat' dir='ltr'>reliqae;</span> <span class='ocrx_word' id='word_1_648' title='bbox 1756 5095 1829 5147; x_wconf 85' lang='lat' dir='ltr'>mais,</span> 
     </span>
     <span class='ocr_line' id='line_1_89' title="bbox 1050 5170 1828 5244; baseline -0.021 -11"><span class='ocrx_word' id='word_1_649' title='bbox 1050 5186 1077 5233; x_wconf 91' lang='lat' dir='ltr'>et</span> <span class='ocrx_word' id='word_1_650' title='bbox 1104 5183 1128 5233; x_wconf 93' lang='lat' dir='ltr'>la</span> <span class='ocrx_word' id='word_1_651' title='bbox 1157 5170 1256 5244; x_wconf 79' lang='lat' dir='ltr'>relique</span> <span class='ocrx_word' id='word_1_652' title='bbox 1280 5182 1307 5229; x_wconf 89' lang='lat' dir='ltr'>al</span> <span class='ocrx_word' id='word_1_653' title='bbox 1328 5179 1439 5241; x_wconf 69' lang='lat' dir='ltr'>l&#39;ergent</span> <span class='ocrx_word' id='word_1_654' title='bbox 1463 5176 1567 5226; x_wconf 84' lang='lat' dir='ltr'>avolent</span> <span class='ocrx_word' id='word_1_655' title='bbox 1589 5175 1739 5238; x_wconf 71' lang='lat' dir='ltr'>egolement</span> <span class='ocrx_word' id='word_1_656' title='bbox 1771 5181 1828 5235; x_wconf 87' lang='lat' dir='ltr'>poor</span> 
     </span>
     <span class='ocr_line' id='line_1_90' title="bbox 1051 5250 1827 5324; baseline -0.023 -9"><span class='ocrx_word' id='word_1_657' title='bbox 1051 5263 1115 5324; x_wconf 88' lang='lat' dir='ltr'>bat,</span> <span class='ocrx_word' id='word_1_658' title='bbox 1133 5262 1167 5313; x_wconf 90' lang='lat' dir='ltr'>de</span> <span class='ocrx_word' id='word_1_659' title='bbox 1182 5275 1212 5313; x_wconf 89' lang='lat' dir='ltr'>aa</span> <span class='ocrx_word' id='word_1_660' title='bbox 1228 5260 1329 5311; x_wconf 34' lang='lat' dir='ltr'>rendre*</span> <span class='ocrx_word' id='word_1_661' title='bbox 1342 5257 1445 5319; x_wconf 75' lang='lat' dir='ltr'>recepe</span> <span class='ocrx_word' id='word_1_662' title='bbox 1462 5254 1607 5314; x_wconf 83' lang='lat' dir='ltr'>lavorabis,</span> <span class='ocrx_word' id='word_1_663' title='bbox 1623 5250 1827 5306; x_wconf 81' lang='lat' dir='ltr'>relatleemeati</span> 
     </span>
    </p>
   </div>
   <div class='ocr_carea' id='block_1_15' title="bbox 1051 5335 1824 5404">
    <p class='ocr_par' dir='ltr' id='par_1_16' title="bbox 1051 5335 1824 5404">
     <span class='ocr_line' id='line_1_91' title="bbox 1051 5335 1824 5404; baseline -0.023 -7"><span class='ocrx_word' id='word_1_664' title='bbox 1051 5343 1219 5404; x_wconf 79' lang='lat' dir='ltr'>zizim,irere</span> <span class='ocrx_word' id='word_1_665' title='bbox 1234 5338 1394 5402; x_wconf 71' lang='lat' dir='ltr'>debriaret,</span> <span class='ocrx_word' id='word_1_666' title='bbox 1405 5337 1468 5400; x_wconf 80' lang='lat' dir='ltr'>qo’it</span> <span class='ocrx_word' id='word_1_667' title='bbox 1485 5335 1556 5387; x_wconf 86' lang='lat' dir='ltr'>sroit</span> <span class='ocrx_word' id='word_1_668' title='bbox 1568 5347 1601 5388; x_wconf 88' lang='lat' dir='ltr'>ea</span> <span class='ocrx_word' id='word_1_669' title='bbox 1618 5347 1648 5385; x_wconf 89' lang='lat' dir='ltr'>sa</span> <span class='ocrx_word' id='word_1_670' title='bbox 1664 5335 1824 5398; x_wconf 80' lang='lat' dir='ltr'>patescere·-</span> 
     </span>
    </p>
   </div>
   <div class='ocr_carea' id='block_1_16' title="bbox 0 0 1893 6036">
    <p class='ocr_par' dir='ltr' id='par_1_17' title="bbox 0 0 1893 6036">
     <span class='ocr_line' id='line_1_92' title="bbox 0 0 1893 6036; baseline 0 0"><span class='ocrx_word' id='word_1_671' title='bbox 0 0 1893 6036; x_wconf 95' lang='lat' dir='ltr'> </span> 
     </span>
    </p>
   </div>
  </div>
 </body>
</html>
