3764 6036
71 273 84 355 ι
181 315 184 323 .
368 316 370 320 ,
439 272 720 337 ronrutetros
740 270 963 334 tunneunru
983 226 1134 336 namu.
1572 281 1613 340 an

71 408 166 469 itibus.
190 408 273 470 Tunc
296 410 445 470 intrarunt
464 430 515 490 per
533 410 761 479 consistorium,

71 508 185 569 undam
207 511 304 570 aulam
319 510 633 583 divertentes,circiter
648 519 764 570 centum

79 652 87 680 ,
107 608 219 687 singuli
237 609 367 688 singulos
382 612 503 671 annulos
524 629 640 690 grossos
656 611 765 671 ferreos

71 709 141 767 llum
159 708 304 781 habentes,
321 709 405 791 longa
420 710 582 770 carnanter
596 710 663 770 lune
678 710 765 790 simul

74 853 82 879 ,
104 810 170 888 pari
190 809 291 869 babitu
312 828 410 870 omnes
432 811 535 882 induti,
556 828 629 887 quos
649 819 766 870 secutus

71 910 162 969 tidem
180 908 290 969 Orator
311 910 398 989 Regis
419 911 571 992 Hispaniae
586 922 614 973 et
629 910 765 989 Reginae,

71 1028 149 1070 mam
172 1008 226 1070 SS.
249 1010 284 1069 Ι).
308 1009 342 1070 Ν.
364 1011 704 1090 genullexus‚osculatus
723 1024 767 1072 est

71 1109 154 1171 οιίιιιι
174 1120 287 1169 tautum
309 1122 338 1171 et
357 1114 546 1191 praesentavit
568 1112 666 1172 literas
678 1131 765 1191 prae-

72 1229 104 1268 m
119 1210 205 1289 Regis
220 1220 248 1271 et
268 1210 405 1290 Reginae,
428 1213 544 1290 vulgari
557 1213 675 1292 hispano
688 1213 766 1272 scri·

71 1328 143 1386 quas
162 1309 197 1368 li.
219 1310 251 1370 P.
272 1310 307 1370 D.
330 1313 522 1372 Antoniottus
543 1314 690 1393 episcopus
700 1313 766 1370 Au-

71 1432 87 1481 r,
105 1410 255 1483 liatarius,
269 1412 382 1489 publice
400 1415 482 1492 legit,
500 1415 674 1474 continentes
689 1414 765 1490 quod

74 1512 96 1570 ti
113 1511 218 1571 lieret
239 1513 349 1592 Regina
371 1514 520 1575 mittebant
537 1515 635 1575 Sonat.
651 1515 682 1574 S.
695 1533 765 1576 cen·

836 389 978 470 dationem
1001 409 1150 481 llumiuis,
1181 422 1215 470 ut
1241 413 1360 490 quisque
1389 411 1506 474 doniam
1533 431 1615 473 suam

835 510 959 581 rediret;
979 510 1055 588 Papa
1068 530 1139 572 vero
1156 511 1300 588 equitavit
1318 512 1355 571 ad
1368 513 1503 574 Castrum
1515 513 1614 573 Sancti

834 610 936 688 Angeli
960 618 988 668 et
1010 609 1048 668 ibi
1070 629 1104 670 eo
1131 611 1175 671 dic
1196 611 1341 670 remansit.
1363 610 1436 671 Nam
1456 610 1512 674 boc
1532 629 1615 673 mane

834 725 901 767 cum
911 708 947 767 ud
963 709 1106 767 Palatium
1114 711 1318 786 equitarentus,
1324 712 1492 771 associaturi
1506 711 1613 792 Papam

833 807 869 865 ad
881 808 1019 868 Sanctum
1032 806 1281 886 Gregorium,non
1299 821 1362 870 erat
1379 827 1454 887 aqua
1470 810 1499 868 in
1515 812 1614 888 aliquo

835 906 898 967 loco
914 927 963 986 per
984 907 1072 979 riam,
1088 918 1116 966 et
1133 923 1200 966 cam
1215 907 1249 967 de
1268 907 1378 968 Palatio
1393 927 1460 968 cnm
1476 908 1614 971 Pontifice

833 1007 1038 1083 equitaremua,
1056 1024 1130 1083 aqua
1146 1018 1207 1066 erat
1226 1027 1314 1088 supra
1327 1009 1401 1067 rum
1421 1010 1499 1068 circa
1516 1009 1616 1089 hospi-

833 1107 890 1165 tale
911 1104 1010 1164 Sancti
1030 1103 1178 1165 Michaelis
1198 1107 1227 1165 in
1245 1100 1357 1186 burgo,
1378 1110 1459 1186 quasi
1480 1108 1517 1167 ad
1538 1127 1615 1187 genu

833 1204 910 1282 equi.
922 1204 995 1265 Ctuu
1010 1224 1079 1265 vero
1095 1205 1267 1266 redissemus
1282 1206 1316 1267 de
1331 1205 1441 1267 Sancto
1458 1205 1616 1286 Gregorio,

833 1322 907 1381 aqna
936 1304 1061 1363 llttminis
1092 1313 1156 1364 erat
1186 1305 1265 1364 circa
1301 1306 1450 1366 ecclesiam
1482 1308 1513 1365 S.
1539 1307 1614 1367 Celsi

833 1404 891 1463 alta
913 1405 995 1481 quasi
1017 1422 1108 1480 usqne
1126 1403 1161 1462 ad
1183 1423 1290 1484 corpas
1303 1405 1382 1482 eqni,
1400 1415 1429 1465 et
1448 1405 1530 1466 hodie
1546 1424 1615 1466 cre-

834 1504 876 1562 vit
898 1523 949 1582 per
977 1515 1065 1564 tntum
1095 1503 1170 1564 diem
1192 1505 1255 1579 ita,
1276 1506 1354 1582 quod
1375 1516 1458 1585 prata
1486 1507 1614 1585 tradique

72 1613 213 1686 Mauros,
233 1615 307 1675 inter
328 1615 399 1675 alios
429 1626 533 1677 aestate
565 1617 706 1694 praesenti
723 1618 765 1676 ‘in
798 1588 803 1705 Ι
834 1604 1030 1685 ⁰⁰⁰Pffl‘u0lib
1042 1616 1133 1683 ‘³11³er
1148 1615 1238 1664 ῑθῑῦῐῐ]
1255 1604 1466 1682 Uibemsluilfl
1480 1606 1615 1668 offitium

71 1717 109 1787 in,
130 1734 217 1794 quam
239 1726 340 1777 eontra
361 1715 471 1794 Regem
489 1715 632 1777 Granum
652 1717 766 1777 habuc.
798 1708 802 1786 l
834 1707 1013 1785 praedictum
1035 1726 1102 1768 cum
1123 1727 1228 1788 magno
1254 1711 1362 1789 inipetu
1383 1710 1489 1773 lluctus
1517 1721 1615 1770 trans·

71 1816 720 1896 :aptos,quosSanctitatisSuaedonodabunt
736 1828 765 1878 et
798 1794 802 1886 i
835 1808 975 1867 testitudo
1007 1810 1099 1868 crevit
1127 1807 1198 1870 tideo
1218 1811 1297 1887 quod
1314 1811 1350 1869 ad
1373 1829 1461 1871 unum
1485 1819 1614 1891 palatium

71 1919 171 1990 ralios,
193 1928 332 1997 quatenns
348 1918 504 1985 Sanctitati
520 1919 597 1979 Suae
619 1903 764 1999 placeret,

71 2039 97 2080 ss
131 2021 294 2081 eliciebant.
330 2017 428 2078 Lectis
459 2021 563 2093 literis,
588 2018 697 2080 Orator
719 2021 765 2082 ille

71 2165 73 2177 .
95 2119 183 2180 rerba
205 2118 369 2198 genuflexus
399 2137 498 2180 coram
520 2120 656 2181 Pontilice
677 2140 765 2199 etpo-

71 2213 198 2280 Pontilex
217 2221 375 2301 respoudit.
398 2221 546 2281 Venerunt
561 2220 660 2282 deinde
677 2220 766 2280 lumi·

71 2319 229 2382 Oratorem
261 2322 494 2403 praedictorum,
515 2321 714 2382 Romanorum
736 2333 765 2382 et

71 2423 127 2482 niae
147 2421 273 2501 Regum,
290 2423 324 2481 ad
343 2424 476 2483 osculum
499 2422 576 2502 pedis
595 2422 699 2501 Papae,
715 2425 764 2500 qui

71 2544 77 2582 ι
108 2524 236 2583 surrexit
263 2534 292 2585 et
322 2524 406 2584 rediit
435 2525 471 2583 ad
496 2542 638 2584 cameram
657 2568 665 2594 ‚
685 2522 765 2584 dicto

71 2623 130 2683 ndo
162 2623 196 2684 de
229 2623 368 2704 Solabym
395 2623 521 2686 Oratore
542 2624 663 2683 caudam
696 2625 765 2703 plu·

81 2721 172 2800 Papae
193 2741 276 2783 more
302 2725 386 2784 solito
408 2724 562 2786 deserente.
590 2726 651 2785 lloc
682 2743 765 2784 mane

90 2820 125 2880 Ι).
149 2822 291 2882 lohannes
313 2824 465 2905 episcopus
478 2826 678 2895 Tornucensis,
700 2825 765 2885 nta-

90 2922 202 2983 Oomus
218 2923 321 2983 Palatii
343 2927 513 3004 Apostoliei,
529 2927 563 2988 de
584 2929 717 2986 mandato
732 2925 763 2987 S.

76 3070 82 3081 .
119 3023 229 3102 Papae,
250 3042 318 3085 cum
339 3026 487 3103 aliquibus
517 3026 705 3086 cubiculariis
736 3038 765 3085 et

72 3126 126 3185 eris
148 3124 252 3203 Papae,
273 3125 426 3185 associavit
446 3127 611 3205 praedictos
626 3123 765 3185 Oratores

72 3245 117 3286 mo
136 3244 241 3286 eorum
265 3225 432 3285 residentiae
454 3244 545 3303 usqne
567 3226 601 3285 ad
622 3226 764 3284 Palatium

73 3346 176 3387 ueram
189 3328 382 3406 Apostolicam
403 3326 452 3385 ubi
474 3338 675 3405 expectarunt3
691 3325 764 3385 idem

73 3428 204 3489 iecerunt
215 3427 414 3509 superioribus
434 3429 514 3485 annis
522 3425 662 3488 Oratores
678 3425 765 3504 Regis

73 3529 115 3586 iae
131 3545 186 3605 pro
204 3526 362 3587 obedientia
383 3526 554 3605 praestanda
569 3525 659 3596 missi,
679 3544 766 3604 prae·

74 3628 192 3704 utquam
216 3626 452 3687 consuetudinem
465 3648 474 3699 ;
499 3627 588 3687 credo
615 3636 708 3685 tamen
737 3626 765 3684 id

93 3746 156 3787 esse
173 3726 208 3784 nd
230 3726 352 3805 praelati
374 3726 499 3807 episcopi
516 3725 705 3786 Tornacensis
720 3728 766 3785 in·

74 3847 126 3899 nn,
148 3829 201 3905 qui
235 3827 278 3886 his
299 3826 400 3887 mediis
422 3827 535 3906 placere
569 3826 679 3886 studuit
702 3824 765 3885 Ro-

75 3947 131 3987 nm
153 3939 181 3987 et
201 3927 383 3986 Fratrcornm
406 3924 555 4003 Regibus,
574 3925 602 3983 in
633 3943 760 4002 quorum

77 4028 113 4087 iis
134 4026 262 4087 Ecclesia
284 4036 313 4086 et
334 4026 477 4086 Diocaesis
496 4023 685 4085 Tornacensis
695 4023 765 4085 sitae

102 4123 188 4202 cujus
214 4125 358 4186 Ecclesiae
389 4106 592 4204 possessionem
623 4124 695 4185 idem
729 4124 764 4183 Ι).

76 4228 173 4288 ,censis
190 4226 316 4286 nondum
340 4224 446 4286 habere
460 4226 563 4304 potuit.

75 4329 101 4387 ia
128 4337 254 4405 quarta,
281 4343 343 4387 xtt.
373 4325 491 4397 martii,
509 4327 614 4386 lostam
635 4326 665 4384 S.
688 4325 767 4386 Gre-

76 4427 178 4506 Papne,
196 4426 226 4486 S.
250 4427 284 4485 Ι).
306 4426 391 4486 ltin
415 4444 497 4486 mane
513 4426 630 4485 indatus
645 4425 765 4498 amictu,

77 4527 206 4606 cingulo,
227 4527 299 4585 stola
320 4524 435 4584 violatia
456 4535 485 4584 el
506 4525 629 4605 desuper
656 4544 765 4604 capac-

77 4626 144 4698 rlbo,
165 4625 399 4703 praecedentibus
419 4625 513 4703 ipsum
534 4625 716 4695 officialibus,
737 4635 765 4685 et

96 4736 125 4786 et
148 4725 333 4802 sequentibus
356 4728 447 4804 ipsum
469 4726 681 4798 cardinalibus,
703 4730 765 4804 epi-

90 4827 304 4897 assistentibus,
322 4825 431 4899 deinde,
447 4828 510 4885 aliis
524 4828 668 4906 praelatis,
685 4845 765 4887 more

79 4929 220 5006 equitavit
235 4927 272 4985 ud
291 4929 497 4993 monasterium
513 4927 611 4987 Sancti
631 4926 764 5006 Gregorii

82 5029 280 5109 Septisolium,
296 5027 344 5086 nbi
364 5027 476 5087 audiuit
490 5028 604 5087 liliosam
619 5036 674 5088 etc.
691 5027 764 5085 Oeta

81 5132 172 5189 ctione
195 5129 270 5209 Papa
294 5127 376 5187 rediit
398 5129 433 5186 ad
452 5128 592 5187 Palatium
615 5146 649 5186 eo
665 5126 764 5187 ordine

80 5241 177 5311 encrat
204 5241 232 5289 et
261 5238 420 5289 comesset
445 5225 530 5303 juxta
557 5225 705 5288 ecclesiam
732 5225 764 5284 S.

79 5330 147 5391 dedit
164 5330 304 5391 licentiam
320 5329 520 5391 Cardinnlibus
533 5337 655 5406 propter
678 5328 764 5387 inan·

834 1923 901 1964 cum
920 1907 1038 1968 dimidio
1056 1909 1099 1968 rel
1124 1910 1203 1969 virca
1225 1911 1301 1971 evenit
1321 1911 1466 1988 usquead
1486 1913 1614 1992 signum,

833 2005 870 2063 ad
891 2007 969 2084 quod
987 2008 1069 2079 alius,
1089 2025 1164 2068 anno
1178 2008 1301 2069 dubilaei
1316 2011 1436 2089 proximi
1451 2011 1569 2083 effluxit,
1587 2022 1617 2073 et

833 2117 974 2178 venerat,
1007 2107 1105 2185 quod,
1133 2108 1262 2168 domibus
1293 2110 1365 2169 llev.
1393 2111 1427 2169 Ι).
1454 2110 1614 2176 Cardinalis

834 2205 1004 2278 Parmensis,
1019 2218 1087 2267 tanc
1103 2192 1255 2287 Papiensis,
1271 2209 1344 2268 intra
1358 2228 1475 2270 murum
1491 2211 1614 2289 positum

832 2319 874 2365 est
887 2317 916 2365 et
928 2306 955 2365 in
968 2307 1056 2386 spatia
1069 2307 1193 2368 divisam
1200 2331 1211 2381 3
1230 2319 1312 2370 nocte
1335 2329 1404 2370 vero
1419 2312 1545 2387 sequenti
1560 2310 1613 2371 de·

833 2409 937 2479 crevit,
957 2407 996 2467 ita
1019 2408 1095 2484 quod
1116 2406 1160 2469 die
1181 2425 1250 2469 xut.
1269 2408 1353 2486 bnjas
1374 2427 1471 2470 omnes
1487 2412 1549 2469 viae
1576 2413 1615 2471 li-

833 2505 919 2567 berae
940 2506 1068 2578 inerunt,
1088 2519 1119 2566 ut
1136 2509 1225 2586 prius.

875 2607 936 2666 Hoc
957 2624 1043 2681 anno,
1062 2626 1128 2666 curn
1149 2627 1201 2686 per
1222 2610 1410 2670 Astronomos
1439 2609 1514 2669 lacta
1544 2622 1616 2670 essct

835 2708 997 2779 calculatio,
1018 2719 1047 2767 et
1068 2720 1215 2787 repertum
1231 2710 1308 2769 mule
1322 2710 1425 2770 testum
1444 2708 1570 2771 Paschae
1585 2711 1614 2770 (i.

835 2805 921 2883 liujus
935 2807 946 2890 (
960 2808 1095 2890 aprilis)
1106 2809 1264 2881 celebrari,
1286 2809 1333 2868 alii
1346 2809 1467 2870 dicentes
1478 2829 1530 2889 per
1547 2814 1614 2870 istos

833 2919 975 2981 erratum,
985 2909 1149 2981 noluerunt,
1157 2906 1240 2983 juxta
1252 2909 1376 2969 debitam
1388 2929 1509 2969 cursum·
1520 2904 1615 2987 lanae,

833 3008 936 3069 festum
954 3006 1116 3084 hujusmodi
1133 3008 1183 3067 30.
1198 3009 1294 3069 martii
1312 3010 1451 3070 celebrari
1470 3021 1615 3088 oporterer

833 3119 957 3169 attamen
969 3109 1088 3187 proponi
1104 3108 1235 3168 lecerunt
1247 3108 1363 3186 qnidam
1376 3109 1431 3170 SS.
1442 3108 1478 3167 Ι).
1491 3108 1525 3167 lt.
1537 3110 1616 3186 quod

834 3222 952 3289 propter
972 3227 1104 3270 errorem
1119 3209 1235 3282 calculi,
1255 3210 1358 3269 sestam
1374 3207 1551 3287 praedictum
1563 3208 1614 3268 30.

834 3311 930 3369 martii
953 3309 1093 3371 celebrari
1115 3309 1272 3369 mandaret.
1294 3308 1350 3368 Sed
1372 3308 1492 3387 quiade
1512 3326 1614 3370 errore

834 3405 1010 3484 hujusmodi,
1031 3411 1055 3468 si
1076 3428 1161 3470 error
1181 3408 1247 3481 tun,
1269 3408 1323 3493 SS.
1345 3409 1379 3468 Ι).
1402 3408 1435 3467 b'.
1461 3407 1540 3467 tarde
1560 3409 1614 3470 luit

833 3511 981 3581 avisatus,
1010 3508 1141 3570 videlicet
1160 3510 1238 3569 circa
1271 3508 1395 3569 medium
1428 3509 1615 3587 quadragesi·

834 3614 918 3680 mae,
943 3612 1035 3668 visum
1057 3620 1101 3669 est
1122 3613 1215 3689 potius
1234 3609 1390 3683 tollerare,
1411 3610 1488 3688 quod
1505 3609 1615 3669 Pascite

834 3711 863 3768 6.
887 3710 1097 3780 celebraretur,
1119 3729 1208 3788 quum
1230 3729 1325 3781 error,
1337 3711 1434 3789 paucis
1449 3721 1548 3779 notus,
1566 3730 1614 3768 es-

833 3821 875 3870 set
892 3810 1007 3871 demum
1027 3809 1170 3880 omnibus,
1192 3828 1278 3888 quant
1298 3811 1369 3870 illud
1389 3811 1564 3888 anticipare,
1587 3821 1615 3870 et
1707 3827 1709 3833 ·

834 3909 1082 3988 quadragesimam
1100 3920 1253 3989 propterea
1273 3909 1454 3980 abbreviem
1467 3910 1513 3986 qui
1528 3928 1613 3970 error

833 4021 927 4071 tamen
947 4011 1078 4070 omnibns
1099 4011 1155 4069 suit
1175 4010 1347 4069 manifestus.

874 4110 958 4172 Faria
980 4113 1061 4171 tertia
1085 4110 1222 4184 Paschae,
1243 4112 1272 4170 8.
1296 4111 1397 4170 mensis
1417 4110 1538 4188 aprilis,
1558 4110 1613 4171 SS.

834 4214 869 4272 Ι).
891 4212 925 4272 lt.
945 4231 1026 4272 more
1041 4223 1175 4272 consueto
1196 4222 1313 4289 paratus
1337 4210 1412 4269 venit
1426 4209 1462 4269 ad
1476 4212 1615 4290 capellam

835 4310 973 4389 majorem
990 4356 999 4383 ,
1019 4312 1067 4371 ubi
1101 4311 1136 4370 li.
1168 4311 1202 4369 O.
1235 4309 1392 4371 Cardinalis
1421 4309 1616 4373 Ulixbonensis

834 4414 990 4476 celebravit
1014 4415 1139 4473 officium
1162 4430 1241 4471 more
1262 4423 1412 4483 consueto,
1427 4423 1456 4472 et
1481 4414 1614 4473 nonfuit

834 4534 928 4577 sermo
938 4536 950 4587 3
971 4525 1000 4573 et
1022 4515 1089 4590 quia
1111 4512 1146 4571 ll.
1170 4512 1206 4570 Ι).
1224 4513 1382 4573 Cardinaiis
1404 4514 1435 4573 S.
1463 4512 1541 4574 Petri
1576 4513 1613 4573 ad

834 4617 955 4676 Vincula
981 4615 1095 4692 scripsit
1116 4613 1197 4674 bodie
1218 4633 1252 4674 es
1277 4611 1406 4674 Ostiense
1437 4615 1551 4673 civitate
1583 4632 1614 4674 se

834 4718 954 4777 Romam
976 4715 1154 4787 rediturum,
1176 4716 1273 4794 plnres
1291 4734 1325 4775 ex
1344 4714 1406 4774 llll.
1426 4712 1487 4773 titt.
1507 4712 1614 4773 Cardi-

834 4819 954 4890 nnlibus‚
969 4828 1085 4896 peracto
1104 4817 1238 4895 prandio,
1254 4817 1422 4894 equitarunt
1447 4816 1470 4874 ei
1486 4814 1610 4874 obviam.

833 4918 905 4978 Nam
932 4916 996 4976 lili.
1014 4916 1077 4975 DD.
1100 4915 1373 4987 vicecancellarius,
1397 4913 1612 4994 Neapolitanus,

834 5021 865 5080 S.
886 5018 1003 5091 uarat,
1029 5018 1060 5077 S.
1084 5019 1208 5095 Angeli,
1229 5028 1256 5076 et
1281 5014 1315 5075 dc
1341 5017 1423 5076 Puto
1449 5014 1615 5076 cardinales

832 5130 1018 5199 expectarunt
1040 5120 1132 5197 ipsum
1156 5118 1182 5176 in
1204 5115 1377 5176 ilonasterio
1388 5116 1420 5175 S.
1436 5115 1518 5174 Pauli
1533 5126 1614 5176 extra

833 5222 942 5284 Urbem
962 5221 998 5281 ab
1020 5221 1091 5280 bora
1114 5236 1169 5280 xx.
1192 5219 1235 5279 vel
1259 5221 1345 5278 circa.
1368 5217 1431 5276 tta.
1453 5218 1515 5282 OD.
1536 5216 1612 5279 Car·

834 5323 940 5386 dinales
970 5321 1177 5392 lllixboncnsis,
1199 5319 1467 5393 Rachanatenensis,
1488 5322 1518 5382 S.
1545 5320 1615 5382 Cle·
