3758 6030
178 299 242 361 232

179 434 293 511 mensis3
310 433 411 496 martis
426 450 484 494 xii.
500 430 629 508 januarii
649 442 715 493 ante
736 427 890 509 prandium
905 426 969 489 Ur-

179 539 270 608 sinus,
287 536 364 616 jovis
382 553 450 596 xvi.
469 532 597 612 januarii
628 544 694 594 ante
716 531 868 613 prandium
892 529 971 589 San·

180 639 220 699 cti
240 637 384 707 Severini,
396 632 461 715 post
478 635 631 715 prandium
653 634 753 694 Sancti
766 632 879 711 Angeli.
901 629 972 689 Sin·-

182 738 260 818 gulis
293 736 337 796 bis
357 735 561 797 cardinalibus
597 732 806 804 venientibus,
839 731 972 793 Senensis

182 838 260 901 venit
281 835 398 897 obviarn
432 836 491 896 sine
511 833 668 907 rochetto,
691 835 862 895 mantellum
883 832 973 892 breve

181 956 274 1017 supra
298 947 405 998 restem
417 935 533 1008 babens,
553 933 694 1013 usquead
710 932 794 996 flnem
809 934 972 1005 scalarum,

183 1037 235 1097 ubi
256 1036 424 1097 cardinales
445 1034 651 1102 descendebant
669 1053 705 1094 ex
728 1034 833 1111 equis,
854 1043 882 1093 et
901 1032 973 1091 illue

182 1155 231 1198 eos
252 1138 280 1196 in
306 1154 422 1196 recessu
455 1136 647 1197 reassociarit.
680 1133 847 1195 cardinales
875 1151 973 1193 omnes

183 1227 369 1298 retinuerunt
403 1255 508 1317 cappas
532 1224 626 1308 snas,
647 1254 719 1314 quas
741 1253 797 1295 non
819 1244 973 1307 exuerunt,

184 1336 303 1417 dempto
325 1339 388 1398 solo
409 1337 561 1398 Cardinnle
583 1336 683 1397 Sancti
709 1337 833 1415 angeli,
854 1337 905 1414 qui
927 1335 973 1395 di-

182 1438 261 1498 misit
282 1455 405 1517 eappam
436 1454 519 1497 suam
541 1438 757 1516 quamprimum
778 1454 813 1494 ex
829 1453 905 1514 equo
920 1435 973 1497 de·

185 1538 320 1611 scendit,
351 1548 380 1598 et
410 1537 513 1598 ibidem
536 1539 564 1597 in
585 1555 661 1615 equo
679 1556 742 1597 eum
765 1537 974 1615 reassumpsit,

183 1650 299 1720 praeter
345 1638 450 1699 bonam
485 1637 730 1699 consuetudinem.
767 1636 860 1715 bingis
894 1638 972 1698 enim

183 1895 256 1946 rium
274 1897 311 1945 sic
327 1895 507 1959 subscriptum
525 1896 645 1947 mittatur
660 1897 766 1947 Romam
785 1896 817 1945 ad
833 1896 972 1947 Oratoram

181 1980 319 2026 nostrum:
337 1988 367 2024 ac
384 1978 407 2024 ei
423 1979 603 2027 committatur
620 1976 697 2039 quod
712 1977 824 2038 idipsum
848 1976 974 2040 ostendat

183 2059 209 2104 et
228 2057 357 2104 monstret
372 2055 398 2101 s.
414 2053 442 2104 t).
460 2055 490 2105 N.
508 2059 534 2104 et
552 2056 610 2104 aliis
632 2055 693 2104 lies.
709 2046 916 2111 cardinalibus,
944 2059 973 2103 ut

184 2134 262 2196 piena
274 2137 434 2195 cognoscant
445 2126 628 2183 vocusnraasn
645 2145 679 2183 ιε
698 2144 885 2184 intensiones
898 2133 973 2196 breim

181 2211 336 2273 reipublicae
352 2223 430 2274 snper
445 2210 492 2260 buc
511 2223 554 2261 re.-
572 2214 597 2261 in
609 2214 706 2262 celeris
724 2201 810 2262 autern
828 2213 971 2274 propositis

186 2289 350 2341 confirmarit
366 2289 466 2339 dictum
483 2293 509 2340 et
525 2290 662 2341 consilium
675 2292 858 2342 consultorum
871 2290 975 2354 praedi·

182 2374 294 2421 ciorum.

193 2496 201 2501 ,
224 2447 252 2498 ln
279 2446 503 2498 confirmationem
531 2447 608 2511 cnjus
631 2448 736 2511 quidem
755 2448 973 2507 consilii„iacto

183 2531 210 2576 et
227 2527 367 2577 commisso
384 2526 495 2575 solemni
513 2529 539 2576 et
556 2526 670 2589 diligenti
688 2528 788 2590 partito
803 2541 852 2590 per
872 2527 972 2577 dictum

182 2603 291 2657 Petrum,
303 2605 395 2664 Angeli
412 2605 526 2655 Priorem
544 2605 661 2656 Priorum
679 2618 738 2663 oum
753 2618 887 2656 consensu
909 2620 974 2669 pre·

186 2686 269 2734 sentia
287 2688 313 2734 et
331 2686 467 2734 voluntate
484 2684 630 2734 deliberata
648 2697 756 2734 suorum
769 2687 929 2746 collegarum
947 2690 973 2736 et

183 2765 360 2827 requieturum
363 2795 491 2812 ......
509 2770 535 2813 et
556 2761 664 2813 consilia
691 2764 795 2817 reddita
816 2778 864 2827 per
889 2765 973 2817 dictos

183 2841 252 2892 dom.
269 2841 432 2891 leonardum
444 2845 470 2891 et
480 2841 680 2892 domloannem
690 2842 859 2894 Consultores
869 2845 973 2908 praedi.

186 2927 244 2973 ctos
257 2924 290 2973 ad
303 2921 378 2972 fabas
395 2923 483 2985 nigras
500 2922 541 2973 del
559 2923 596 2972 sic
613 2928 640 2973 et
652 2924 685 2973 ad
696 2924 770 2974 tabas
784 2924 858 2987 albas
870 2926 911 2976 del
923 2939 973 2976 non

185 3002 329 3061 secundum
358 3002 468 3054 sormam
491 3006 649 3054 statutorum
670 3005 794 3056 Coniunis
812 3005 899 3063 Firmi,
923 3006 973 3056 boc

185 3083 226 3132 est
243 3082 314 3145 qnod
331 3084 490 3146 quicumque
508 3084 563 3133 vuit
581 3088 607 3133 et
624 3084 674 3134 sibi
694 3087 781 3147 placet
799 3085 910 3139 consilia
931 3087 975 3138 di·

185 3165 289 3211 ciorum
316 3161 443 3213 leonardi
461 3168 491 3227 et
504 3162 604 3213 Domini
615 3164 654 3214 lo.
666 3164 851 3216 Consultorum
870 3166 974 3228 praedi·

183 3247 296 3301 ciorum,
313 3242 407 3292 reddat
423 3247 451 3293 et
468 3243 555 3293 mittat
571 3245 629 3301 eius
653 3245 739 3296 labam
756 3248 856 3310 nigram
874 3247 915 3297 dal
934 3250 973 3297 sic

186 3318 213 3369 in
235 3319 361 3381 bassulae
377 3324 496 3372 volentes
524 3336 587 3373 varo
604 3327 785 3385 contrarium,
809 3327 920 3377 reddant
947 3333 974 3378 et

188 3401 293 3452 mittant
315 3415 406 3452 corum
433 3402 506 3453 tabas
527 3403 601 3453 albas
625 3404 667 3455 del
693 3419 751 3456 non
775 3406 884 3457 bussola
912 3406 973 3458 inda

187 3479 257 3530 datis
275 3484 301 3530 et
318 3482 466 3531 recollectis
482 3482 554 3532 labis<
566 3496 615 3546 per
631 3483 785 3536 domicellos
808 3486 973 3537 dominorum

186 3557 303 3608 Priorum
321 3561 409 3622 populi
426 3561 605 3623 praelatorum
623 3567 649 3612 et
665 3563 770 3614 demum
789 3578 836 3626 per
849 3579 891 3625 ma
910 3567 975 3618 blel-

188 3631 311 3687 obiorem'
330 3637 517 3689 Cancellarium
541 3643 569 3689 et
592 3643 723 3692 notarium
741 3643 806 3693 visis
830 3647 974 3696 numeratis

187 3729 269 3779 super
285 3717 398 3780 quodam
417 3716 492 3767 bacili
510 3717 543 3767 de
561 3727 677 3777 octono,
691 3722 788 3782 placuit
810 3725 973 3787 septuaginta

187 3810 283 3846 novem
301 3796 457 3846 consiliariis
474 3799 499 3846 in
517 3797 587 3847 dicto
603 3799 714 3848 consilio
725 3802 902 3852 existentibus
915 3804 974 3854 red-

184 3874 248 3926 dere
273 3890 366 3927 eorum
390 3876 466 3928 tabas
486 3878 575 3942 nigras
600 3878 642 3929 dai
666 3880 721 3929 sie.-
737 3884 764 3930 et
780 3882 819 3931 sic
837 3883 904 3933 victa
927 3884 975 3933 ob·

185 3958 258 4006 tenta
286 3957 434 4021 approbata
457 3961 484 4008 at
511 3957 654 4007 reformata
680 3962 826 4012 extiterunt
852 3962 922 4012 diota
946 3968 974 4014 at

185 4035 294 4086 consilia
312 4037 414 4087 reddita
435 4048 483 4099 per
500 4036 584 4090 dictos
601 4037 638 4087 lo.
656 4037 838 4100 leonardum,
854 4045 881 4090 at
902 4041 973 4092 dom.

184 4112 224 4163 lo.
236 4116 268 4165 de
279 4116 362 4165 liceto
379 4117 545 4166 consultores
562 4116 713 4180 praedictos
728 4118 754 4170 in
771 4119 798 4168 el
815 4125 973 4182 superactis

188 4193 342 4245 deliberatis
368 4200 394 4245 et
408 4196 581 4259 propositis,
603 4209 656 4246 non
681 4197 849 4249 obstantibus
870 4199 973 4252 duabus

183 4271 251 4321 labis
268 4272 334 4323 albis
351 4274 393 4323 del
410 4288 472 4326 non.
581 4328 586 4338 ,

225 4352 257 4402 lit
284 4354 319 4402 ita
344 4366 435 4404 omnes
458 4357 585 4407 nominati
611 4358 686 4407 cives
703 4357 736 4409 de
753 4359 869 4411 Concilio
894 4359 973 4422 bujns

184 4432 301 4481 civitatis
316 4434 473 4494 iuraverunt
490 4435 523 4485 ad
539 4436 633 4486 Sancta
656 4437 702 4487 Dei
721 4437 872 4503 Evangelia,
890 4441 974 4489 mani-

185 4511 236 4561 bus
253 4514 331 4562 tactis
348 4513 497 4579 scripturis,
508 4515 648 4576 praedicta
666 4519 752 4567 omnin
768 4523 795 4568 ει
812 4520 912 4580 singula
930 4519 974 4569 ab·

184 4596 329 4659 seriarcet
341 4593 485 4655 adimplere
502 4598 529 4644 et
545 4608 676 4660 nunquam
695 4593 728 4647 ab
745 4599 794 4647 boc
812 4601 915 4660 incepto
927 4611 973 4649 sen

184 4673 301 4735 impresa
328 4672 460 4724 desistere
488 4675 633 4724 secundum
657 4680 775 4726 tenorem
793 4677 856 4728 dicti
871 4679 973 4730 decreti

182 4758 210 4803 et
226 4754 457 4804 deliberationum.
476 4753 507 4805 lit
524 4767 553 4804 se
570 4756 651 4804 scribi
669 4756 827 4807 mandarunt
848 4780 867 4802 ·.

224 4834 391 4897 (Sequuntur
407 4837 512 4885 nomina
533 4835 633 4887 Civium
652 4839 676 4885 in
694 4837 766 4886 dicto
783 4837 899 4889 Consilio
918 4840 974 4888 exi·

182 4916 308 4963 stantium
327 4927 396 4963 anm.
412 4914 538 4967 cxxxii,
555 4916 599 4978 qui
613 4916 772 4977 iuraverunt
793 4922 820 4966 et
842 4930 871 4967 se
892 4919 972 4969 scribi

185 4991 318 5043 iecerunt:
336 4994 460 5044 videlicet
478 4996 549 5055 etc.)

224 5070 297 5133 (inde
309 5077 457 5136 sequuntur
473 5077 578 5124 nomina
595 5074 694 5124 Civium
706 5074 792 5125 xblx.
812 5076 972 5126 venientium

183 5153 973 5214 postresolutionemquiiuraveruntetasscribilereruntl.

225 5230 296 5281 llaec
319 5238 488 5292 monumenta
513 5238 587 5285 certa
610 5233 725 5297 losepbo
749 5233 865 5284 Catalani
886 5236 973 5299 ignota

186 5323 248 5362 cnm
265 5312 299 5363 de
315 5313 434 5365 Ecclesia
452 5313 590 5371 Firmano,
607 5314 640 5364 ad
658 5313 833 5378 supplendum
844 5318 870 5364 et
886 5317 972 5365 corri-

185 5399 299 5462 gendum
322 5395 482 5460 Ugbellinm,
499 5398 616 5460 scripsit,
633 5404 691 5442 nam
711 5394 750 5443 vir
775 5407 840 5445 sane
857 5394 973 5456 doetus,

558 238 560 241 Ι
652 288 940 355 constrictius
958 284 1183 348 nbaxinbni
1205 285 1332 348 suxit.

1722 286 1831 371 (iios)

1037 424 1193 486 convenire
1219 423 1357 496 videtur,
1390 422 1470 501 quod
1500 422 1528 484 in
1552 421 1725 501 hujusmodi
1761 428 1829 488 sisi·

1038 525 1147 586 tatione
1184 535 1305 604 propter
1348 525 1483 597 luctum,
1520 524 1689 588 cardinales
1726 546 1830 607 cappas

1038 643 1096 687 non
1133 625 1319 705 deponerent.
1361 624 1518 686 Videbatur
1555 627 1641 688 etiarn
1685 629 1831 707 aliquibm

1037 725 1195 787 contenire
1228 725 1307 804 quod
1337 725 1469 786 Senensis
1499 727 1635 817 visitatus
1662 728 1829 792 cardinales

1040 844 1096 887 non
1119 826 1271 906 reciperet,
1293 844 1385 905 neque
1407 828 1570 889 recedentes
1592 830 1765 902 associaret,
1786 832 1828 892 sed

1041 927 1071 987 in
1093 922 1209 988 camera
1231 946 1284 988 sua
1302 941 1493 1008 permaneret:
1514 930 1563 991 sed
1585 931 1694 1010 placuit
1718 931 1756 991 R.
1772 931 1830 993 Do·

1041 1026 1190 1090 minutioni
1213 1029 1290 1090 Suae
1313 1031 1456 1091 sortientes
1476 1032 1604 1110 recipere
1622 1042 1652 1092 et
1667 1031 1831 1094 recedentes

1040 1131 1182 1190 associare
1202 1129 1287 1190 modo
1302 1129 1460 1209 praedicto,
1472 1132 1558 1210 'quod
1572 1129 1766 1209 meoiudicio
1779 1134 1831 1194 luit

1040 1229 1135 1308 magis
1157 1230 1323 1304 laudabile,
1344 1241 1452 1291 attento
1475 1232 1553 1310 quod
1574 1234 1704 1294 naturali
1742 1246 1831 1296 morte
1857 1227 1863 1240 ’

1041 1327 1111 1389 obiit
1131 1329 1233 1404 irater3
1255 1349 1337 1392 secus
1359 1331 1474 1409 quando
1495 1344 1539 1392 est
1554 1351 1589 1393 ea
1604 1333 1789 1407 didurtunio,
1805 1348 1831 1395 et

1040 1429 1158 1490 sinistro
1178 1442 1283 1491 eventu
1310 1433 1374 1509 quis
1393 1432 1574 1505 moriretur,
1594 1436 1664 1513 qnia
1697 1446 1770 1495 tune
1798 1436 1831 1498 ob

1041 1526 1182 1606 majorem
1205 1531 1319 1592 luctum
1341 1533 1562 1608 ostendendum,
1583 1548 1680 1615 posset
1702 1537 1832 1596 visitatus

1042 1631 1070 1690 in
1092 1650 1208 1694 camera
1228 1651 1280 1692 sua
1302 1653 1481 1714 permanere.

1042 1885 1161 1952 lqspccto
1179 1867 1318 1948 diligenter
1335 1887 1473 1938 Tabulario
1489 1890 1632 1951 episcopati
1660 1893 1689 1938 et
1707 1890 1768 1959 aliis
1789 1903 1830 1939 ec·

1041 1966 1199 2016 ctesiasticis
1222 1966 1356 2017 Diocaesis
1374 1967 1566 2025 illustrandae,
1581 1968 1605 2018 in
1625 1967 1833 2019 libriscarnita·

1043 2057 1100 2093 rum
1117 2044 1260 2107 quidquam
1280 2045 1312 2094 ad
1329 2058 1395 2107 opus
1413 2059 1489 2096 suum
1507 2046 1647 2098 ditandum
1662 2058 1695 2096 se
1713 2049 1832 2097 inventu·

1042 2136 1099 2172 rum
1117 2136 1169 2172 non
1186 2125 1297 2185 putavit.
1314 2123 1447 2188 Quidquid
1457 2127 1506 2184 sit,
1523 2138 1591 2176 nnnc
1609 2127 1748 2177 exaltatis
1764 2127 1833 2177 indu·

1042 2201 1115 2253 bium
1133 2207 1173 2253 est
1189 2202 1333 2253 iohannem
1351 2204 1497 2267 baptistam
1514 2205 1659 2269 capranica
1678 2209 1828 2270 episcopan

1041 2279 1188 2333 firmanum
1208 2286 1292 2333 virum
1311 2284 1394 2335 inissa
1416 2285 1610 2348 perditissimae
1627 2286 1722 2344 elisee
1747 2299 1830 2336 secun

1042 2361 1167 2412 babuisse
1184 2362 1310 2412 familiam
1331 2365 1406 2413 maiis
1424 2364 1585 2414 facinoribus
1602 2366 1755 2429 insignem
1771 2368 1832 2416 ciii·

1043 2447 1123 2493 tatem
1141 2443 1285 2494 firmanam
1303 2446 1329 2494 in
1342 2448 1427 2507 ipsum
1445 2449 1471 2494 et
1484 2458 1547 2497 snos
1559 2446 1754 2503 insurrexisse;
1771 2447 1831 2496 Pon·

1042 2520 1138 2571 tiflcem
1163 2523 1316 2581 Romanum,
1333 2523 1461 2593 l’irmanis
1482 2525 1707 2586 inclamantibus,
1722 2538 1782 2576 eum
1800 2540 1828 2578 ex

1042 2601 1105 2651 sede
1133 2613 1180 2651 sua
1206 2602 1313 2651 Romam
1340 2614 1467 2662 vocasse,
1493 2603 1632 2654 Cardinale
1660 2605 1772 2655 Senensi
1805 2608 1827 2655 in

1042 2679 1288 2731 administratorem
1306 2682 1433 2741 suffecto;
1451 2687 1512 2746 post
1538 2684 1644 2746 aliquod
1662 2684 1772 2748 tempn's
1788 2686 1828 2736 ite·

1043 2773 1100 2809 rum
1126 2762 1241 2810 Firmum
1265 2775 1294 2811 se
1319 2763 1464 2812 contulisse
1482 2767 1508 2812 et
1532 2765 1688 2816 ascelestis
1715 2767 1827 2816 moribss

1043 2853 1094 2911 non
1112 2840 1261 2900 deiecisse;
1278 2841 1383 2892 demum
1402 2845 1427 2892 in
1439 2843 1559 2904 flagranti
1578 2845 1700 2897 incinere
1713 2848 1739 2896 in
1756 2848 1829 2897 doni·

1042 2918 1092 2970 bus
1118 2924 1173 2971 suis
1200 2921 1233 2970 ab
1259 2922 1365 2972 adamis
1390 2928 1513 2986 captum,
1539 2928 1566 2974 ct
1589 2925 1719 2976 fenestris
1749 2928 1826 2990 prole·

1044 3003 1131 3058 ctum,
1144 3002 1222 3050 vitam
1236 3003 1331 3050 malam
1343 3014 1402 3050 cuni
1417 3008 1501 3053 morta
1520 3003 1828 3057 lunestarcomrnutassez

1045 3080 1149 3128 tandem
1168 3079 1217 3130 boc
1230 3093 1312 3137 anno,
1329 3081 1404 3131 annis
1417 3080 1462 3131 Xll
1480 3095 1513 3131 ex
1526 3087 1612 3132 morte
1628 3083 1757 3148 Episcopi
1775 3098 1828 3135 exi·

1043 3160 1112 3217 ctis,
1141 3160 1209 3210 inter
1234 3159 1345 3209 inmittas
1371 3160 1502 3211 interiecti
1530 3167 1555 3211 et
1581 3163 1784 3214 interfectorum
1805 3169 1825 3213 et

1043 3242 1176 3291 civitatem
1195 3240 1359 3301 firmanam,
1379 3241 1471 3292 officiis
1489 3243 1587 3297 babilis
1604 3245 1773 3296 acardinale
1787 3245 1825 3295 Se·

1043 3321 1133 3378 nansi,
1150 3319 1318 3369 concordiam
1337 3321 1486 3370 restitutam
1504 3322 1595 3372 inisse.

1085 3397 1123 3447 Ea
1140 3397 1172 3449 iis
1200 3401 1312 3462 aliisque
1338 3402 1513 3450 monumentis
1528 3401 1662 3465 losepbus
1675 3404 1824 3454 i'raeassetti

1045 3480 1070 3528 in
1095 3479 1182 3546 libello
1204 3479 1258 3542 jam
1276 3484 1356 3529 citato
1384 3480 1482 3532 Notizie
1505 3482 1615 3533 storicbe
1638 3484 1707 3533 della
1731 3483 1791 3533 eittd
1805 3484 1826 3532 di

1043 3558 1134 3609 Formo
1149 3559 1241 3608 ridotte
1258 3559 1284 3606 in
1300 3560 1450 3622 compendio
1462 3565 1514 3610 etc.
1531 3574 1590 3624 pag.
1603 3565 1649 3623 t5,
1662 3562 1824 3614 concludebat

1044 3639 1192 3698 bis,verbie
1209 3652 1290 3702 super
1308 3641 1433 3702 regimina
1445 3641 1559 3690 civitatis
1576 3640 1680 3700 Firmi,
1690 3642 1823 3692 decedente

1043 3720 1150 3768 saeculo
1168 3718 1219 3770 XV.
1239 3742 1249 3761 .
1268 3718 1302 3767 La
1325 3720 1388 3768 citii
1405 3733 1451 3769 era
1470 3719 1629 3771 liberissima
1655 3722 1699 3771 nel
1728 3735 1776 3771 suo
1790 3734 1824 3784 qo·

1044 3809 1136 3856 verno,
1153 3797 1176 3847 si
1194 3810 1307 3860 reggera
1323 3800 1392 3861 colia
1409 3800 1517 3860 proprie
1536 3811 1584 3849 sue
1602 3799 1680 3863 lqul,
1697 3814 1780 3852 araia
1791 3798 1824 3850 nei

1043 3887 1091 3925 suo
1108 3888 1171 3945 gran
1189 3877 1314 3939 conaiglio
1331 3878 1338 3925 t
1355 3877 1430 3928 dritti
1442 3881 1502 3928 tutti
1519 3877 1546 3927 di
1563 3868 1639 3928 mero
1654 3892 1669 3930 a
1686 3883 1767 3930 misto
1783 3881 1823 3929 in·

1043 3955 1159 4018 perio‚e
1176 3959 1249 4005 tanto
1266 3968 1312 4023 era
1338 3957 1421 4007 libera
1439 3958 1507 4008 aella
1524 3958 1644 4009 eleaione
1670 3957 1715 4008 dei
1734 3958 1822 4022 proprii

1044 4035 1200 4096 magistrati,
1218 4034 1267 4084 ebe
1283 4036 1306 4086 si
1323 4047 1488 4087 caeseriano
1517 4047 1613 4085 ancora
1632 4037 1656 4086 ie
1675 4039 1771 4089 lettere
1785 4049 1823 4088 eoa

1043 4115 1084 4162 oui
1101 4113 1143 4164 Pio
1161 4111 1194 4172 ll,
1211 4112 1288 4163 Panlo
1302 4113 1320 4163 ll
1338 4115 1511 4164 eluunceazo
1522 4113 1574 4164 Vlll
1586 4116 1823 4167 raccomandavano

1044 4193 1068 4242 al
1084 4197 1178 4242 nostro
1201 4194 1316 4244 comune
1340 4194 1417 4243 alcun
1442 4193 1551 4245 distinto
1577 4197 1757 4258 personaggio
1772 4206 1823 4257 pre·

1042 4271 1128 4334 qando
1145 4273 1194 4322 ebe
1211 4273 1374 4325 lossealetto
1393 4275 1418 4323 iu
1431 4272 1550 4323 sonesti.
1568 4274 1792 4325 Onorevolissima
1805 4274 1823 4321 ai

1041 4352 1162 4404 Fermani
1180 4367 1228 4404 son
1246 4368 1312 4417 pura
1330 4355 1354 4404 la
1367 4354 1567 4409 testimonianze
1584 4349 1823 4404 d'lnnocenaolllll

1043 4446 1092 4495 per
1109 4433 1205 4496 l'ajuto
1223 4432 1254 4482 da
1269 4434 1326 4482 loro
1343 4438 1462 4494 presiate
1475 4434 1526 4484 alia
1542 4433 1566 4482 S.
1578 4433 1646 4484 Sede
1665 4439 1760 4484 contro
1771 4434 1825 4485 liuc-

1042 4514 1128 4563 coiino
1145 4512 1304 4562 dc'Garzoni
1321 4513 1371 4563 ebe
1382 4515 1487 4564 tentava
1504 4512 1531 4562 di
1547 4512 1596 4568 dar
1607 4513 1700 4564 Osimo
1718 4515 1743 4564 in
1756 4524 1822 4562 mano

1041 4591 1068 4641 di
1084 4591 1252 4652 Bajazetnel
1270 4593 1349 4650 itai,
1364 4605 1379 4641 a
1396 4604 1444 4655 per
1462 4593 1485 4641 la
1501 4605 1581 4655 presa
1600 4592 1626 4639 di
1638 4592 1728 4643 Leone
1744 4592 1824 4642 littero

1042 4671 1091 4720 cbo
1108 4670 1142 4720 da
1159 4671 1193 4723 lui
1211 4672 1234 4723 al
1251 4671 1357 4721 Sullano
1380 4684 1425 4720 era
1442 4671 1547 4735 spedito
1564 4671 1760 4724 ambasciatore
1777 4694 1796 4716 ι.

1083 4750 1159 4812 Quod
1175 4750 1208 4799 da
1224 4749 1343 4807 Firmano
1361 4752 1522 4802 civitatisex
1539 4751 1658 4802 tontibus
1675 4750 1825 4803 authenticis

1042 4830 1146 4889 allatis,
1168 4829 1354 4890 adllrmatum,
1379 4832 1447 4881 idam
1473 4835 1529 4882 tere
1546 4831 1689 4882 dicendum
1715 4832 1748 4882 de
1773 4832 1822 4880 aliis

1041 4908 1243 4972 quamplurimis
1260 4909 1380 4969 eiusdem
1397 4911 1466 4960 aeliz
1483 4910 1516 4959 ad
1532 4923 1601 4974 quae
1613 4912 1732 4964 animum
1750 4912 1824 4962 babe-

1041 4987 1088 5040 bat
1103 4987 1144 5038 SS.
1163 4987 1191 5038 b.
1209 4988 1241 5041 N.
1259 4988 1319 5039 Pius
1344 4988 1413 5052 Papa
1430 4990 1483 5047 lx,
1500 4995 1544 5053 qui
1575 4989 1711 5041 Ecclesiae
1735 4991 1825 5054 guber·

1041 5071 1132 5119 naenia
1151 5071 1227 5132 regii,
1243 5068 1404 5132 cumulabat
1422 5069 1551 5119 ·Ebbero
1569 5071 1595 5120 in
1609 5072 1700 5121 antico
1719 5072 1726 5121 i
1744 5070 1823 5123 Nostri

1041 5150 1150 5201 Comuni
1169 5151 1185 5199 ii
1203 5149 1341 5213 privilegio
1358 5149 1384 5200 di
1396 5151 1550 5213 governarsi
1563 5163 1613 5200 con
1626 5151 1693 5214 lqui
1706 5153 1786 5202 scelte
1796 5151 1823 5206 di

1040 5231 1098 5281 loro
1116 5229 1272 5287 medeslmi,
1289 5234 1360 5281 sotto
1378 5231 1402 5279 la
1419 5231 1543 5280 sanciens
1560 5243 1677 5281 suvrana
1695 5254 1705 5273 ·
1721 5230 1823 5296 (surm

1039 5307 1224 5372 fondamentoie
1254 5309 1295 5371 pel
1322 5321 1433 5372 posonio
1461 5311 1600 5371 temporale
1626 5312 1696 5373 deqli
1721 5311 1782 5363 Stati
1803 5308 1824 5358 di

1040 5390 1065 5440 S.
1085 5388 1206 5452 citiam).
