3758 6030
160 190 221 253 308

158 338 251 402 ctum,
272 329 517 408 superpellicium,
539 329 665 405 stolum,
687 330 813 411 pluviale
834 330 944 403 album,

159 429 204 488 rel
227 427 350 488 rubeum
372 430 553 507 preciosius,
576 431 653 507 quod
673 431 778 492 babere
794 441 945 511 poterunt,

160 539 189 587 et
219 528 337 588 mitram
374 529 468 589 albam
501 529 684 610 simplicem,
706 544 734 592 et
766 534 945 593 coronationi

160 630 324 707 praedictae
349 631 507 702 interesse,
539 644 567 692 et
589 633 668 710 quod
701 633 820 711 quilibet
842 632 947 693 habeat

162 748 250 789 suum
273 729 452 804 Pontifieale,
473 743 501 794 et
524 751 613 792 anum
630 735 827 814 cappellonoot
842 753 947 814 soper-

160 831 274 909 pellicio
295 833 430 892 indutum
458 852 526 893 cum
548 833 659 895 tobalea
692 835 816 913 pulchra
837 836 946 895 sericea

162 932 240 991 eirca
261 935 386 1006 collum,
416 934 466 1012 qui
494 935 546 994 sibi
567 935 601 996 de
629 933 792 996 Pontifieali
813 947 841 996 et
860 937 946 995 rnitra

161 1034 269 1093 serviat
289 1056 316 1093 s.

204 1132 312 1194 Eadem
327 1135 372 1195 die
386 1147 537 1216 apportata
553 1135 623 1195 mihi
636 1136 766 1210 luerunt,
779 1137 947 1196 mantellum

164 1253 199 1294 ex
220 1235 401 1296 ciambelloto
423 1236 457 1298 de
478 1255 569 1314 grana
591 1238 680 1298 rubea
696 1257 763 1298 curn
783 1257 836 1296 suo
856 1254 948 1316 capu·

164 1337 210 1393 cio
234 1335 360 1396 zendado
376 1337 410 1398 de
425 1356 518 1416 grone
540 1340 671 1410 suffulto,
692 1351 722 1398 et
743 1337 894 1417 dipploidis
914 1355 949 1396 ex

161 1433 295 1496 'setonino
320 1438 446 1498 violaceo
467 1439 527 1499 sine
553 1440 630 1499 amni
653 1458 714 1500 mea
737 1440 862 1517 impensa
884 1449 948 1498 suta

166 1545 195 1596 et
216 1537 344 1615 perlecta
364 1558 398 1599 es
431 1540 631 1600 commissione
652 1534 761 1619 Regis,
794 1551 828 1599 ut
859 1556 948 1618 supra

166 1640 326 1711 annotavi,
348 1659 424 1700 nttoe
443 1642 597 1712 ordinata,
619 1654 646 1702 et
668 1643 780 1703 donata.

205 1738 289 1798 Faria
308 1742 417 1817 quinta,
431 1753 535 1802 octava
551 1743 656 1802 atensis
675 1746 740 1803 maii
756 1745 826 1804 lesto
839 1746 949 1802 Ascen-

5 1833 13 1849 '
103 1848 107 1864 '
164 1841 249 1900 sionis
271 1841 432 1901 Salvatoris
454 1844 544 1903 nostri
560 1845 628 1905 lesu
651 1845 757 1905 Christi
773 1854 802 1904 at
822 1843 949 1923 hppari-

165 1941 248 2001 tionis
269 1940 368 2000 Sancti
389 1942 538 2004 Michaelis
558 1945 757 2025 Archangeli,
779 1962 837 2023 qua
859 1946 950 2004 Sere·

165 2044 299 2102 nissimus
318 2043 380 2104 Rev
399 2045 561 2124 alphonsus
580 2048 715 2107 coronari
735 2047 864 2120 debebat,
885 2057 950 2106 aute

165 2143 240 2203 diem
268 2146 385 2224 perveni
416 2145 451 2205 ad
482 2148 632 2208 ecelesiam
665 2147 901 2229 Neapolitanam,
921 2159 950 2210 et

164 2247 258 2304 omnia
279 2258 442 2326 opportuna
464 2247 594 2308 ordinavi
616 2269 670 2329 pro
690 2251 875 2311 coronatione
897 2269 950 2312 ne·

167 2349 299 2407 cessaria.
318 2349 468 2410 Credentia
500 2370 554 2430 pro
586 2351 733 2413 Cardinali
767 2364 866 2433 parata
893 2353 951 2412 luit

167 2464 257 2530 prout
276 2453 410 2532 superios
430 2454 458 2512 in
479 2456 575 2514 rotulo
595 2457 702 2515 notari.
722 2455 807 2515 Circa
827 2458 951 2534 primam

166 2551 270 2612 horam
300 2553 355 2613 diei
385 2556 461 2616 venit
482 2555 733 2617 vehementissima
765 2558 864 2636 pluvia
883 2573 950 2615 eum

167 2653 244 2712 aeris
261 2663 290 2714 et
319 2657 457 2733 temporis
476 2655 621 2716 turbidine
640 2657 780 2729 maxima,
800 2674 873 2733 quae
892 2655 952 2714 du·

167 2754 246 2812 ravit
267 2754 303 2812 ad
325 2753 411 2814 boras
432 2767 489 2816 tres
511 2757 555 2816 vel
575 2757 675 2830 cirea;
701 2768 832 2835 suscepta
854 2766 951 2817 autem

168 2857 352 2916 coronatione
374 2856 463 2935 Regis
478 2859 622 2932 cessarit,
643 2871 672 2919 et
688 2860 796 2920 laetum
817 2869 861 2919 est
878 2868 952 2919 tem-

167 2975 222 3036 pus
245 2958 457 3031 clarissimum,
487 2971 515 3020 et
536 2960 655 3020 duravit
677 2981 728 3042 per
761 2972 851 3022 totam
873 2960 950 3020 illam

169 3071 197 3119 et
218 3072 387 3137 sequentem
410 3060 495 3120 diem.

163 3228 166 3232 .
210 3163 317 3221 Audivi
337 3170 435 3241 postea
468 3174 580 3241 tempos
601 3146 691 3224 simile
725 3165 891 3243 pluviosam
924 3174 953 3225 et

170 3263 321 3322 turbidum
342 3262 452 3323 Rornae
470 3264 570 3324 iisdem
593 3264 672 3324 boris
693 3264 800 3338 foisse,
821 3266 869 3326 sed
884 3265 954 3344 plu·

169 3364 249 3424 ribos
279 3364 360 3427 horis
388 3365 495 3425 Romae
517 3384 604 3444 qoem
627 3365 743 3446 Neapoli
771 3367 952 3446 perdurasse.

170 3467 331 3528 Cardioalis
345 3465 472 3545 Legatos
489 3467 565 3527 veuit
581 3467 616 3526 ad
634 3468 784 3526 eeclesiam
800 3466 880 3525 circa
901 3465 955 3525 ho·

170 3588 234 3629 raro
264 3587 336 3641 xta,
361 3568 565 3627 associantibus
586 3570 679 3647 ipsum
699 3569 833 3648 praelatis
844 3590 854 3641 ;
876 3579 905 3627 et
926 3569 953 3626 in

170 3670 240 3730 locis
256 3670 316 3729 suis
332 3681 389 3728 tom
404 3666 532 3746 Legatos
548 3686 634 3745 qoam
648 3669 768 3748 praelati
784 3679 955 3748 receperunt

170 3781 339 3852 paramenta
355 3769 406 3828 sibi
423 3771 629 3841 convenientia,
644 3770 777 3847 saperius
792 3771 818 3828 iu
835 3769 954 3829 ordina·

170 3873 246 3933 tione
264 3891 406 3952 expressa:
418 3868 545 3950 Legatos
564 3868 798 3948 rubro,praelati
815 3870 954 3939 vero,alii

63 4045 65 4047 ¹
170 3976 318 4054 pluviale,
339 3984 368 4034 et
389 3976 461 4034 stolo
484 3974 598 4044 rubea,
626 3973 675 4031 alii
704 3969 790 4044 alba,
812 3981 841 4031 et
863 3972 954 4049 aliqui

169 4077 418 4157 superpellicium,
440 4076 487 4135 alii
510 4094 580 4136 rere
601 4071 663 4150 ejus
685 4075 766 4148 loeo,
788 4075 906 4147 albam,
926 4083 956 4134 et

170 4180 331 4257 cingulum.

211 4279 255 4339 Ex
273 4279 400 4338 sacristia
417 4276 505 4357 Regis
522 4288 677 4356 apportata
691 4276 826 4338 luerunt:
846 4293 954 4336 corona

170 4380 258 4458 Regis
277 4381 305 4438 io
326 4397 383 4439 uno
402 4378 486 4437 bacili
503 4391 639 4457 argenteo
658 4377 800 4450 indorat03
819 4377 907 4456 perlis
926 4387 956 4436 et

171 4480 313 4561 lapidibus
336 4477 549 4558 preciosissimis
567 4492 668 4538 oruata
691 4491 754 4538 erat
775 4497 906 4549 corona,
927 4489 956 4538 et

170 4583 314 4644 birretum
328 4579 450 4640 habebat
465 4580 625 4655 corniectum
639 4581 715 4639 intus
727 4599 761 4640 es
772 4580 955 4639 domasehioo

170 4684 236 4744 albo
252 4682 357 4741 habens
376 4680 443 4740 binc
460 4677 522 4738 inde
532 4677 603 4738 dnos
614 4682 697 4739 sellas
709 4700 781 4759 quae
792 4681 846 4740 sub
859 4690 955 4740 mento

171 4787 257 4845 unico
287 4784 407 4846 bottooo
429 4779 699 4861 conjungebantur,
723 4783 762 4842 ita
785 4782 863 4861 quod
895 4781 955 4841 Rex

170 4904 311 4949 eoronam
332 4885 421 4964 ipsam
443 4884 503 4943 sine
521 4883 581 4943 alio
600 4881 709 4943 birrato
728 4882 866 4944 deterret:
882 4883 956 4945 ensis

169 4988 197 5046 io
219 5005 271 5046 sua
295 4986 396 5063 vagina
418 5003 453 5044 ex
484 4984 573 5064 perlis
594 4993 622 5044 et
645 4982 786 5062 lapidibus
820 4986 955 5064 preciosis

171 5106 222 5167 per
234 5100 328 5149 toturn
339 5098 470 5160 ornatos3
487 5097 634 5166 sceptrum
648 5096 819 5165 argenteam
831 5086 859 5145 io
871 5105 954 5145 arm·

171 5192 271 5252 mitate
292 5191 398 5251 habens
420 5210 537 5271 pomum
565 5190 743 5250 inauratum.
765 5188 839 5248 Erat
858 5199 953 5250 autem

170 5302 315 5372 sceptrum
343 5293 437 5373 ipsum
463 5291 491 5352 in
520 5302 612 5353 totum
638 5288 825 5372 longitudinis
840 5292 953 5371 palmo·

631 190 915 256 constrictius
936 190 1162 254 hLRXthlRl
1184 193 1310 255 SEXTl.

1687 190 1803 275 (taos)

1014 349 1083 391 rum
1103 331 1232 392 duorum
1259 348 1327 391 cum
1350 327 1491 402 dimidio,
1514 330 1559 390 rel
1592 329 1670 391 circa
1694 341 1723 392 et
1744 330 1801 389 mi-

1014 435 1092 494 noris
1112 432 1312 511 grossitudinis
1328 450 1420 512 porro
1434 433 1497 490 meo
1513 430 1612 509 digito,
1628 441 1656 491 et
1678 449 1799 510 pomam

1013 543 1183 612 argenteum
1205 534 1372 592 inauratum
1406 542 1498 592 totum
1521 533 1682 593 rotandum
1705 550 1800 610 quau·

1014 636 1104 695 titatis
1124 635 1208 692 troius
1224 632 1320 712 magni
1336 634 1426 713 pomi,
1448 634 1476 692 in
1493 634 1658 693 summitate
1681 651 1800 693 erucem

1015 753 1135 815 parvam
1157 734 1263 795 habens
1283 747 1411 795 erectam
1443 745 1610 814 argenteam
1633 737 1799 795 inauratam

1015 847 1043 897 et
1078 838 1106 896 in
1128 837 1306 896 extremitate
1339 837 1470 914 inferiori
1492 837 1520 895 in
1551 839 1681 915 opposito
1705 837 1801 896 crucis

1015 939 1140 997 maleum
1162 920 1229 997 cum
1251 938 1360 1015 stringo
1377 938 1463 997 sirica
1484 936 1520 996 ad
1540 937 1689 1016 ligandum
1705 936 1800 1017 ipsam

1016 1041 1044 1098 in
1065 1038 1180 1099 sinistro
1209 1039 1300 1116 digito
1323 1038 1410 1117 Regis
1441 1057 1475 1098 rte
1504 1039 1558 1098 sibi
1588 1040 1695 1113 cadat;
1727 1058 1800 1116 quae

1016 1141 1111 1200 omnia
1131 1141 1159 1198 in
1180 1140 1266 1198 altari
1282 1141 1364 1218 posui
1383 1158 1433 1217 per
1446 1141 1573 1218 planum.
1587 1139 1699 1219 Legata
1709 1143 1803 1201 omni-

1016 1241 1069 1301 bus
1102 1239 1277 1319 paramentis
1305 1238 1516 1318 pontificalibus
1549 1252 1677 1320 parato,
1710 1251 1739 1300 et
1773 1241 1801 1299 in

1016 1359 1068 1400 sao
1089 1339 1253 1400 faldistorio
1266 1351 1335 1399 ante
1350 1340 1474 1399 medium
1490 1342 1590 1400 altaris
1606 1340 1733 1410 sedente,
1750 1361 1802 1402 ve·

1017 1451 1123 1503 nerunt
1143 1440 1179 1500 ad
1199 1443 1294 1521 ipsum
1320 1442 1433 1501 nomine
1461 1439 1569 1519 Regis,
1600 1441 1636 1501 D.
1655 1441 1802 1523 ,lohannes

1017 1542 1162 1604 Pantanus
1182 1546 1356 1604 secretarios
1375 1543 1452 1623 regis
1467 1555 1497 1604 et
1514 1545 1591 1604 alius
1605 1588 1801 1604 .......

1018 1686 1528 1705 .................
1558 1654 1718 1705 asserentes
1748 1661 1803 1703 non

1019 1749 1198 1811 consuevisse
1216 1747 1310 1825 Reges
1328 1747 1492 1825 hragooiae
1517 1746 1545 1805 in
1570 1745 1736 1825 receptione
1762 1745 1805 1805 iu·

1017 1849 1140 1927 signium
1171 1848 1315 1926 regalium
1345 1847 1555 1925 genuflectere,
1575 1848 1620 1906 rel
1652 1846 1682 1905 in
1702 1862 1804 1905 eorum

1019 1952 1226 2020 coronatione,
1254 1938 1285 2009 et
1308 1944 1476 2025 j'orarnento
1505 1960 1559 2008 ete.
1594 1965 1651 2006 non
1682 1964 1805 2007 eonsue-

1020 2051 1093 2110 visse
1113 2069 1164 2129 per
1192 2069 1221 2110 se
1250 2048 1325 2127 ipsos
1353 2060 1520 2129 praestare,
1539 2067 1591 2109 seu
1619 2050 1740 2126 legere,
1759 2045 1805 2106 sed

1019 2150 1095 2227 quod
1114 2150 1190 2210 alios
1208 2168 1310 2210 eorum
1330 2153 1441 2210 nomine
1463 2151 1541 2229 legat
1552 2171 1562 2222 3
1583 2159 1611 2210 et
1631 2148 1697 2227 ipsi,
1717 2144 1805 2222 jura·

1020 2261 1115 2311 manto
1137 2252 1232 2322 lecto,
1251 2247 1374 2326 jurent,
1392 2261 1421 2311 et
1443 2263 1510 2310 tanc
1531 2261 1643 2310 tantum
1662 2246 1804 2328 genuflexi

1015 2347 1166 2427 jurabsn13
1182 2346 1335 2431 propterea
1352 2370 1419 2411 com
1436 2351 1638 2413 intellexissent
1652 2366 1671 2408 a
1690 2366 1738 2409 me
1751 2348 1807 2408 Re-

1020 2471 1084 2532 gem
1105 2453 1207 2513 debere
1238 2454 1265 2512 in
1290 2449 1459 2528 hujusmodi
1485 2449 1646 2528 juramenti
1674 2459 1806 2530 praesta·

1022 2555 1097 2614 tione
1124 2552 1343 2632 genuflectere,
1373 2563 1403 2612 et
1434 2553 1654 2632 perseipsum
1690 2551 1806 2627 legere,

1021 2654 1100 2732 quod
1118 2657 1176 2734 ipse
1194 2652 1322 2732 Legatos
1341 2651 1525 2724 admitteret,
1551 2652 1630 2730 quod
1652 2648 1807 2731 juramen·

1021 2765 1083 2814 tum
1118 2751 1285 2829 hujusmodi
1317 2754 1426 2831 legeret
1456 2756 1513 2833 ipse
1540 2753 1710 2824 Pantanus,
1731 2750 1807 2828 Rege

1021 2867 1170 2936 praesente
1194 2867 1224 2915 et
1242 2854 1374 2927 sedente,
1393 2865 1422 2915 et
1440 2874 1476 2915 eo
1503 2856 1578 2915 lecto
1596 2862 1731 2931 surgeret
1749 2850 1808 2911 Rex

1021 2969 1050 3018 et
1068 2977 1155 3036 super
1171 2958 1319 3025 cussinum
1334 2955 1553 3035 genuflecteret,
1567 2967 1596 3016 et
1611 2958 1697 3015 tactis
1708 2954 1807 3015 Evan-

1021 3060 1101 3138 geliis
1117 3056 1245 3136 juraret,
1262 3059 1335 3118 lecta
1353 3059 1425 3118 velle
1440 3057 1606 3117 observare.
1628 3055 1756 3134 Legatos
1773 3051 1807 3111 ad

1022 3160 1093 3222 haec
1113 3179 1158 3220 me
1178 3159 1312 3231 vocavit,
1331 3159 1404 3237 qui,
1424 3157 1586 3237 praemissis
1605 3157 1734 3229 auditis,
1754 3155 1808 3214 disi

1023 3278 1205 3339 nequaquam
1227 3259 1313 3318 modo
1328 3260 1484 3337 praemisso
1504 3256 1567 3318 fieri
1586 3268 1744 3338 oportere,
1762 3258 1809 3319 sed

1022 3363 1058 3421 ad
1080 3362 1281 3441 juramentum
1302 3357 1471 3436 hujusmodi
1492 3359 1519 3418 in
1539 3361 1671 3420 manibus
1689 3359 1809 3438 Legati,

1023 3465 1135 3524 nomine
1163 3464 1286 3523 Sanctae
1316 3463 1477 3523 Romanae
1493 3462 1641 3523 Ecclesiae
1671 3473 1701 3523 et
1733 3462 1811 3523 Sedis

1022 3566 1202 3643 Apostolicae
1231 3576 1260 3625 et
1279 3563 1460 3624 sanctissimi
1486 3564 1521 3622 D.
1544 3563 1578 3623 N.
1607 3564 1702 3644 Papae
1733 3567 1809 3626 reci·

1023 3667 1135 3744 pientia,
1155 3664 1369 3745 praestandum,
1381 3684 1433 3744 per
1446 3664 1628 3744 genuflexum
1640 3666 1670 3724 id
1682 3665 1747 3726 lieri
1758 3684 1810 3726 noo

1024 3769 1107 3827 aliter
1128 3767 1286 3841 consaeri,
1308 3768 1444 3845 quodque
1470 3764 1553 3843 joret
1571 3768 1630 3847 ipsc
1651 3766 1714 3828 Rex
1746 3785 1810 3828 eunt

1023 3871 1106 3941 sciat,
1127 3877 1156 3928 et
1174 3865 1375 3943 juramentum
1396 3870 1489 3947 ipsunt
1507 3871 1591 3948 legat.
1614 3867 1701 3936 ouon
1723 3871 1809 3929 etsie

1024 3970 1087 4031 lieri
1104 3969 1208 4031 debere
1224 3967 1350 4048 Legatos
1362 3971 1526 4030 affirmarit.
1540 3970 1699 4047 Praedictis
1710 3971 1811 4031 auditis

1025 4073 1208 4134 Secretarius
1230 4083 1258 4131 et
1277 4117 1810 4133 ..................

1026 4219 1158 4237 .....
1183 4185 1217 4233 ut
1232 4173 1341 4252 aliquid
1357 4175 1455 4235 secisse
1478 4175 1656 4245 riderentur,
1669 4173 1811 4254 Legatum

1026 4285 1186 4353 rogarant,
1208 4285 1240 4335 ot
1270 4277 1371 4336 saltem
1392 4294 1479 4356 super
1510 4277 1659 4336 cossinum
1680 4276 1744 4337 Rex
1761 4295 1813 4355 ge-

1025 4376 1204 4449 notlecteret‚
1222 4388 1250 4436 et
1270 4375 1330 4454 ipse
1351 4377 1527 4438 secretarios
1556 4389 1622 4438 ante
1640 4378 1753 4457 Regem
1772 4381 1812 4440 le·

1025 4491 1106 4558 geret
1122 4497 1155 4539 ex
1172 4478 1258 4548 libro,
1276 4476 1338 4538 Rex
1354 4490 1517 4557 repeteret,
1537 4474 1691 4541 admittere
1711 4481 1812 4559 digna·

1026 4591 1119 4642 retur.
1131 4577 1216 4647 Quod
1231 4577 1370 4657 legatos,
1393 4581 1490 4640 multis
1505 4580 1666 4641 dicentibus
1681 4583 1760 4660 quod
1776 4585 1814 4643 sie

1026 4699 1082 4740 non
1098 4681 1230 4740 obviaret
1249 4682 1438 4749 caerimoniis
1453 4682 1566 4756 debitis,
1576 4684 1626 4746 sed
1638 4687 1736 4746 solum
1753 4704 1814 4745 ma·

1022 4778 1107 4857 jovis¹
1120 4780 1256 4860 temporis
1276 4800 1349 4861 opus
1372 4793 1472 4855 esset,
1492 4784 1614 4845 admisit.

1066 4885 1217 4963 hasignato
1237 4883 1292 4944 hoc
1311 4903 1394 4946 mane
1413 4886 1448 4946 l).
1467 4887 1574 4948 locabo
1594 4888 1768 4950 Prothonot.
1784 4887 1816 4949 de

1025 4985 1195 5048 Sermoneta
1215 4987 1243 5045 in
1261 4985 1316 5047 llue
1336 4988 1429 5065 quinti
1448 4990 1556 5048 scarum
1585 4988 1622 5047 ad
1648 4992 1700 5049 sin.
1723 4989 1817 5051 tribo-

1024 5105 1089 5146 nam
1101 5085 1280 5159 ascendente,
1290 5087 1374 5147 ridel.
1388 5107 1479 5149 cornu
1489 5088 1641 5168 Evangelii
1654 5101 1720 5168 post
1732 5109 1816 5169 prae·

1024 5190 1097 5248 latos
1116 5200 1249 5268 paratos,
1267 5199 1296 5250 et
1311 5189 1436 5250 electum
1456 5190 1674 5263 maranensem,
1689 5209 1724 5251 ac
1742 5190 1820 5250 Pro·

1025 5288 1224 5352 thonotarium
1244 5290 1278 5351 de
1297 5290 1385 5371 Sega,
1405 5291 1466 5370 ipso
1478 5291 1650 5354 Sermoneta
1667 5293 1820 5365 maiorem,
