3764 6036
47 269 162 354 (areo)

46 426 107 486 qua
129 406 296 469 continetur
316 406 395 486 quod
415 403 556 468 Oratores
574 419 639 487 post
658 428 706 470 sax
718 427 839 470 menses

46 508 211 570 habeantur
230 517 450 587 procuratores,
466 523 522 568 non
535 505 685 569 Oratores.
698 509 838 587 acquievi

52 609 202 670 voluntati
220 608 390 670 Sanctitatis
411 608 498 673 Suae.

95 710 150 770 Die
183 709 211 788 ii.
245 706 344 785 junii,
373 709 472 789 vigilia
510 708 632 779 Sanctae
663 707 838 781 Trinitatis,

49 811 86 872 de
115 830 182 872 sero
203 810 233 870 in
254 811 390 890 vesperis,
408 829 442 871 ex
459 811 657 870 commissione
676 808 732 880 SS,
749 808 790 866 Ι).
803 805 836 867 ll.

48 921 185 991 receptus
203 911 260 971 init
279 911 309 972 in
330 910 501 990 Magistrum
520 911 607 971 Sacri
625 910 741 982 Palatii,
757 919 786 970 et
804 928 838 970 eo

47 1013 115 1073 loco
141 1013 307 1090 assignatas
327 1020 370 1072 est
395 1013 533 1091 magister
555 1013 666 1073 Paulus
686 1011 839 1071 innuensls

47 1101 426 1175 OrdinisPraedicatorum
439 1108 575 1174 inlocum
588 1113 719 1192 magistri
733 1111 838 1182 Marci,

47 1213 101 1291 qui
121 1212 209 1274 bodie
227 1213 259 1273 in
279 1223 391 1295 secreto
418 1213 590 1274 consistorio
606 1232 658 1293 per
671 1213 725 1273 SS.
745 1212 781 1272 l).
802 1211 837 1273 lt.

45 1306 197 1387 Eemeslae
211 1314 379 1388 Theatlnae,
397 1321 538 1393 quatenus
556 1312 718 1393 alphonsus
731 1314 838 1373 electus

45 1413 469 1494 Teatirrus,RegisFer·dinandi
487 1413 575 1486 filius,
591 1433 625 1474 ex
637 1413 718 1474 Eccl.
734 1412 837 1491 llhegii

44 1514 227 1599 Neapolitani
248 1513 308 1598 (l),
323 1516 363 1594 ,ad
386 1506 481 1594 quam
499 1515 529 1575 in
547 1514 645 1577 eodem
665 1513 837 1575 cotrsistorio

43 1616 103 1677 tuit
118 1616 288 1689 causiacus,
305 1616 380 1677 inira
395 1627 495 1677 tres...
512 1617 676 1695 praefectus
691 1615 837 1687 est;alio-

45 1717 118 1795 omn
140 1733 272 1777 exnunc
297 1728 387 1796 prout
411 1735 444 1777 ex
475 1726 546 1775 irinc
577 1717 680 1789 mdem·
695 1715 837 1796 magistro

48 1815 151 1876 hiereo
170 1816 322 1895 regimen,
343 1825 372 1877 et
393 1815 669 1879 administrationem
690 1816 836 1878 Ecclesiae

48 1914 197 1998 Rheginos
208 1916 374 1998 praedictae
392 1919 548 1980 commisit.

83 2338 118 2398 lt)
130 2335 171 2385 ad
182 2335 327 2386 Barchardi
339 2338 424 2388 locum
437 2338 505 2386 hunc
516 2335 716 2393 illustrandum,
729 2334 834 2396 llgbellii

42 2417 148 2468 notitiis
171 2418 285 2475 utimur,
300 2420 327 2465 et
344 2418 378 2466 ad
404 2418 516 2465 invicem
533 2415 567 2466 ad
584 2415 726 2476 llgbellium
744 2427 837 2464 ameu-

40 2494 158 2545 dandum
176 2494 318 2545 Burcbardl
336 2496 515 2545 testimouium
533 2494 781 2551 invocamus.iiaec
793 2497 835 2552 ille

44 2575 81 2625 de
98 2575 201 2624 duobus
219 2575 351 2637 episcopis
362 2572 405 2622 hic
422 2575 572 2624 nominatis.
593 2593 602 2615 ι
623 2579 786 2624 atuflottstis
799 2585 836 2627 ut

47 2651 380 2707 maosttierdiuandil.
389 2652 553 2715 Neapolitani
565 2651 718 2715 liegisdlius
730 2655 835 2714 nothus,

47 2731 218 2783 Taurinorum
230 2731 349 2781 Pontifex
363 2731 414 2781 init
431 2733 549 2785 adlectus
566 2733 599 2782 ab
615 2731 835 2784 innocentiovlll.

41 2812 86 2862 dic
104 2814 144 2861 27.
163 2811 290 2861 februarii
308 2812 379 2862 rasa.
395 2812 468 2861 Sedit
486 2824 569 2863 annos
588 2816 664 2873 octo,
681 2825 766 2875 eoque
778 2826 836 2863 mu·

42 2904 107 2941 nere
125 2901 155 2939 ss
172 2889 305 2940 abdicavit
322 2890 437 2940 nondum
448 2886 625 2943 consecratus
637 2905 706 2942 auno
724 2891 835 2943 119811

42 2970 254 3021 administranda
278 2969 396 3021 Ecclesia
413 2972 474 3032 ista,
490 2985 554 3024 usus
571 2977 612 3024 est
627 2972 778 3023 alexandro
802 2972 835 3023 de

42 3051 130 3101 llsrra
148 3051 346 3113 archiepiscopo
363 3051 475 3100 sauctae
489 3052 684 3110 severinae,et
696 3052 792 3103 iacobo
802 3051 835 3102 de

40 3130 175 3181 lisineriis
199 3131 325 3193 episcopo
342 3130 518 3183 adrivalensi.
539 3132 661 3182 ceterum
679 3135 739 3194 post
762 3143 834 3187 suam

43 3210 238 3260 abdicationem
251 3212 426 3269 voluntariam
439 3212 502 3273 quid
518 3215 601 3274 egerit
617 3212 776 3273 alphonsus,
793 3213 835 3262 rel

42 3290 150 3352 quaudo
168 3302 254 3353 quove
272 3292 298 3338 in
315 3291 371 3339 loco
389 3289 496 3348 obierit,
512 3290 662 3348 incertum
680 3295 781 3340 certum
794 3295 836 3338 ta·

40 3381 113 3430 men,
125 3368 207 3419 luisse
219 3368 376 3425 Ferdinandi
388 3367 409 3415 l.
422 3368 501 3418 lilirrm
514 3374 541 3419 et
552 3370 676 3432 alphonsi
689 3368 717 3419 ll.
728 3369 834 3419 tratrem

41 3451 162 3500 indicant
179 3452 255 3512 plura
271 3453 455 3507 monumenta,
472 3453 526 3498 tum
544 3449 678 3508 Ecclesiae
695 3450 835 3509 lactinae,

42 3532 105 3580 tunc
128 3531 192 3592 regii
217 3530 313 3592 regesti
330 3526 468 3592 inquibus
485 3530 647 3592 alphonsum
660 3530 735 3591 Regis
746 3530 836 3590 tilium,

42 3612 151 3659 vivente
176 3606 360 3666 Ferdiuaudo,
381 3608 476 3659 deinde
504 3613 631 3671 regnante
652 3610 786 3672 alphonso
803 3610 834 3659 ti.

41 3691 118 3754 itegis
143 3691 251 3740 tratrem
269 3695 296 3738 et
319 3687 456 3738 Teatinum
482 3687 640 3751 Episcopum
657 3702 686 3739 se
704 3702 732 3738 se
750 3689 834 3739 deno·

42 3772 135 3820 minat.
148 3767 247 3818 Urusa.
261 3769 290 3819 tt.
303 3768 362 3819 soc.
376 3771 437 3818 tom.
450 3769 594 3830 9111758,
606 3770 760 3821 1111011111.

83 3871 95 3893 ·
115 3849 208 3900 Frater
231 3850 341 3900 Marcus
364 3851 516 3898 Mauotuus
539 3849 643 3900 Ordinis
668 3850 832 3899 Praedicato-

43 3943 120 3989 rum,
138 3931 223 3991 patria
239 3927 438 3991 Neapolitanae,
454 3927 553 3990 origine
570 3929 685 3989 Tuscus,
701 3943 735 3979 ex
751 3930 832 3980 nobili

41 4013 203 4072 vetustaque
220 4010 314 4060 inmitia
331 4008 468 4059 florentina
486 4009 557 4059 Delio
571 4006 642 4060 serre
657 4011 772 4073 prodite
788 4012 832 4072 qul

39 4102 98 4141 cum
117 4091 208 4154 pietati
225 4090 350 4141 colendae
362 4090 431 4152 apud
447 4089 632 4141 Dominicauos
650 4095 712 4142 rota
729 4092 846 4153 religio·

39 4173 83 4221 ais
107 4174 302 4232 nuncupasset,
319 4170 500 4232 coluissetqua
523 4170 665 4232 inprimis
687 4170 831 4221 nobiliores

38 4251 192 4313 disciplinas
242 4248 355 4299 eximius
367 4250 453 4299 evasit
462 4261 554 4300 sacrae
563 4249 719 4314 'theologiae
727 4251 831 4301 laurea·

36 4335 99 4390 tus,
117 4329 194 4379 Verbi
212 4329 296 4379 divini
311 4329 492 4379 nobilissimus
508 4342 605 4392 preco,
621 4344 730 4392 quarum
747 4333 831 4381 virtu·

42 4413 97 4458 tum
110 4408 392 4471 commendationem
405 4409 554 4460 baereticae
571 4413 710 4473 pravitatis
723 4411 750 4460 iu
760 4411 831 4469 Nea·

40 4491 158 4551 politauo
173 4500 251 4550 regno
263 4489 378 4551 generali
390 4488 547 4551 inquisitore
559 4490 592 4539 ab
609 4492 759 4541 innocentio
770 4490 829 4540 viti,

38 4558 163 4618 Pontibce
179 4573 284 4618 creatus
302 4573 343 4619 est
359 4569 489 4632 Rheginus
517 4571 740 4632 archiepiscopus
761 4584 830 4619 anuo

41 4650 111 4699 itas.
132 4668 153 4696 ι.
174 4645 270 4697 Urusa.
286 4651 347 4698 tom.
359 4647 408 4706 tx,
419 4660 443 4708 p.
457 4651 521 4705 339,
534 4650 596 4708 818..
607 4650 663 4699 adit.
676 4648 718 4698 cit.
733 4647 830 4711 Ugbellt

39 4727 198 4788 pracsertim
211 4732 331 4789 tempora
343 4726 499 4789 corrigenda
509 4728 559 4778 hoc
573 4728 716 4780 burchardi
728 4729 785 4778 loco
796 4727 830 4778 de

38 4805 201 4870 Episcopatu
217 4807 322 4869 Rhaga,
334 4807 360 4855 in
371 4806 500 4856 Calabria.

51 4883 54 4893 ’
82 4885 119 4947 (9)
142 4885 180 4935 ab
197 4885 246 4934 boc
264 4887 332 4943 loco,
351 4885 435 4936 idest
457 4887 630 4938 amedietate
647 4890 745 4938 mensis
766 4888 830 4947 junii

39 4967 122 5024 stan,
139 4964 173 5014 ad
188 4964 298 5015 dicus.
317 4967 420 5026 angusti
438 4966 524 5024 1191,
540 4968 561 5015 si
578 4980 643 5030 quse
663 4967 829 5018 Eurcbardus

41 5045 171 5108 scripsit,
189 5043 374 5093 desiderantur
391 5046 417 5093 in
434 5046 556 5095 omuibus
580 5047 715 5097 codicibus
738 5060 831 5096 manu·

40 5125 169 5187 scriptis,
184 5123 275 5174 codice
292 5122 417 5174 Vaticano
433 5138 486 5174 uon
506 5130 626 5188 excepto.
651 5125 828 5176 Clarissimum

39 5203 72 5254 de
87 5203 238 5266 Erequigny
249 5203 441 5265 audiamnspro
450 5206 637 5267 manuscriptis
648 5207 675 5254 in
689 5205 768 5254 Gallia
781 5218 830 5254 ax·

39 5283 157 5334 tentibus
169 5304 196 5331 i,
207 5283 292 5332 avant
308 5283 341 5333 da
357 5283 427 5346 duic,
439 5284 614 5349 j’obserrerai
628 5285 696 5348 quill
713 5298 731 5348 y
748 5297 763 5332 a
779 5297 830 5336 une

38 5362 132 5415 laeuae
147 5362 203 5415 tort
217 5365 400 5417 considerable
416 5367 482 5418 dans
493 5366 603 5418 lestrols
619 5365 778 5416 manuscrits
794 5362 828 5416 dn

418 226 420 230 ⁴
519 267 803 335 rourmcnrns
823 268 1049 335 innocuum
1069 271 1222 360 ornavi.
1632 283 1692 344 aas

947 408 1154 489 Superiorrlms
1174 412 1276 475 diebus
1296 414 1415 492 quidam
1431 435 1466 480 ex
1482 416 1693 482 habitatoribus

904 509 1005 585 castri,
1024 507 1117 570 Ollida
1147 514 1328 593 nuncupati,
1349 517 1517 595 provinciae
1543 519 1692 582 hiarchine

904 611 1120 673 anconitanae..
1131 657 1159 673 ..
1175 615 1322 692 praeterea
1344 626 1410 694 post
1422 619 1529 679 multos
1549 629 1692 682 tractatus

905 729 991 792 super
1012 712 1067 774 hoc
1090 713 1212 788 habitos,
1225 717 1459 778 consistorialiter
1478 718 1628 781 decretum
1648 732 1692 784 est

904 811 944 872 R.
964 813 1000 874 b.
1015 814 1196 885 cardinalem
1211 816 1445 897 audegavensem
1466 820 1614 906 diarchiae
1628 823 1692 883 ao·

905 913 1054 974 conitanae
1080 915 1206 993 legatum
1239 917 1310 979 illuc
1338 921 1615 995 transmittendum
1639 923 1691 1001 qui

905 1013 941 1073 ll.
974 1014 1008 1073 Ι).
1035 1015 1197 1076 Cardinalis
1219 1017 1453 1099 audegavensis,
1476 1023 1560 1085 lttnae
1587 1033 1692 1084 octava

905 1116 1007 1175 mensis
1019 1117 1152 1195 augttsii,
1173 1117 1251 1178 circa
1274 1118 1377 1189 horam
1401 1142 1588 1202 vesperarum
1604 1126 1692 1186 asuis

879 1302 881 1307 Ι
905 1216 1066 1277 domesticis
1086 1219 1258 1309 associatus,
1271 1222 1388 1283 recessit
1402 1242 1436 1284 eu
1453 1224 1532 1286 Urbe
1548 1226 1644 1286 iturus
1655 1227 1692 1286 ud

905 1318 1086 1397 provinciam
1107 1320 1316 1399 supradictam,
1337 1322 1504 1405 [legationis
1519 1344 1588 1387 suae
1604 1345 1692 1388 occa·

905 1417 982 1477 sione
1004 1417 1179 1498 supradicta,
1199 1431 1227 1482 et
1249 1433 1280 1482 ut
1302 1442 1363 1485 rem
1387 1424 1556 1503 pacificaret
1577 1423 1634 1510 (3)

904 1614 961 1672 iioi,
977 1615 1041 1665 dont
1056 1618 1084 1679 le
1103 1619 1177 1669 vicus
1194 1619 1227 1670 de
1244 1623 1342 1681 parler.
1357 1622 1433 1674 cette
1450 1626 1556 1685 laruae,
1569 1641 1621 1690 que
1637 1630 1693 1678 rien

904 1696 929 1742 n‘
942 1697 1047 1758 indique
1074 1698 1140 1747 dans
1168 1700 1207 1748 les
1235 1703 1394 1753 manuscrits
1419 1705 1454 1753 du
1478 1707 1533 1765 lini,
1550 1720 1579 1758 se
1598 1712 1692 1758 trouve

902 1771 945 1835 sol.
963 1778 1008 1825 182
1032 1789 1105 1826 verso
1121 1777 1155 1827 du
1171 1782 1319 1830 manuscrit
1336 1784 1418 1842 atses
1432 1797 1460 1845 p.
1476 1786 1531 1836 981.
1549 1787 1583 1835 du
1601 1800 1694 1836 mauu·
1786 1800 1787 1803 ¹

904 1851 968 1901 serit
985 1855 1063 1912 51593
1079 1853 1120 1917 sol.
1136 1857 1177 1907 92.
1195 1861 1263 1908 recto
1280 1860 1315 1909 du
1333 1865 1477 1912 manuscrit
1489 1866 1559 1915 5521.
1574 1867 1635 1914 tom.
1647 1865 1692 1915 tlt.

829 1962 830 1965 =
902 1933 984 1982 Mons.
999 1934 1032 1983 da
1048 1934 1231 2006 insunuans
1248 1935 1342 2000 (Mem.
1361 1941 1391 1991 de
1407 1942 1498 1994 l'aoort.
1515 1945 1557 1993 des
1572 1945 1652 2003 laser.
1668 1948 1691 1994 at

903 2012 1100 2085 licitas-lettres,
1117 2018 1175 2065 tom.
1193 2017 1266 2067 xiil.
1281 2029 1309 2079 p·
1324 2021 1378 2070 602.
1396 2023 1451 2073 893.
1464 2024 1528 2084 iqui
1546 2023 1619 2072 avoit
1631 2036 1694 2073 exa·

904 2093 972 2142 mine
995 2094 1019 2142 le
1037 2097 1200 2155 manuscrit,
1217 2098 1276 2146 cote
1298 2100 1369 2148 alors
1395 2100 1466 2150 9929.
1491 2103 1693 2164 (aujourd'hui

903 2173 994 2232 1119.)
1011 2175 1082 2245 avoit
1107 2187 1154 2223 cru
1171 2188 1222 2238 que
1239 2177 1264 2224 la
1281 2177 1374 2227 lacnue
1401 2178 1466 2231 atoit
1489 2180 1582 2243 depuis
1603 2182 1627 2230 la
1653 2184 1691 2231 rt.

901 2249 957 2313 juin
974 2253 1171 2316 statiuaque
1188 2256 1211 2302 la
1232 2261 1301 2306 mort
1318 2256 1343 2306 d'
1355 2256 1481 2308 innocent
1497 2258 1561 2317 vtlt;
1579 2261 1647 2310 mais
1661 2260 1690 2322 je

903 2333 957 2381 suis
981 2345 1101 2394 parvenu
1124 2332 1140 2382 i
1163 2339 1299 2385 constater
1321 2336 1424 2399 qu'elle
1449 2343 1490 2389 est
1507 2339 1540 2389 de
1562 2342 1691 2402 quatorze

903 2413 969 2460 mois
986 2413 1204 2475 cuticiacensis
1222 2416 1245 2464 le
1261 2416 1355 2477 9.]11111
1374 2418 1455 2477 risa,
1470 2420 1691 2481 exclusiremeut,

900 2488 989 2552 jusqu’
1001 2504 1033 2539 au
1049 2493 1072 2541 8·
1091 2491 1150 2541 anitt
1168 2494 1239 2544 1491=
1249 2496 1314 2544 ainsi
1327 2497 1364 2545 les
1376 2495 1452 2546 dates
1465 2497 1645 2558 posterieures
1657 2497 1691 2548 de

905 2571 985 2629 1492,
1001 2574 1085 2633 quise
1098 2576 1222 2623 trouvent
1240 2587 1285 2624 sur
1302 2576 1325 2624 la
1343 2576 1376 2626 liu
1390 2577 1427 2627 ,de
1443 2589 1474 2627 ce
1491 2581 1644 2635 manuscrit,
1656 2591 1689 2628 ne

903 2653 964 2698 sont
978 2651 1054 2712 point
1070 2651 1118 2700 des
1135 2640 1221 2703 iactes
1239 2654 1271 2704 de
1290 2655 1402 2717 copisto,
1418 2669 1520 2707 comme
1537 2659 1568 2708 ll.
1579 2658 1612 2708 de
1624 2657 1692 2708 Fon·

903 2739 1026 2791 cemagua
1052 2731 1149 2780 l’avnit
1174 2734 1335 2794 coniectare.
1352 2734 1387 2786 bs
1405 2737 1525 2787 methode
1549 2749 1626 2786 assez
1643 2739 1691 2798 pe·

903 2807 974 2857 nible
992 2821 1043 2870 qtae
1058 2809 1114 2872 J'ai
1132 2812 1216 2861 suivie
1232 2826 1300 2875 pour
1318 2814 1394 2865 m'en
1411 2829 1535 2875 assurer,
1558 2830 1573 2866 ε
1597 2818 1639 2866 eta
1655 2818 1688 2868 da

903 2886 1040 2936 combiner
1052 2889 1090 2938 les
1099 2890 1175 2950 jours
1185 2891 1217 2940 de
1231 2892 1256 2940 ia
1267 2894 1385 2943 semaiae
1394 2902 1460 2944 arec
1477 2896 1516 2944 les
1527 2896 1691 2957 quautiemes

904 2967 952 3016 des
971 2970 1037 3017 mois
1054 2969 1104 3025 (les
1122 2982 1171 3020 uns
1189 2974 1215 3020 et
1233 2971 1380 3022 les-autres
1397 2975 1471 3024 etant
1488 2975 1607 3036 toujours
1625 2988 1694 3026 mar·

905 3049 969 3108 ques
994 3061 1042 3109 par
1064 3047 1202 3108 Burcard)
1219 3054 1246 3100 et
1262 3051 1317 3114 d'y
1333 3053 1463 3104 chercher
1480 3055 1519 3103 les
1542 3054 1692 3105 caracteres

904 3127 936 3176 da
955 3127 970 3175 l'
982 3128 1084 3187 annae,
1100 3129 1114 3177 1
1131 3130 1155 3177 la
1173 3131 1259 3190 quelle
1276 3144 1321 3181 ces
1344 3131 1421 3192 j0urs
1439 3135 1652 3195 appartienueut.
1671 3132 1689 3184 li

903 3205 967 3254 elon
996 3206 1140 3267 important
1162 3207 1300 3258 d’arcrtir
1322 3209 1410 3259 d'une
1435 3223 1529 3260 errem
1556 3213 1601 3274 qui
1627 3218 1692 3275 peut

902 3296 997 3334 causer
1019 3286 1066 3334 des
1091 3287 1242 3347 meprisesr
1261 3293 1287 3338 et
1304 3289 1329 3346 je
1346 3302 1388 3339 ma
1405 3290 1502 3340 felicita
1524 3290 1692 3355 d'eparguer

906 3378 958 3415 aux
975 3371 1065 3416 autres
1084 3367 1197 3428 lapsine
1213 3381 1264 3430 que
1281 3371 1330 3426 i’ai
1347 3382 1396 3433 ene
1413 3371 1427 3420 a
1444 3372 1469 3421 la
1486 3371 1627 3423 decouvrir
1638 3393 1660 3421 ι.

941 3445 1086 3497 Burcbardi
1110 3447 1214 3497 silentio
1239 3451 1365 3512 supplere
1380 3453 1467 3503 conati
1492 3464 1581 3501 summ
1598 3465 1690 3503 monn·

902 3529 998 3574 mentis
1014 3527 1039 3574 in
1057 3525 1203 3588 appendice
1220 3529 1339 3591 adiectis·
1361 3580 1362 3583 ,

941 3609 975 3668 li)
991 3606 1019 3655 ln
1037 3607 1185 3657 lniessnrae
1198 3607 1281 3658 diario
1293 3611 1360 3661 baec
1381 3623 1463 3674 super
1479 3614 1638 3676 argumento
1655 3613 1692 3662 le·

900 3691 1004 3749 guntur.
1023 3706 1033 3728 ·
1051 3688 1140 3737 Mense
1165 3691 1268 3749 augusti
1291 3691 1410 3741 homines
1426 3695 1508 3742 castri
1532 3692 1639 3751 auildae
1662 3692 1690 3744 in

899 3767 1012 3817 diarchia
1028 3767 1167 3818 tumultum
1185 3770 1254 3819 inter
1266 3783 1294 3820 se
1306 3770 1437 3829 iecerunt,
1449 3775 1475 3822 ct
1486 3771 1689 3822 Commissarius

900 3846 1015 3895 officialis
1032 3847 1115 3908 Papae
1132 3847 1287 3898 interiectus
1299 3854 1349 3899 est.
1359 3848 1538 3900 Cucurrerunt
1549 3854 1643 3911 postea
1656 3850 1689 3900 ad

900 3938 1002 3985 arcem,
1019 3939 1098 3979 causa
1114 3927 1234 3988 capiendi
1251 3939 1324 3986 eam,
1336 3932 1362 3977 et
1374 3940 1426 3977 uon
1443 3933 1595 3990 potuerunt.
1606 3926 1690 3979 arcu·

901 4008 951 4056 lani
973 4012 1060 4055 tamen
1083 4008 1161 4056 vicini
1186 4007 1222 4055 ibi
1250 4010 1421 4056 accesserant
1444 4008 1481 4056 ad
1500 4008 1575 4057 illum
1602 4009 1688 4058 locum

899 4097 979 4135 causa
997 4084 1116 4146 capiendi
1134 4098 1209 4144 eum,
1226 4078 1459 4147 praebueruntqne
1484 4087 1609 4136 auxilium
1635 4087 1688 4138 illis

900 4163 1097 4215 rebellantibus.
1126 4164 1192 4226 Papa
1214 4165 1283 4214 misit
1300 4164 1333 4214 ad
1349 4177 1397 4214 eos
1419 4167 1531 4227 legatum
1555 4167 1688 4217 uirentia

899 4246 942 4305 qui
966 4247 1009 4293 est
1032 4243 1189 4294 Cardiualis⁴
1205 4244 1330 4303 abatiae,
1348 4257 1426 4306 quem
1454 4246 1574 4309 recipere
1595 4249 1689 4296 nolue-

900 4325 968 4372 runt.
985 4321 1015 4375 Et
1033 4323 1072 4371 sic
1089 4322 1250 4376 rebellantes
1262 4324 1323 4373 iacti
1336 4328 1397 4377 sunt
1408 4324 1550 4385 Ecclesiae,
1562 4330 1589 4377 et
1603 4328 1686 4388 Papae

899 4401 1007 4450 obedire
1022 4405 1154 4450 recusant.
1171 4402 1256 4460 Quare
1272 4406 1341 4465 l’apa
1358 4404 1430 4454 misit
1446 4406 1480 4455 ad
1497 4418 1544 4456 eos
1566 4419 1687 4469 campum

898 4482 1048 4540 Ecclesiae,
1070 4483 1113 4542 qui
1142 4490 1176 4531 se·
1198 4483 1302 4532 tandem
1319 4485 1345 4532 in
1370 4484 1529 4536 deditionem
1557 4486 1688 4538 dederunt

898 4562 1046 4617 Ecclesiae,
1061 4572 1129 4622 quos
1146 4561 1214 4623 Papa
1231 4567 1323 4623 postea
1341 4566 1469 4623 multavit,
1486 4572 1513 4616 et
1530 4566 1614 4615 iertur
1626 4580 1690 4628 poe·

898 4654 957 4690 nam
974 4641 1097 4702 posuisse
1114 4643 1139 4688 in
1158 4642 1353 4702 reparationem
1372 4647 1433 4694 tecti
1450 4644 1537 4695 Sancti
1561 4644 1688 4697 iohannis

898 4719 1081 4769 iateranensts
1099 4720 1247 4781 ecclesiae,
1264 4728 1291 4772 ct
1307 4725 1332 4771 ia
1350 4725 1476 4774 columnis
1498 4728 1524 4775 et
1541 4737 1604 4774 arcu
1626 4728 1688 4776 ante

898 4800 1038 4862 apostolos
1056 4803 1082 4849 et
1098 4800 1125 4849 iu
1143 4803 1211 4850 tecto
1230 4820 1250 4848 ι.
1270 4801 1321 4851 Sed
1343 4806 1435 4853 melius
1458 4804 1523 4854 baec
1542 4810 1688 4855 narrantur

899 4882 925 4930 in
946 4881 1069 4932 chronico
1090 4879 1157 4929 ined.
1182 4878 1302 4930 Civitatis
1325 4882 1403 4931 Firmi
1424 4883 1494 4944 apud
1513 4894 1553 4932 ma
1575 4887 1687 4934 existen.

898 4963 972 5025 cujus
990 4961 1072 5012 verba
1088 4962 1115 5009 in
1131 4958 1244 5009 medium
1266 4961 1388 5023 prolerre
1409 4962 1443 5010 ad
1465 4974 1510 5012 res
1526 4962 1628 5021 ntelins¹
1641 4974 1687 5012 cx·

898 5044 1041 5106 plananaas
1058 5055 1110 5091 nnn
1128 5040 1241 5091 otiosum
1259 5042 1391 5090 existimo.

940 5145 950 5166 .
970 5123 1057 5172 venue
1074 5123 1090 5170 il
1108 5133 1224 5170 vescovo
1242 5123 1267 5168 di
1284 5119 1478 5170 Fossambruuo
1495 5120 1591 5183 iegato
1615 5120 1686 5170 daila

897 5206 993 5254 Merca.
1010 5204 1032 5252 a
1049 5201 1076 5252 di
1092 5203 1131 5252 16.
1148 5202 1235 5253 tiaran
1252 5201 1374 5251 Asculani
1391 5213 1440 5250 con
1458 5203 1512 5253 180.
1529 5200 1646 5260 bomini,
1669 5214 1685 5252 a

897 5296 948 5334 oon
965 5286 981 5332 ti
993 5283 1117 5333 ,inrusciti
1133 5285 1277 5332 antrorono
1294 5283 1321 5330 iu
1337 5280 1427 5339 ouda,
1445 5293 1460 5330 e
1476 5293 1510 5331 ue
1522 5280 1609 5332 caccid
1624 5291 1685 5331 sas·

900 5369 975 5415 santa
991 5364 1059 5414 dalla
1072 5368 1154 5426 ‘parte
1171 5363 1198 5413 di
1215 5363 1304 5421 Certo,
1320 5363 1398 5424 quale
1420 5374 1470 5424 per
1494 5356 1569 5413 esser
1586 5366 1683 5424 troppo

1408 5456 1438 5505 19
