3780 6030
192 245 233 313 bO,
585 271 590 280 ·
643 239 923 305 uunrtrtcstus
944 234 1167 306 iNNOCENTii
1179 242 1343 309 OCTAM.

191 386 372 456 rochetum,
400 384 536 445 Meuium
568 382 596 442 in
625 398 710 443 manu
727 387 730 394 ’
749 390 876 460 portans.
907 378 978 441 Post

189 506 257 550 eum
273 504 347 546 unas
360 483 534 545 Auditorum
548 482 638 544 Rotae
653 484 712 543 sine
731 482 854 551 mantili,
869 492 898 541 et
913 493 977 559 post

190 589 273 649 iiinm
293 587 366 648 alius
387 585 509 645 Auditor
530 582 633 644 ilotae'
649 601 715 643 cum
735 581 867 653 mantili,
891 580 978 640 ambo

1720 251 1826 337 ,nm

1045 392 1122 444 tores
1143 384 1180 443 ad
1201 396 1342 447 secretam
1364 386 1540 449 credentiam
1553 390 1743 468 praedictam,
1764 394 1826 467 ubi,

1045 483 1176 561 impositu
1189 484 1226 544 ad
1247 485 1356 546 collam
1370 486 1487 549 demtos
1504 489 1826 573 Masquardomappula

1043 583 1148 654 serica,
1161 582 1256 644 eidem
1268 596 1352 663 potas
1368 604 1424 664 pro
1442 587 1582 654 Pontiice
1601 589 1656 650 luit
1670 592 1829 671 assignatus

190 689 218 748 in
240 678 299 748 suis
317 686 423 764 cappis.
444 685 496 744 iiie
509 683 545 743 D.
568 682 881 758 Pr·unciscus,aquam
904 697 978 758 por-
1008 714 1014 812 Ι
1044 681 1073 740 ia
1094 682 1179 762 eipbo
1200 699 1328 762 magno,
1349 697 1385 745 et·
1399 687 1458 766 ipse
1477 687 1618 750 Dominus
1638 691 1831 769 Masquardos

190 800 253 848 tans
278 788 306 846 in
337 783 500 855 bacilibus,
527 781 636 843 medius
667 783 739 843 inter
772 779 915 839 Andream
943 780 978 839 de
1044 784 1171 861 portarit
1192 782 1324 844 Pontifici
1342 804 1378 846 eo
1398 787 1500 848 ordine
1518 802 1607 868 prout
1627 790 1694 851 Dux
1710 793 1830 872 praedi-

189 888 349 949 Ootuitibus
380 886 549 964 Magistrum
583 881 704 962 Hospitii
742 899 757 946 a
793 880 920 951 dextris,
948 891 978 940 et

190 987 349 1049 Sebaicam
369 996 524 1049 secretum
539 983 569 1043 S.
601 980 638 1040 i).
665 979 699 1040 N.
729 998 746 1039 a
771 980 915 1053 sinistris,
942 998 978 1041 ee

189 1089 290 1148 ordine
306 1104 373 1147 cum
388 1085 478 1168 solitis
492 1094 522 1144 et
533 1081 632 1142 debitis
653 1081 821 1141 reverentiis
837 1092 977 1141 venerum

189 1190 225 1249 ad
245 1186 429 1257 Pontificem,
451 1202 510 1262 quo
531 1200 632 1242 manus
657 1184 792 1253 iarame,
810 1179 978 1241 Cardinaiee

190 1290 302 1350 stabant
320 1286 461 1367 capitibus
476 1284 631 1365 coopertis,
645 1282 765 1362 praelati
779 1299 850 1341 vero
862 1280 978 1343 stabant

190 1389 306 1452 detectis
324 1385 475 1465 capitibus,
496 1395 525 1445 et
545 1383 594 1443 aiii
614 1400 712 1442 omnes
734 1381 850 1443 detectis
869 1381 978 1460 capiti·

190 1490 244 1550 bus
261 1486 489 1568 genuflectebant
499 1507 509 1557 3
528 1483 565 1543 ad
586 1484 661 1545 banc
683 1485 821 1544 lotionem
847 1500 903 1542 non
922 1482 978 1543 tuit

191 1601 321 1660 vocatus,
338 1605 432 1665 neque
444 1585 543 1647 debuit
554 1585 654 1644 vocari
665 1583 747 1663 prior
763 1582 978 1662 Epis-caporum

191 1691 236 1750 vei
255 1689 499 1768 Presbyterorum
524 1684 734 1757 cardinalium,
748 1685 824 1743 sicut
843 1681 872 1740 lo
885 1680 978 1741 Missis

190 1788 253 1850 tisri
269 1791 351 1859 solet,
365 1787 414 1848 sed
433 1787 490 1848 duo
511 1786 631 1846 Diaeoni
649 1785 809 1846 assistemus
826 1784 978 1863 praedicti,

190 1890 308 1951 detectis
328 1888 488 1967 capitibus,
511 1887 677 1947 miscentem
697 1884 874 1963 adjuvabant
886 1905 902 1958 ς·
918 1886 979 1945 ioto

190 1987 328 2050 Pantibce
340 2031 350 2061 ,
374 1987 522 2067 praedicto
542 1987 649 2048 ordine
673 1985 823 2048 redierunt
842 1985 878 2043 ad
908 2003 977 2046 ere-

191 2090 335 2163 dentiam3
357 2089 506 2173 conductis
526 2102 624 2151 autem
648 2086 802 2168 praedictis
819 2102 921 2165 usque
939 2088 977 2147 ad

189 2193 252 2252 sotii
273 2191 368 2270 Papae
387 2189 508 2269 gradus,
529 2189 656 2270 acceptis
674 2206 788 2249 mecum
804 2186 918 2247 daubus
938 2185 977 2246 fi·

120 2337 123 2342 .
147 2290 148 2293 ’
189 2292 234 2352 iiis
253 2291 443 2354 sarcientibus
464 2304 627 2363 armorum,
648 2289 771 2350 conduxi
796 2287 832 2347 ad
855 2286 978 2348 creden-

189 2395 257 2453 tiam
276 2393 373 2472 Papae
385 2403 527 2452 secrotam
545 2391 625 2450 ilius.
645 2388 681 2450 D.
700 2391 858 2451 Antonium
872 2391 976 2450 ducem

188 2483 737 2563 amalfitanum‚tt1t.ntt.csrttnstis
758 2491 888 2553 Senensis
905 2509 977 2571 ger·

190 2611 323 2664 manum,
344 2593 432 2652 alium
454 2611 488 2654 ex
508 2593 675 2657 oratoribus
690 2591 776 2672 iiegis
798 2591 977 2671 Neapolitani

181 2692 356 2773 supradicti,
372 2696 418 2754 cui
435 2694 634 2772 consignatum
654 2692 708 2754 luit
726 2694 854 2773 primurn
876 2694 978 2755 lereu·

189 2796 250 2856 lum
261 2792 395 2855 Pontifici
406 2794 581 2875 portandum
594 2796 694 2856 in-una
711 2794 888 2855 convertenti
897 2808 978 2854 ,con-

188 2894 318 2967 iecterla,
333 2894 468 2975 asappuia
485 2895 595 2956 sericea
609 2895 689 2975 prius
702 2893 753 2953 sibi
771 2895 852 2954 circa
867 2894 976 2955 collum

190 2994 330 3074 imposita.
350 2996 398 3067 is,
410 2995 466 3055 boc
486 2994 727 3056 ordine-accessit
745 2994 782 3054 ad
800 2992 975 3056 Pomiticem.

189 3092 403 3156 Praecedebam
428 3095 487 3154 duo
518 3098 675 3160 servientes
695 3112 856 3156 armorum.
890 3095 977 3175 Ego,

189 3195 326 3275 Magister
346 3196 474 3270 domas,
498 3193 547 3273 qui
576 3195 699 3256 tamtad
728 3196 861 3259 lotionem
888 3214 977 3274 quam

189 3295 237 3356 itte
253 3308 282 3357 et
305 3296 537 3374 insequentibus
558 3296 670 3357 actibus
692 3313 748 3356 noo
769 3296 889 3356 excessit
905 3316 979 3376 gra·

174 3395 244 3454 *tius
260 3397 336 3467 solii,
351 3396 399 3456 sed
413 3395 517 3458 ibidem
533 3416 562 3458 se
584 3394 643 3457 duit
662 3396 806 3475 usquead
822 3397 978 3458 discessum

190 3497 376 3558 servientium
404 3497 439 3559 de
469 3497 559 3571 solio,
586 3515 653 3558 cum
682 3498 787 3576 quibus
813 3498 977 3558 iterumad

191 3596 364 3658 credentiam
375 3595 470 3658 rediit.
480 3597 652 3676 Magistrum
667 3596 769 3656 domus
783 3596 976 3675 sequebantur

191 3697 250 3759 duo
271 3696 424 3759 Auditorea
436 3741 445 3770 ,
459 3693 576 3777 primus
597 3699 658 3757 sine
679 3698 812 3768 mamili,
835 3698 977 3759 secundus

191 3808 259 3861 tum
273 3797 382 3859 mamili
392 3820 403 3871 3
423 3796 564 3857 Sebuinus
583 3796 680 3876 Papae
699 3798 864 3877 praedictus
883 3799 977 3859 tereos

189 3900 358 3972 ferculum3
373 3901 466 3959 seiam
486 3897 623 3977 Magister
644 3899 767 3979 iiospitii
783 3901 887 3959 mansit
900 3899 977 3979 apud

191 4001 379 4072 credentiam,
400 4000 456 4059 boc
473 4009 517 4058 est
538 4016 653 4060 manere
674 3999 781 4060 debuit.
804 3998 863 4060 Sed
883 4018 977 4078 neque

191 4100 447 4177 sensissemque
464 4098 601 4178 Magister
616 4099 736 4178 iiospitii
752 4101 907 4160 solitumet
924 4100 978 4163 de·

192 4199 284 4259 bitum
303 4198 435 4259 ordinem
456 4211 621 4271 serrarum,
643 4200 692 4260 sed
705 4217 806 4259 omnes
820 4202 977 4262 servientes

192 4311 250 4359 tam
271 4299 307 4360 de
323 4300 453 4369 ferculis,
464 4317 550 4377 quam
562 4300 597 4360 de
608 4300 731 4380 potibus,
748 4301 823 4361 inter
844 4319 874 4362 se
895 4316 976 4362 amo·

191 4402 320 4472 ciarum,
337 4411 365 4458 et
387 4398 557 4458 male.‘Cum
576 4400 723 4478 praelatus
746 4398 813 4460 Dttx
829 4414 903 4462 esset
922 4419 977 4463 co-

193 4519 257 4560 ram
272 4497 410 4559 Pontibee
423 4540 432 4570 ,
447 4497 546 4557 datum
566 4500 622 4562 suit
642 4501 694 4561 sibi
711 4519 745 4561 cx
763 4503 902 4581 portatis,
923 4523 975 4583 per

191 4600 373 4662 Cordiuaiem
400 4599 558 4660 Seneosem
586 4619 641 4679 pro
662 4602 732 4663 roba
750 4604 810 4665 sive
832 4605 976 4665 credentia

191 4700 330 4773 iacienda,
346 4717 436 4778 quam
454 4699 620 4778 genuflexus
639 4703 723 4777 iecit,
744 4705 843 4781 sicque
866 4704 975 4764 tamdiu

191 4802 396 4864 consectarium
416 4803 530 4874 tenuit,
551 4819 702 4881 quousque
722 4804 851 4887 Pontifex
872 4805 908 4865 de
927 4806 975 4866 ilia

191 4904 259 4964 satis
279 4903 449 4965 comedisset
465 4905 526 4963 sive
546 4903 583 4962 ad
605 4904 780 4965 volantatem
801 4912 893 4965 suam.
912 4905 976 4985 iigo

190 5007 407 5087 quamprimum
428 5005 502 5067 idem
524 5004 590 5066 Dur
610 5025 710 5067 coram
731 5005 871 5068 Pomiiice
888 5009 975 5082 venit,

190 5108 313 5169 conduxi
328 5126 394 5169 cum
409 5093 476 5167 aliis¹
486 5108 598 5169 duobus
618 5107 807 5169 servientibus
824 5126 975 5169 armerum

192 5209 226 5270 il.
248 5208 284 5269 D.
304 5209 512 5289 Masquardum
529 5203 687 5288 brisaquer
709 5218 853 5270 rectorem
875 5221 903 5270 et
918 5212 975 5269 mi·

191 5310 280 5384 litem,
301 5311 480 5390 imperialem
501 5304 670 5381 Oratorem,
682 5321 711 5370 et
725 5309 798 5370 datos
812 5310 882 5371 alios
894 5307 975 5372 Ora·-

1044 893 1108 942 ctus
1125 881 1271 944 ferculum
1293 889 1431 963 portarit,
1449 900 1479 950 st
1498 906 1556 950 non
1577 893 1694 953 recessit
1705 893 1741 953 de
1764 912 1830 954 cre-

1043 981 1151 1055 dentia,
1166 984 1220 1043 nisi
1241 995 1392 1062 postquam
1407 987 1473 1048 Dux
1493 988 1529 1048 ati
1547 990 1636 1071 ipsam
1652 992 1827 1055 credentiam

1043 1083 1079 1145 da
1097 1082 1238 1147 Pontibus
1256 1085 1403 1146 tediisssts
1426 1087 1482 1148 boc
1499 1090 1601 1152 ordine
1620 1103 1751 1169 quatuor
1768 1093 1830 1152 ier-

1044 1184 1110 1244 eula
1122 1183 1242 1245 suerum
1261 1187 1424 1248 smcemire
1432 1186 1565 1250 Pontifici
1583 1202 1711 1269 portata,
1723 1203 1755 1252 et
1769 1204 1830 1272 post

1044 1281 1192 1360 quodlibet
1210 1284 1356 1346 ferculum
1380 1287 1457 1348 alius
1482 1286 1662 1370 potus'rini.
1697 1291 1830 1352 Primum

1043 1383 1210 1455 ferculum,
1242 1386 1322 1463 quod
1351 1400 1415 1448 erat
1448 1389 1627 1468 pinoocbiati·
1653 1390 1780 1452 indurati
1803 1404 1830 1454 et

1045 1483 1216 1560 inargentati
1234 1503 1302 1545 cum
1323 1505 1416 1565 perro
1437 1489 1542 1559 vexillo
1562 1488 1712 1551 Pontificis
1732 1504 1830 1552 erecto

1044 1581 1074 1642 in
1092 1583 1196 1657 medio,
1215 1585 1239 1643 si
1260 1595 1342 1646 recte
1357 1588 1490 1658 memini,
1507 1591 1637 1667 portavit
1653 1590 1748 1650 illast.
1769 1591 1831 1652 Do·

1044 1683 1138 1742 minus
1148 1682 1213 1742 Dux
1224 1682 1674 1769 AmalfiteusisPrimampetam
1685 1690 1744 1752 sini
1758 1708 1830 1772 por·

1043 1783 1117 1843 tavit
1136 1782 1283 1844 Dominus
1314 1786 1507 1865 Masquardus
1524 1787 1830 1872 Oratorssiraperiaiis

1044 1882 1210 1945 &eandum
1230 1885 1460 1961 tmuiumserut
1480 1887 1634 1951 coriandri
1670 1893 1770 1972 magni
1802 1904 1830 1953 et

1036 1985 1161 2062 grossi,
1181 1984 1407 2063 quodpertasit
1426 1986 1532 2049 Comes
1553 1989 1695 2069 Mecoaoij
1720 1990 1831 2056 Orator

1043 2084 1132 2164 Regis
1152 2083 1340 2164 Neapolitani.
1375 2085 1541 2149 &cundum
1571 2102 1671 2170 potum
1703 2096 1831 2174 porterit

1043 2185 1183 2247 Dominus
1197 2185 1322 2247 Senator
1341 2186 1438 2249 Urbis.
1454 2189 1586 2251 Tertium
1606 2193 1755 2255 tercaium
1768 2207 1830 2256 erat

1044 2287 1230 2348 comestionis
1245 2289 1358 2361 mixtae,
1373 2290 1451 2367 quod
1470 2292 1725 2370 portaritOomes
1744 2295 1831 2357 Mott-

1044 2399 1146 2468 tagoae
1172 2389 1259 2449 etiam
1278 2386 1388 2450 Orator
1404 2389 1493 2471 iiegis
1510 2393 1678 2473 sopradicti.
1697 2394 1830 2456 Tertiam

1043 2499 1145 2568 potum
1179 2489 1313 2569 portarit
1340 2482 1485 2553 Doudous
1516 2493 1633 2564 Plotius
1666 2495 1829 2560 Dnverreia

1050 2591 1132 2652 miles
1163 2589 1272 2651 ordinis
1306 2588 1340 2650 S.
1379 2590 1517 2653 lobannis
1531 2598 1533 2623 ³
1547 2592 1829 2675 iiisrosoiymltsni,

1043 2688 1155 2751 Orator
1176 2688 1263 2770 Regis
1278 2692 1432 2772 Ungariae.
1444 2691 1592 2762 Quartum
1606 2694 1752 2766 ferculum
1768 2708 1831 2758 erat

1043 2789 1204 2863 Ciaidones,
1226 2792 1304 2869 quoti
1318 2794 1448 2872 portarit
1474 2792 1509 2852 D.
1528 2791 1710 2874 beooerdos.
1728 2797 1831 2858 doctor

1043 2902 1071 2952 et
1093 2892 1189 2964 miles,
1199 2889 1311 2955 Orator
1325 2895 1374 2955 itt
1385 2894 1475 2955 Ducis
1488 2895 1712 2958 Mediolanenses.
1732 2895 1831 2967 Ostur·

1044 3002 1107 3051 turn
1132 3001 1244 3072 potum,
1257 2994 1336 3072 qaod
1353 3007 1417 3056 erat
1431 3013 1466 3055 ex
1483 3007 1635 3076 ypocrste,
1649 2999 1780 3076 portarit
1797 2997 1831 3057 D.

1044 3094 1184 3155 Antonius
1206 3091 1317 3154 Orato'r
1338 3094 1532 3156 Pioreminus.
1574 3123 1576 3128 η
1665 3136 1667 3144 ι
1708 3136 1711 3146 .
1829 3107 1830 3115 ’

1085 3193 1244 3272 Postquam
1267 3205 1407 3273 quartum
1433 3206 1540 3275 potum
1558 3193 1690 3256 Pontifici
1717 3201 1832 3275 portans

1043 3295 1149 3355 solium
1169 3293 1353 3368 ascendisset,
1371 3295 1476 3356 vocari
1493 3295 1530 3354 ad
1548 3294 1725 3357 credentiam
1745 3316 1832 3377 prae·

1044 3394 1369 3455 dictamcubicuiarios
1387 3393 1736 3476 Papas,'ubi,‘singalis
1766 3403 1832 3457 cust

1043 3495 1104 3554 suis
1123 3495 1289 3574 cappucuiis
1308 3495 1345 3554 ad
1377 3496 1487 3573 collum
1510 3480 1672 3570 stantibus,
1701 3498 1831 3577 imposita

1044 3593 1100 3655 luit
1121 3594 1258 3673 mappula
1279 3595 1385 3656 munda
1407 3596 1443 3664 ad
1472 3597 1735 3671 bonoremtiiiius,
1765 3609 1831 3658 tan·

1045 3708 1108 3755 tum
1128 3695 1249 3774 demptis
1268 3697 1317 3774 qui
1334 3697 1558 3777 guardanappas
1575 3707 1640 3760 sote
1665 3698 1832 3760 Cardinalcs

1043 3813 1162 3856 serrare
1189 3794 1350 3868 debebant,
1371 3797 1502 3875 quisine
1524 3797 1667 3876 mappulis
1693 3798 1832 3859 sss-vtem

1043 3905 1137 3955 erant.
1163 3893 1356 3957 Descendente
1374 3915 1391 3955 a
1412 3895 1553 3958 ramnes
1571 3897 1607 3956 D.
1629 3897 1766 3971 ennon,
1784 3899 1832 3976 qai

1044 4007 1183 4074 quartum
1207 4007 1311 4075 potum
1334 3997 1486 4075 portarit,
1504 3996 1717 4058 descenderunt
1746 3997 1831 4058 etiam

1043 4096 1085 4157 ilii
1103 4096 1164 4156 dua
1181 4095 1303 4156 Dieuoui
1323 4096 1495 4171 &adimite
1512 4100 1695 4170 nostae,
1725 4099 1779 4177 qui
1798 4100 1833 4160 st

1043 4214 1146 4257 eoram
1164 4195 1311 4256 bancbom
1332 4197 1370 4256 ad
1388 4215 1440 4257 sua
1460 4199 1526 4258 ioca
1545 4209 1689 4260 venerum
1701 4210 1733 4259 et
1750 4201 1833 4262 sede·

1044 4309 1113 4358 runt
1133 4306 1242 4358 omnes.

1084 4399 1215 4471 interim,
1231 4417 1300 4459 curn
1315 4399 1392 4479 Papa
1412 4401 1595 4472 collationem
1614 4401 1722 4464 iaceret
1737 4415 1771 4464 et
1787 4403 1834 4462 hi·

1043 4498 1137 4572 beret,
1155 4499 1445 4573 Cardinaiesotuues,
1457 4512 1486 4561 et
1504 4502 1638 4580 praelati,
1649 4503 1746 4563 etalii
1754 4520 1834 4563 *eon-

1042 4598 1166 4669 stabam,
1186 4597 1237 4658 sed
1258 4599 1367 4659 inanis
1391 4601 1463 4661 locis
1481 4600 1557 4662 berni
1575 4602 1727 4677 sedebant,
1749 4605 1834 4665 tieta-

1042 4699 1098 4778 ptis
1117 4700 1187 4760 solis
1215 4700 1408 4763 asserentibus
1438 4702 1623 4783 supradictis,
1645 4704 1696 4783 qui
1715 4704 1833 4767 detectis

1042 4800 1183 4880 capitibus
1201 4811 1308 4862 stantes
1327 4803 1498 4864 serviebant.

1082 4901 1285 4962 Cardioatibus
1302 4904 1434 4965 omuibus
1452 4907 1680 4978 eomedsmibas,
1699 4893 1849 4967 ‘seme‘

1042 5014 1110 5064 rum
1131 5004 1261 5082 quinque
1284 5005 1458 5067 cubicularii
1479 5025 1547 5068 cum
1568 5004 1680 5069 duabus
1699 5008 1834 5088 guarda·

1042 5104 1141 5184 nappis
1166 5105 1286 5184 longis,
1302 5124 1428 5185 marum
1450 5124 1539 5169 anam
1569 5109 1752 5189 longiorem,
1774 5107 1834 5172 tres

1041 5207 1170 5286 ipsorum
1191 5218 1258 5268 ame
1278 5207 1436 5290 Episcopus
1463 5221 1493 5272 et
1514 5210 1704 5292 Presbyteros
1722 5212 1835 5275 Cardi-

1041 5311 1147 5371 naicsa
1166 5312 1262 5390 primo
1289 5312 1325 5372 ati
1345 5313 1480 5377 ultimum
1501 5325 1644 5378 muntem
1657 5315 1834 5376 ‘servabant
