3780 6030
26 268 141 353 arua)

65 399 304 477 Feria'sccuuda,
316 402 345 461 A.
360 401 488 464 octobris
505 402 594 463 lectae
616 401 735 463 luerunt
749 417 821 462 con·

24 507 190 567 stitutioues
211 502 303 564 Rotae
325 503 353 561 in
373 521 448 563 nora
467 502 610 565 audientia
641 501 717 581 apud
742 501 822 562 basi·

26 607 112 666 licam
136 603 236 665 Sancti
258 603 348 665 Petri.
367 602 481 664 Domini
503 602 656 664 Auditores
677 602 779 673 llatae,
795 612 824 664 et

27 707 225 765 locatenentes
246 713 465 781 resumpserunt
484 721 601 763 causant
620 713 650 763 et
669 720 779 762 causus.

64 803 157 865 Faria
184 803 282 873 tertia,
303 802 332 862 3.
353 803 481 865 octobris
514 805 593 865 circa
616 802 718 863 boram
746 818 822 864 xxti.

28 901 229 963 veneruntad
250 901 361 962 Urbem
382 901 417 961 D.
440 902 556 963 Branda
586 903 620 963 de
649 900 822 981 castiglione

25 1000 181 1080 episcopus
199 1000 347 1062 Curianus
368 1002 403 1063 de
424 1002 562 1074 Triultio,
578 1015 607 1065 et
628 1002 823 1064 cuitus-tn·

25 1102 124 1160 tonius
144 1101 360 1173 Arcimboldus‚
375 1099 516 1164 Oratores
538 1105 582 1164 lll.
604 1102 695 1164 Ducis
710 1102 823 1163 llcdio·

27 1199 98 1266 lani,
111 1199 228 1277 quibus,
239 1200 275 1260 ad
292 1201 454 1262 instantiam
466 1213 494 1263 et
506 1221 606 1282 preces
622 1203 695 1265 Rer.
709 1202 824 1263 Domini

26 1299 192 1360 Cardinalis
214 1301 353 1372 Ascanii,
381 1314 522 1364 venerunt
541 1304 658 1364 obviam
684 1303 823 1379 aliquae,

28 1417 140 1476 panem
163 1410 277 1472 tamen,
298 1400 420 1462 familiae
440 1403 607 1480 aliquorum
629 1402 666 1462 ll.
688 1402 724 1463 D.
746 1401 824 1463 Car-

27 1500 180 1571 dinalium,
196 1518 269 1578 qnae
289 1518 380 1578 usqne
395 1501 431 1561 ad
446 1501 601 1582 hospitium
620 1521 723 1565 eorum
740 1522 823 1565 more

27 1598 115 1679 solito
134 1617 184 1659 eos
204 1601 396 1665 associarunt.

67 1697 157 1759 Feria
180 1698 276 1769 tertia,
299 1697 348 1758 tu.
370 1699 474 1761 mensis
494 1700 631 1773 octobris,
650 1712 715 1782 past
731 1720 823 1781 prau-

28 1797 122 1868 dium,
144 1798 221 1857 stanit
242 1796 278 1856 ad
299 1797 410 1863 Urbem
425 1798 461 1857 ll.
483 1799 516 1859 P.
539 1799 574 1860 D.
594 1802 744 1879 episcopus
759 1800 824 1859 Pu·

27 1883 331 1968 aeramnau'raa·
345 1895 617 1978 aerarnmaruaga
633 1898 823 1979 Neapolitani,

28 1999 77 2074 qui
98 1997 138 2056 ab
159 1997 302 2074 aliquibus
321 1998 436 2059 lanriliis
457 1997 666 2072 cardinalium,
687 2000 823 2078 partica·

29 2098 141 2158 laribus
151 2097 262 2169 amicis,
274 2107 408 2176 receptus
421 2098 486 2170 suit,
498 2110 527 2161 et
542 2116 633 2176 usqne
651 2098 692 2157 ad
704 2098 824 2160 domum

29 2197 215 2257 habitationis
235 2215 316 2268 snae,
339 2208 372 2257 ut
393 2198 483 2258 moris
500 2209 554 2271 est,
574 2199 741 2259 associatus.

67 2296 180 2357 Eadem
193 2296 237 2356 die
254 2297 366 2357 novitas
380 2297 455 2358 iacta
476 2309 519 2360 ast
538 2298 566 2358 iu
588 2298 706 2358 civitate
727 2298 823 2374 Aqui·

29 2397 156 2467 lenense,
168 2413 256 2472 quam
272 2395 334 2459 llcx
346 2396 547 2458 Ferdinandus
561 2397 615 2457 sub
629 2415 680 2457 sua
696 2398 823 2460 dictione

29 2494 187 2567 rehabuit,
208 2513 282 2572 quae
302 2495 385 2573 prius
404 2495 554 2558 Ecclesiae
574 2517 604 2558 sc
628 2498 802 2560 submiserat
812 2520 823 2571 ;

29 2606 56 2655 et
76 2594 247 2656 interiectus
278 2606 321 2656 est
347 2595 382 2654 D.
404 2596 591 2676 Vespasianus
611 2597 647 2657 dc
674 2597 824 2676 Gaglioilis

29 2693 253 2757 erebidiacouus
268 2693 454 2771 Aquilerasis,
467 2696 540 2757 sedis
554 2698 736 2776 Apostolicae
751 2715 824 2776 pro·

30 2794 224 2866 monatarius,
245 2807 333 2874 caput
353 2797 438 2857 unius
459 2799 571 2875 pertis,
594 2816 661 2858 cum
691 2797 825 2876 pluribus

31 2894 213 2972 eeguacibuis
250 2895 331 2967 suis,
358 2909 445 2975 prout
477 2898 606 2974 sequenti
637 2895 681 2956 dle
715 2895 824 2958 Romae

32 3005 165 3073 receptae
185 2994 286 3056 literae
307 2994 470 3056 docuerunt
491 2993 550 3078 (l).

67 3094 213 3166 Sabbata,
227 3095 278 3156 28.
298 3095 400 3157 mensis
421 3097 559 3170 octobris,
582 3107 724 3159 venerunt
742 3090 824 3156 Dra-

29 3271 164 3321 Boemiam
182 3277 352 3333 pervagante,
370 3273 444 3322 uberi
463 3275 593 3336 religionis
612 3274 698 3323 iructu
717 3273 821 3321 labora·

28 3355 71 3401 rit.
103 3350 142 3399 Ex
161 3350 277 3399 Albieasi
302 3352 455 3413 episcopatu
473 3353 506 3401 ad
523 3353 675 3415 Agriensum
693 3354 718 3401 in
741 3352 823 3400 'l'rau-

25 3429 151 3486 ailvauia,
168 3427 260 3477 blatbla
273 3426 432 3491 Dagarorum
451 3431 518 3492 lisga
536 3435 651 3492 rogante,
669 3443 735 3478 auno
754 3431 823 3480 1475.

25 3508 159 3557 tractatus
175 3510 238 3563 cst,
255 3510 281 3555 et
298 3509 367 3557 illi.
384 3506 529 3557 Cardiualis
554 3508 723 3557 renunciatus
747 3519 761 3555 a
778 3507 820 3555 Si·

25 3590 73 3633 xto
93 3583 134 3642 lV,
153 3584 223 3632 illico
239 3583 354 3645 Legatus
372 3599 386 3633 a
404 3586 486 3634 latare
505 3587 530 3633 in
553 3587 639 3647 llegno
656 3585 825 3647 Neapolitano

25 3663 184 3725 designatus
206 3666 264 3718 est,
281 3667 306 3711 et
325 3676 431 3712 munera
458 3665 651 3726 quamplurima
677 3664 753 3713 laude
771 3677 823 3714 ex·

25 3743 121 3801 plevit.
140 3765 173 3778 -
188 3741 324 3800 ilungarici
342 3742 459 3790 historici
477 3743 548 3791 illum
565 3743 598 3791 de
616 3742 771 3799 ambitione,
789 3747 815 3791 ct

25 3822 58 3870 dc
77 3822 151 3869 testo
168 3819 260 3868 verbis
277 3820 440 3880 gravissimis
465 3820 643 3882 increparuat.
664 3820 711 3868 Per
736 3831 822 3869 annos

25 3899 199 3961 septuaginta
215 3910 297 3959 genus
313 3910 389 3947 suum
406 3898 527 3948 omuibus
545 3900 657 3957 reticuit,
674 3898 757 3947 donec
773 3896 820 3944 Bn-

25 3980 125 4026 noaiae
155 3977 181 4024 in
208 3975 340 4027 Nicolaum
358 3979 518 4040 liangcainm
535 3977 672 4034 incidens,
697 3976 767 4024 illuni
791 3987 823 4023 ex

25 4055 188 4118 improviso,
206 4056 295 4115 utpote
313 4053 421 4104 fratrem
440 4056 570 4113 salutavit,
584 4059 609 4102 el
627 4054 764 4115 amplexus
777 4057 815 4101 est

25 4133 101 4184 llaec
118 4133 176 4182 iere
194 4144 285 4181 omnes
303 4135 414 4181 vitarum
432 4131 612 4182 cardinalium
630 4136 760 4180 auctores·

67 4213 121 4264 Sed
138 4211 225 4272 Scipio
241 4211 323 4262 llailai
340 4212 457 4271 <Vacua
478 4212 615 4267 illustrato,
631 4214 699 4271 part.
714 4209 745 4260 ll.
762 4220 823 4269 pop,

27 4291 107 4349 ιιι.)
134 4291 313 4340 narrationem
341 4293 432 4351 utpote
457 4290 601 4339 fabulosam
628 4287 767 4349 repudiat,
796 4290 823 4335 et

26 4367 178 4432 Waddiago
199 4368 233 4416 ob
250 4367 430 4416 credulitatem
450 4367 551 4416 irridet.
567 4366 597 4415 El
624 4368 696 4413 corle
720 4368 759 4413 est
784 4365 824 4411 iu·

27 4446 159 4495 credibile
187 4443 335 4494 Pontificem
353 4445 385 4493 ad
402 4445 595 4494 cardinalatum
622 4442 750 4495 extulisse
779 4441 823 4489 bo·

29 4523 129 4571 minem
146 4523 224 4582 culus
241 4522 411 4583 ignorabatur
427 4523 502 4584 origo
519 4526 545 4571 et
560 4522 667 4571 tamilla.

71 4603 169 4652 Frater
184 4602 325 4650 casimirus
342 4600 374 4649 dc
391 4601 482 4659 Roma,
499 4604 592 4655 auctor
616 4600 705 4661 operis
728 4598 824 4649 Demo·

29 4681 84 4732 eisc
104 4678 225 4729 latoricdc
247 4679 312 4732 della
333 4677 422 4728 Giiem
443 4692 455 4728 c
479 4681 600 4729 conuento
621 4679 647 4727 di
676 4677 773 4727 Aroceli
798 4678 825 4726 di

33 4760 120 4818 Roma,
134 4771 195 4820 pap·
212 4760 266 4809 did.
284 4760 347 4817 ιιι,
360 4769 465 4805 errores
483 4758 545 4806 alios
562 4756 700 4819 Waddingi
718 4762 743 4806 et
760 4758 822 4805 alio·

34 4852 90 4888 rum
119 4836 242 4887 emendat
260 4837 293 4885 dc
310 4839 387 4896 bajus
405 4835 454 4884 riri
473 4839 525 4885 vita
544 4841 570 4885 et
594 4837 756 4889 muneribus,
775 4837 823 4885 sed

34 4918 66 4966 da
83 4918 220 4965 historiola
236 4916 354 4977 originis,
367 4919 394 4964 ct
405 4915 439 4964 de
455 4916 559 4977 generis
576 4920 602 4964 et
620 4916 731 4965 familiae
749 4916 823 4965 tarda

37 4995 246 5044 maniieslationc
273 5000 368 5044 cuncta
394 4995 500 5054 penitus
527 4995 666 5045 cantitetur
695 4997 825 5056 ignorare.

37 5075 185 5133 Postremo,
200 5075 364 5126 Ttaaxoscat
385 5072 504 5125 scrittori
520 5075 650 5123 modcuesi
666 5076 728 5123 tom.
744 5075 780 5123 tv.
796 5085 821 5134 p.

39 5154 89 5205 tus.
100 5153 154 5203 aaa.
172 5156 227 5204 295.
246 5152 352 5201 notitias
370 5165 462 5201 omnes
475 5152 508 5201 de
519 5151 598 5201 Card.
612 5161 638 5202 et
650 5153 707 5213 eJ'us
725 5150 821 5200 familia

43 5233 154 5282 collexit.

77 5316 113 5369 ιι)
122 5311 174 5362 vid.
193 5313 307 5375 append.
318 5314 386 5364 circa
399 5312 615 5365 insurrectionem
629 5309 806 5373 scantianam.

505 262 785 327 ruurtrtctrus
807 263 1029 328 inuocauit!
1046 262 1197 327 OCTAVl.
1648 267 1687 327 tu
1775 212 1776 215 ¹

893 412 971 463 tores
994 400 1082 480 Regis
1102 400 1298 473 Francorum,
1319 412 1347 464 et
1368 401 1430 462 DD.
1453 403 1687 464 Florentinorr'nu

892 501 929 559 ad
960 500 1092 572 Urbem,
1126 499 1177 576 qui
1209 518 1225 558 a
1256 502 1481 579 particularibus
1517 501 1686 580 qaribnsdam

893 600 992 660 suricis
1009 599 1116 678 recepti
1134 597 1303 671 succenset
1322 618 1415 677 usque
1435 600 1471 660 ad
1490 600 1609 662 domum
1630 601 1687 661 bo·

892 699 967 779 spitii
985 700 1041 772 sui,
1055 709 1087 758 nt
1103 700 1193 759 moris
1208 709 1263 773 est,
1279 700 1419 761 associati.
1443 699 1550 761 Eadem
1568 702 1613 762 die
1629 701 1684 762 SS.

893 798 928 858 D.
948 797 982 857 N.
1002 799 1127 876 signarit
1159 798 1290 858 rotulam
1311 800 1580 877 emaciatitarum‚
1614 818 1681 860 cum

893 898 1102 978 praerogativis
1121 915 1176 977 pro
1196 899 1400 971 conclavistis3
1422 917 1507 975 quem
1529 911 1623 960 tamen
1646 899 1681 959 R.

893 997 926 1058 P.
947 998 982 1059 D.
1007 999 1157 1077 episcopus
1180 996 1329 1058 Auriensis
1348 1041 1355 1070 ,
1374 998 1532 1071 Datames,
1551 1000 1686 1079 pluribus

892 1098 991 1160 dicbus
1010 1098 1050 1158 sic
1071 1099 1218 1176 signatum
1237 1097 1314 1175 apud
1328 1116 1362 1158 >se
1383 1098 1514 1159 retinuit.
1701 1166 1708 1176 ,

934 1197 1061 1258 Sabbata
1082 1198 1111 1257 l.
1135 1195 1301 1259 novembris
1323 1198 1401 1258 circa
1421 1197 1525 1258 boram
1540 1215 1594 1261 xv.
1614 1219 1687 1280 por·

894 1309 984 1360 tatum
1003 1300 1059 1358 luit
1076 1316 1185 1378 corpus
1207 1297 1253 1358 bo.
1280 1317 1336 1361 me.
1362 1298 1397 1358 D.
1415 1297 1513 1360 bracae
1531 1298 1603 1361 Leni
1628 1321 1682 1362 ro·
1783 1344 1786 1350 -

894 1402 982 1470 mani,
1003 1398 1141 1460 Camerac
1164 1398 1344 1478 Apostolicae
1365 1399 1482 1472 clerici,
1499 1417 1534 1458 ac
1555 1400 1684 1479 ipsorum

893 1500 1070 1560 clericorum
1094 1498 1220 1572 decani,
1240 1498 1289 1576 qui
1309 1499 1373 1560 beri
1393 1498 1472 1560 circa
1500 1497 1604 1560 boram
1634 1520 1686 1561 re·

892 1619 1046 1680 sparorum
1069 1599 1145 1661 diem
1164 1600 1267 1660 clausit
1288 1610 1463 1673 extremum,
1481 1600 1518 1660 ad
1536 1599 1685 1661 ecclesiam

891 1700 1120 1780 parroechialem
1141 1710 1199 1760 etc.

932 1801 1017 1862 Feria
1033 1810 1148 1878 quarta,
1163 1801 1192 1860 8.
1211 1801 1313 1861 mansis
1324 1799 1501 1872 novembris,
1515 1799 1570 1860 luit
1583 1798 1682 1878 primu

891 1901 1032 1980 expeditio
1048 1903 1215 1978 gratiarum
1237 1900 1495 1978 expectatirernm,
1509 1910 1538 1959 et
1552 1899 1608 1958 luit
1626 1909 1685 1958 tota

891 2002 1030 2081 expeditio
1052 2020 1107 2081 pro
1126 1999 1317 2060 lentiliaribus
1340 2000 1435 2080 Papae
1459 2010 1588 2071 tantum,
1611 2018 1687 2078 qua·

893 2121 960 2162 rum
983 2120 1123 2162 numerus
1149 2100 1206 2161 luit
1227 2117 1270 2161 rr.
1294 2101 1338 2161 vel
1366 2101 1469 2174 circa3
1490 2119 1557 2160 nam
1590 2099 1627 2160 ll.
1658 2102 1686 2159 iu

892 2202 1008 2265 Christo
1030 2202 1062 2260 P.
1094 2201 1131 2261 D.
1157 2199 1300 2261 lohannes
1320 2202 1470 2279 episcopus
1497 2199 1688 2261 Toruacensis

893 2302 995 2363 Palatii
1015 2299 1171 2381 Apostolici
1188 2297 1325 2376 Magister
1347 2297 1468 2370 Domus,
1487 2318 1504 2359 a
1526 2317 1621 2360 mense
1642 2301 1687 2360 ci·

893 2412 939 2462 tra
962 2403 1006 2462 rel
1029 2401 1108 2460 circa
1129 2443 1138 2470 ‚
1160 2398 1305 2459 ordinarit
1326 2397 1458 2459 rotulum
1476 2416 1532 2477 pro
1552 2399 1687 2459 omnibus

892 2498 1105 2569 familiaribus,
1124 2498 1174 2574 qui
1196 2497 1224 2555 in
1245 2486 1338 2575 prima
1360 2497 1538 2576 expeditione
1570 2495 1681 2573 hujrts·

893 2599 970 2660 modi
988 2598 1114 2678 expediri
1135 2597 1288 2668 deberent,
1306 2608 1335 2656 et
1359 2597 1422 2657 illos
1442 2598 1553 2658 monuit
1570 2609 1603 2657 ut
1620 2616 1686 2658 suas

893 2699 992 2759 literas
1012 2697 1259 2776 expectativarum
1281 2695 1370 2755 scribi
1400 2696 1528 2758 lacerent
1544 2696 1571 2756 in
1590 2696 1686 2757 forma

893 2807 922 2856 et
941 2796 1053 2857 duabus
1080 2793 1172 2854 literis
1194 2813 1245 2874 per
1268 2796 1471 2856 cancellariam
1498 2797 1685 2874 apostolicam

892 2896 1018 2976 expediri
1041 2895 1198 2966 consuetis,
1220 2905 1248 2953 et
1270 2895 1333 2954 illas
1353 2893 1516 2972 albinaque
1536 2895 1572 2955 ad
1587 2898 1686 2956 calen-

893 2995 943 3056 das
963 2993 1052 3071 hujus
1082 2995 1189 3054 mensis
1215 3005 1439 3073 praesentarent.
1464 2992 1544 3062 Duae
1573 2993 1686 3071 atridem

894 3098 993 3157 literae
1017 3094 1069 3154 sibi
1100 3095 1141 3155 sic
1165 3104 1380 3172 praesentatae,
1409 3112 1459 3172 per
1484 3111 1552 3154 eum
1586 3093 1687 3156 missac

874 3197 1011 3260 ¹luerunt
1031 3196 1066 3254 ad
1089 3195 1223 3255 calendas
1243 3194 1404 3272 praedictas
1426 3195 1500 3254 citra
1513 3193 1549 3254 ad
1568 3196 1686 3256 cancel·

893 3300 995 3359 larium
1017 3297 1213 3375 apostolicam.
1224 3295 1303 3355 Plora
1321 3311 1389 3367 xx„
1405 3297 1449 3355 rel
1466 3296 1555 3368 eirca,
1566 3297 1685 3374 singulis

891 3398 1083 3475 diebuspuria
1099 3397 1263 3456 literarum
1281 3440 1287 3454 .
1309 3439 1317 3452 .
1336 3440 1343 3453 .
1361 3395 1406 3455 rel
1422 3393 1514 3466 eirca,
1531 3394 1616 3454 missa
1632 3393 1687 3455 do·

894 3500 976 3558 minis
995 3495 1257 3556 Abbreviatoribus
1276 3494 1311 3556 dc
1334 3512 1423 3574 parco
1450 3491 1554 3570 majori
1580 3494 1685 3555 ibidem

893 3608 1046 3676 propterea
1066 3595 1229 3673 specialiter
1249 3593 1448 3672 congregatis,
1469 3604 1502 3653 ut
1523 3593 1587 3652 illas
1604 3592 1687 3653 vide·

894 3706 968 3767 rent,
989 3706 1018 3756 et
1037 3694 1218 3754 adiormam
1241 3692 1436 3754 cancellariae
1458 3692 1644 3763 reducerent,
1658 3704 1687 3753 et

893 3795 1011 3873 singulis
1033 3792 1147 3865 diebus,
1169 3791 1224 3851 nial
1244 3790 1338 3851 cidem
1358 3787 1397 3850 Μ.
1420 3791 1530 3851 Domus
1552 3794 1687 3853 remissae

892 3892 1010 3966 luerint,
1030 3902 1058 3953 et
1073 3891 1157 3952 bodie
1185 3908 1284 3952 ornnes
1303 3891 1441 3951 collectae
1462 3892 1546 3950 simul
1568 3892 1687 3970 expedi·

894 4008 940 4057 tae
963 4006 992 4054 et
1012 3993 1176 4072 plumbatae
1199 3990 1235 4049 ab
1257 3989 1331 4050 bore
1361 3988 1562 4068 expedictionis
1595 4007 1687 4067 usque

893 4095 930 4154 ad
948 4095 1051 4155 horam
1074 4093 1189 4153 tertiam
1212 4090 1306 4150 noctis
1334 4089 1376 4149 vel
1400 4091 1488 4148 circa.
1514 4089 1635 4149 interim
1656 4089 1686 4149 in

894 4194 1000 4272 prima,
1016 4190 1152 4261 secunda,
1164 4201 1191 4251 et
1215 4189 1299 4249 tertia
1320 4187 1397 4273 aulis
1415 4186 1516 4247 Palatii
1530 4187 1686 4265 Apostolici

894 4293 971 4372 apud
986 4293 1018 4352 S.
1040 4291 1177 4360 Petrum,
1197 4298 1390 4366 congregatus
1411 4298 1453 4348 est
1472 4288 1612 4348 maximus
1628 4306 1687 4349 nu·

896 4412 994 4454 ruerus
1015 4390 1181 4459 curialium,
1198 4386 1403 4467 expeditionem
1422 4388 1611 4467 praedictam,
1625 4390 1686 4450 sire

895 4510 1083 4574 processuum
1095 4490 1248 4550 decretum
1260 4489 1481 4567 expectantium.
1491 4489 1571 4550 liora
1589 4499 1687 4550 autam

896 4595 981 4654 tertia
997 4589 1143 4670 praedicta
1162 4587 1342 4657 adveniente,
1357 4587 1510 4649 exiverunt
1524 4587 1557 4647 de
1573 4604 1687 4647 canaera

896 4691 1046 4773 Papagalli
1065 4688 1137 4750 ller.
1154 4689 1180 4747 in
1192 4687 1310 4749 Christo
1331 4687 1432 4749 Patres
1452 4687 1564 4758 Domini
1581 4685 1615 4745 t..
1630 4704 1684 4744 ar-

895 4794 1092 4872 chiepiscopus
1122 4790 1361 4860 Beneventanus,
1394 4789 1428 4848 A.
1450 4786 1615 4855 Alcriensis,
1652 4783 1686 4844 t..

894 4891 1131 4974 caputaquensis,
1153 4889 1186 4949 A.
1208 4887 1440 4958 tiburtinensis,
1460 4887 1495 4944 A.
1516 4883 1687 4954 Auriensis,

896 4994 929 5054 la.
951 4990 1177 5071 Freguriensis,
1203 4990 1248 5048 lo.
1270 4984 1536 5054 Alexandriueusis,
1557 4982 1593 5044 Τ.
1614 4981 1692 5042 Exi·

895 5093 998 5163 nensis,
1018 5090 1052 5150 A.
1074 5087 1289 5158 Custodieusis,
1309 5095 1338 5145 et
1359 5083 1393 5143 A.
1415 5081 1602 5143 Pientiaensis
1625 5082 1691 5160 epi·

894 5193 986 5271 scopi,
1001 5202 1031 5251 et
1052 5189 1248 5267 Hieronymus
1269 5184 1414 5244 Dolbauus
1435 5182 1491 5243 SS.
1513 5182 1549 5242 D.
1572 5180 1607 5240 N.
1630 5181 1691 5242 Pa.

899 5311 951 5370 pue
970 5289 1154 5360 secretarius,
1166 5287 1307 5347 rescientes
1326 5284 1362 5344 nd
1380 5283 1503 5364 primaru
1519 5284 1615 5343 arulum
1633 5301 1686 5361 pa·
