3780 6030
42 249 155 338 ‹aa›

41 388 132 451 citato
144 389 213 452 albo
227 402 362 470 copertus
383 391 507 472 desuper
523 393 695 473 portabatur
713 393 835 454 balme-

39 489 162 551 chinum
180 510 233 570 per
254 492 333 554 cives
354 491 514 566 Romanos,
531 494 580 572 qui
594 513 651 555 xit.
671 495 834 570 vicibusse

41 602 208 665 mutarunt,
229 593 286 655 boc
305 604 349 654 est
368 595 443 656 alios
463 596 529 657 loco
549 598 671 660 alterius
695 599 834 677 portavit,

39 703 132 770 prout
152 704 182 754 ct
203 694 252 755 alii
272 694 308 754 ad
334 694 558 757 boidaccbinnm
584 698 681 779 Papae
706 688 834 778 deputati

38 791 196 853 iaciebant.
366 854 369 859 ,
607 864 610 873 ,
700 851 703 857 .

79 892 224 968 Section,
239 896 360 974 pluviali
379 898 448 962 albo
467 912 587 979 paratus
604 912 635 964 et
656 901 742 961 mitra
761 901 834 961 sioa-

37 992 117 1071 plici,
129 1013 240 1073 equnm
255 996 414 1060 buccacino
431 1000 509 1074 albo,
529 1003 590 1062 sive
607 1003 743 1081 rustagno
762 1019 833 1062 coo-

37 1097 158 1171 pertum
179 1095 234 1155 snb
260 1116 290 1157 se
310 1097 433 1172 babens,
454 1099 592 1162 baculum
613 1100 711 1163 album
735 1099 833 1180 longi·

37 1195 148 1255 tudinis
162 1198 281 1259 circiter
303 1210 429 1277 quatuor
444 1201 610 1280 palmorum
628 1220 717 1262 manu
732 1200 833 1262 dextra

38 1295 188 1373 portabat.
641 1340 642 1344 =

78 1395 210 1475 Baptista
227 1396 262 1457 de
281 1397 490 1461 annotasset
508 1400 671 1481 Stephanus
684 1401 832 1462 Francisci

37 1496 114 1557 cives
138 1496 278 1569 Romani,
300 1498 352 1575 qui
371 1500 437 1561 loco
464 1500 590 1561 duorum
617 1502 833 1582 praefectorum

37 1596 201 1669 navalium,
222 1597 273 1675 qui
291 1598 449 1682 antiquitus
468 1599 569 1660 baberi
588 1602 716 1662 solebant
731 1614 760 1663 et
776 1603 832 1664 boc

38 1707 170 1775 tempore
192 1713 249 1757 noo
264 1709 342 1771 suot,
356 1699 480 1761 ordinati
500 1701 616 1763 inerant
635 1701 749 1764 duobus
763 1704 832 1782 piu·

38 1798 243 1858 rialibusalbis
256 1799 359 1873 induti,
374 1813 528 1880 aperturas
540 1805 570 1862 io
586 1804 700 1883 spatula
715 1804 832 1866 dextera

38 1893 187 1970 babentes,
208 1917 277 1959 cum
298 1899 413 1962 birretis
434 1903 494 1962 suis
515 1903 657 1964 consuetis
664 1926 675 1979 ;
693 1903 748 1964 sub
762 1904 833 1983 plu·

37 1994 160 2057 cialibus
182 1999 269 2059 etiam
289 2017 358 2059 suas
380 2013 473 2062 vestes
495 2002 593 2074 solitas
616 2002 759 2065 habebant
774 2003 832 2065 bo-

37 2100 194 2170 norarias,
222 2109 316 2165 tameo
339 2100 426 2161 simul
448 2113 595 2180 equestres
612 2103 798 2165 incedebant.

75 2197 220 2260 Cantores
240 2201 388 2279 cappellae
410 2212 529 2263 nostrae
549 2204 759 2282 superpelliciis
784 2205 833 2265 in·

37 2297 110 2358 duti.
143 2328 184 2342 ·-
213 2298 372 2362 Secretarii
400 2312 429 2362 et
447 2302 589 2363 radrorati
619 2305 729 2365 mixtim
762 2320 831 2365 carm

35 2401 93 2459 suis
115 2399 304 2480 pluvialibus.
330 2434 371 2446 -
385 2402 530 2482 Acooiqti,
551 2402 656 2465 Clerici
678 2404 832 2478 Gamerae,

36 2500 192 2560 Auditores
210 2498 437 2573 Rotaeomnes
459 2503 488 2562 iu
510 2502 592 2563 albis.
612 2536 646 2548 —
666 2503 830 2566 Snbdiaco·

36 2619 88 2661 nus
111 2602 243 2673 latinns,
262 2601 410 2663 Diaconos
427 2615 456 2664 et
477 2603 680 2666 Snbdiaconus
707 2608 829 2686 graeci,

36 2703 127 2762 saeris
160 2701 290 2762 restibus
321 2702 435 2775 indoti,
462 2722 590 2782 quorum
622 2705 734 2766 medius
765 2719 832 2768 erat

35 2802 193 2871 Dipoenus,
211 2821 229 2863 a
249 2801 371 2865 dexteris
391 2801 454 2881 ejus
477 2806 594 2877 latinus,
616 2818 683 2871 eto
704 2807 830 2868 sinistris

36 2922 159 2982 graccus
195 2902 375 2966 subdiaconi.
406 2939 445 2949 -
473 2907 598 2969 abbam
631 2911 766 2971 forenses.
790 2942 827 2956 -

36 3001 179 3083 Episcopi.
197 3038 236 3050 -
260 3005 487 3086 trentqttsaopt.
511 3041 552 3055 -
571 3007 711 3089 Episcopi
734 3009 831 3088 Papae

36 3106 207 3166 assistemes.
222 3136 258 3149 -
272 3105 394 3166 nabatea
410 3106 507 3170 Urbis.
521 3142 560 3154 -
577 3107 774 3170 Patriarcboe.
789 3143 830 3157 -

36 3204 155 3275 Diaconi
166 3203 340 3266 Cardinaies.
355 3240 392 3250 -
410 3207 579 3288 Presbyteri
596 3209 772 3272 cardinales.
791 3247 827 3259 -

40 3305 174 3385 Episcopi
190 3305 368 3367 cardinales:

73 3407 143 3468 Duo
155 3407 274 3468 Diaconi
289 3407 457 3470 cardinales
468 3407 563 3489 Papae
574 3410 829 3481 assistentes‚inter

37 3527 108 3587 quos
125 3508 259 3568 dominus
279 3507 410 3570 Senensis
426 3509 516 3570 Prior
532 3530 647 3583 eorum,
661 3514 711 3590 qui
727 3511 830 3577 Eran-

36 3611 146 3687 gelium
165 3609 194 3668 in
216 3610 301 3668 missa
321 3608 442 3680 dixerat,
456 3610 567 3672 medios
587 3623 662 3683 erat,
678 3624 827 3692 postquam

37 3708 252 3787 processionem
280 3708 354 3769 bane
376 3707 530 3770 ordinavit.
556 3746 594 3758 -
624 3710 724 3791 Papa,
745 3710 829 3789 cujus

35 3828 144 3888 equum
165 3809 313 3870 ducebant
333 3810 457 3871 Senator
478 3823 506 3871 et
522 3811 752 3876 Conservatores
766 3815 828 3877 Ur·

36 3910 94 3985 bis,
117 3911 188 3989 quia
210 3911 274 3972 laici
294 3912 440 3991 digniores
460 3912 525 3991 ipsis
544 3932 601 3974 non
623 3915 829 3989 interfuerunt,

37 4013 89 4071 aab
111 4010 318 4081 boidaccbino,
340 4012 419 4089 quod
440 4015 518 4074 cires
533 4013 587 4072 llo.
608 4013 708 4094 Capita
728 4017 829 4094 regio·

36 4131 119 4186 unm,
138 4124 169 4173 et
190 4113 238 4172 alii
266 4113 424 4174 nobiliores
451 4115 539 4186 eires,
565 4117 615 4192 qui
642 4115 778 4180 continuo
800 4117 828 4176 in

37 4217 104 4276 satis
126 4214 247 4292 copioso
269 4233 392 4277 numero
418 4225 484 4275 ante
506 4215 614 4295 Papam
637 4217 829 4291 incedebant,

38 4332 128 4393 usqua
151 4314 188 4388 ad
211 4312 390 4375 Lateranum
411 4315 574 4393 portabant.

73 4417 112 4476 l).
127 4412 281 4495 Philippus
296 4414 330 4476 de
342 4416 497 4477 Canonicis
518 4417 714 4488 bononiensis,
735 4419 829 4478 scuti-

37 4517 76 4579 ier
106 4516 227 4595 Papae,
254 4526 283 4576 et
311 4517 521 4590 liorescalins,
543 4518 650 4580 Curiae
682 4518 827 4580 Soidanus

39 4629 236 4696 nurtcupatns,
253 4629 398 4704 equester,
413 4619 485 4679 duas
505 4621 668 4693 scarcellas,
686 4622 747 4681 sire
762 4639 829 4682 sao·

40 4738 86 4779 cos
109 4730 254 4791 monetae,
277 4719 410 4780 rtoettcet
438 4721 571 4795 carlenis‚
593 4720 732 4794 baiocltis,
753 4739 829 4800 qna·
871 4779 874 4785 ,

40 4821 147 4893 tronis,
169 4829 199 4879 et
220 4804 344 4879 denariis
372 4821 470 4900 plenos
491 4822 528 4881 ad
549 4823 649 4882 sellam
676 4825 743 4902 equi
764 4835 830 4884 ante

41 4940 66 4982 se
80 4920 201 4992 babens,
214 4920 350 5000 pecunias
367 4918 533 4998 hujusmodi
546 4923 574 4981 in
591 4924 661 4984 locis
678 4922 830 5002 depalatis,

42 5023 158 5095 statiis,
175 5021 226 5081 nbi
240 5024 454 5101 oppressionem
469 5023 593 5099 ridebat,
612 5025 721 5105 populo
736 5022 831 5104 proji-

46 5123 147 5183 ciebat.
195 5192 197 5198 y

84 5223 118 5285 t).
141 5225 283 5285 Antonius
310 5225 345 5285 de
362 5206 503 5298 Grauis,
524 5223 657 5286 Decnnns
678 5224 782 5296 Rotae,
803 5226 830 5285 in

49 5327 268 5406 superpellicio,
291 5326 432 5393 tobaleam
454 5324 490 5385 ad
513 5327 623 5388 colluto
652 5327 758 5388 babens
778 5345 832 5407 pro

516 253 1041 328 Ponuntctrnatnttoclttttn
1055 253 1210 320 octavi
1652 258 1692 318 il

902 392 990 454 mitra
1004 437 1013 466 ‚
1029 392 1152 459 *medias
1179 392 1253 454 inter
1281 391 1412 454 dominos
1438 390 1632 453 Laurentium
1659 392 1694 455 de

902 491 988 564 llari,
1003 493 1038 554 ed
1052 493 1263 572 Hieronymum
1279 493 1477 574 Caleqranntb
1492 505 1620 556 secrems
1635 512 1692 554 cu·

900 593 1058 656 biauiarios
1077 593 1182 673 Papae.

943 693 1031 756 Unus
1046 692 1177 755 cerrima
1195 709 1366 765 armornm,
1387 702 1540 770 equester,
1568 693 1690 754 umbra-

901 795 1003 855 culum
1024 805 1151 874 portans
1196 860 1198 865 ,

943 892 1204 968 vicecomemrins,
1227 893 1363 955 baculam
1395 894 1424 953 in
1451 876 1688 977 menaporum,

901 1004 934 1054 ut
955 991 1092 1054 Sacrista.
1462 1006 1466 1013 ’
1488 1054 1494 1067 .

942 1091 1066 1162 Quidam
1087 1094 1209 1171 praelati
1230 1111 1287 1153 non
1309 1092 1411 1172 parati.
1466 1147 1468 1153 .

941 1193 1160 1272 Protbonotarij
1183 1197 1212 1256 io
1233 1214 1337 1257 eorum
1359 1197 1464 1277 cappis.
1529 1221 1544 1240 ,.

940 1295 1064 1356 Auditor
1083 1295 1346 1370 contradictarum,
1366 1309 1395 1358 et
1407 1296 1568 1360 Corrector
1586 1298 1690 1367 litero·

900 1415 966 1458 rum
987 1396 1226 1476 apostolicarum,
1247 1395 1304 1457 boc
1333 1397 1398 1459 loco
1420 1416 1476 1458 non
1499 1397 1690 1468 incedebant,

900 1515 968 1557 cum
988 1496 1106 1557 auditor
1124 1506 1199 1557 esset
1218 1495 1463 1577 archiepiscopus,
1485 1509 1514 1559 et
1535 1499 1611 1567 alius
1631 1513 1689 1556 non

899 1595 1019 1657 adesset.

942 1695 1049 1759 Omnes
1071 1698 1161 1776 togati
1184 1699 1320 1770 curiales,
1342 1699 1392 1776 qui
1414 1699 1559 1771 volebant,
1581 1716 1687 1776 seque·

902 1797 1018 1859 bantur.
1068 1788 1070 1791 ⁵

940 1898 1010 1961 lioc.
1023 1898 1124 1961 ordine
1142 1898 1178 1959 ad
1201 1897 1379 1960 Lateranum
1400 1911 1453 1961 est
1464 1910 1647 1979 perventum.

940 1998 1103 2062 Recedente
1125 1997 1264 2062 Pontiilcc
1286 1999 1322 2060 de
1342 2001 1437 2079 platea
1459 1999 1491 2060 S.
1514 2000 1605 2072 Petri,
1627 2001 1690 2060 sola

899 2099 1077 2161 danusiecit
1099 2109 1158 2161 tres
1173 2099 1270 2179 jactas
1297 2101 1489 2178 pecuniarum
1510 2102 1631 2180 populo,
1658 2113 1691 2162 ut

899 2197 977 2279 Papa
1000 2199 1118 2260 liberius
1139 2198 1299 2277 procedere
1320 2211 1424 2278 posset.

940 2299 1016 2362 Cum
1035 2298 1113 2379 Papa
1132 2299 1309 2380 pervenisset
1324 2317 1414 2379 prope
1433 2310 1562 2359 castrum
1579 2299 1610 2359 S.
1626 2297 1690 2358 ‚lo-

898 2401 967 2481 geli,
988 2421 1019 2461 se
1039 2399 1182 2473 firmarit,
1203 2410 1232 2460 et
1253 2399 1371 2472 ludaei,
1393 2400 1442 2478 qui
1469 2398 1506 2458 ad
1533 2398 1684 2459 inferiores

873 2502 877 2510 ’
899 2505 1026 2566 merulas
1047 2503 1077 2562 in
1098 2501 1206 2580 angulo
1232 2500 1302 2561 dicti
1323 2499 1412 2563 castri
1440 2517 1542 2575 sersus
1564 2499 1689 2578 plateam

898 2623 927 2665 se
949 2621 1017 2662 cum
1039 2613 1146 2663 ornata
1171 2612 1200 2663 et
1222 2604 1285 2680 lege
1307 2618 1360 2660 sua
1382 2610 1573 2679 receperant,
1602 2597 1691 2658 obto-

899 2704 996 2765 lernnt
1024 2700 1117 2782 Papae
1145 2703 1240 2781 legem
1267 2700 1465 2770 adorandam,
1492 2709 1522 2759 st
1541 2696 1690 2760 honorau-

898 2806 976 2880 dam
996 2805 1091 2866 verbis
1113 2803 1283 2881 haebraicis,
1302 2801 1330 2862 in
1351 2800 1426 2861 banc
1441 2800 1501 2861 iere
1522 2797 1689 2860 sententiam

898 2907 1007 2986 Papam
1028 2907 1230 2967 acclamantes.
1267 2952 1275 2962 .

940 3032 957 3063 ι
980 3007 1143 3068 Beatissime
1159 3005 1254 3066 Pater.
1266 3002 1324 3064 tias
1344 3003 1400 3062 riri
1418 2999 1555 3071 Haebrei,
1572 2997 1685 3059 nominc

897 3108 1051 3187 sinagogae
1073 3117 1187 3169 nostrae
1206 3106 1402 3184 supplicamns
1423 3101 1454 3161 S.
1478 3101 1512 3162 V.
1536 3110 1569 3159 nt
1591 3099 1688 3177 legem

898 3207 1064 3287 liosaycam
1085 3206 1123 3266 ab
1151 3203 1339 3284 omnipotenti
1366 3201 1427 3264 Deo
1454 3199 1547 3281 illapsi
1579 3198 1687 3278 pastori

818 3322 820 3328 ⁴
898 3318 997 3368 nostro
1019 3308 1047 3366 in
1069 3316 1166 3366 motae
1193 3304 1284 3384 Synai
1312 3303 1448 3363 traditam
1473 3300 1556 3362 nobis
1581 3297 1692 3361 confir·

899 3426 979 3468 mure
1000 3418 1028 3466 et
1049 3403 1213 3485 approbare
1240 3402 1417 3488 dignemini,
1445 3398 1688 3481 quemadmodum

897 3509 947 3568 alii
962 3507 1066 3569 summi
1082 3504 1235 3567 Pontifices
1255 3504 1285 3564 S.
1306 3502 1340 3566 V.
1360 3503 1593 3583 praedecessores
1608 3500 1687 3561 illam

898 3608 1134 3677 confirmarunt,
1161 3618 1190 3666 et
1219 3603 1430 3685 approbarunt.
1453 3626 1470 3658 s
1498 3601 1690 3672 Quibasre·

897 3709 1011 3790 spondit
1024 3708 1171 3769 Pontifex:
1194 3730 1211 3761 s
1236 3705 1476 3768 Commendamus
1502 3705 1610 3782 legetn3
1634 3719 1688 3760 ve-

897 3823 988 3872 stram
1011 3821 1106 3871 autem
1126 3803 1367 3877 observationem,
1382 3803 1600 3886 etintellectum
1616 3819 1689 3862 con·

898 3911 1077 3984 demnqmus,
1090 3909 1158 3988 quia
1174 3926 1259 3987 quem
1275 3918 1430 3968 venturum
1443 3903 1547 3973 dicitis,
1559 3900 1689 3961 Ecclesia

897 4011 981 4074 docet
1011 4021 1039 4072 et
1059 4009 1204 4090 praedicat
1228 4006 1336 4068 venisse
1358 4003 1393 4063 n.
1417 4001 1450 4062 tt.
1472 4001 1571 4062 lesum
1598 3997 1688 4059 Cirri-

897 4123 973 4172 stum
994 4123 1048 4173 etc.
1076 4135 1091 4165 a
1121 4105 1238 4169 Solebat
1266 4117 1359 4166 tamen
1388 4104 1457 4162 alias
1483 4100 1511 4159 id
1536 4102 1565 4160 in
1591 4097 1687 4160 Monte

897 4213 1024 4274 lordono
1045 4211 1119 4282 iieri,
1140 4208 1189 4269 scd
1215 4217 1333 4288 propter
1360 4203 1554 4272 insolentiam,
1575 4219 1648 4279 qttae
1669 4219 1687 4258 a

896 4315 1035 4377 Romanis
1057 4324 1085 4372 et
1110 4311 1190 4381 aliis,
1210 4306 1325 4369 ludaeis
1347 4304 1443 4376 tiebat,
1458 4318 1626 4363 consenum
1644 4310 1688 4361 est

897 4417 963 4497 ipsis
986 4415 1033 4474 bic
1053 4412 1128 4474 lleri.

940 4515 1016 4595 Papa
1036 4514 1100 4573 inde
1122 4510 1284 4582 recedente,
1305 4508 1450 4569 Soldanus
1470 4508 1577 4569 iterum
1591 4504 1688 4583 jactus

897 4617 1088 4697 pecuniarum
1110 4610 1240 4672 iaciebat
1261 4609 1341 4671 idem
1360 4609 1429 4695 iecit
1450 4608 1479 4667 io
1499 4605 1598 4666 llionte
1618 4600 1690 4661 lor-

898 4718 988 4790 dono,
1009 4715 1086 4793 apud
1109 4715 1140 4775 S.
1161 4713 1313 4785 diarcum,
1335 4711 1371 4770 ad
1397 4710 1428 4769 S.
1458 4707 1637 4775 sorianum,
1660 4715 1690 4762 et

897 4810 977 4892 alibi,
996 4818 1044 4878 ubi
1065 4819 1164 4896 populi
1186 4814 1401 4895 oppressionem
1426 4807 1548 4869 videbat.

939 4919 1014 4981 (lum
1024 4918 1102 4998 Papa
1119 4915 1297 4997 pervenisset
1307 4912 1391 4992 jutta
1406 4907 1555 4970 ecclesiam
1573 4903 1604 4966 S.
1621 4903 1691 4964 Cle·

900 5021 1012 5092 mentis,
1033 5017 1179 5079 descendit
1201 5015 1235 5076 de
1253 5031 1349 5092 equo,
1375 5023 1405 5073 et
1424 5008 1551 5072 ascendit
1572 5004 1690 5078 sedem,

814 5158 815 5163 κ
900 5123 928 5182 in
945 5140 1001 5201 qua
1023 5139 1074 5200 per
1092 5118 1303 5200 provisionatos
1323 5113 1361 5174 ad
1381 5124 1496 5194 portam
1517 5107 1616 5189 palatii
1634 5105 1688 5166 de-

900 5234 1037 5303 putatos,
1059 5220 1175 5280 dimisso
1207 5215 1418 5286 boidaccbino,
1445 5222 1578 5293 portatus
1610 5219 1659 5295 'est
1678 5227 1688 5280 3

901 5324 979 5402 quod
1010 5324 1119 5385 lactant
1139 5332 1181 5382 est
1207 5338 1261 5400 pro
1280 5337 1342 5413 eo,
1361 5314 1439 5395 qnod
1463 5314 1492 5379 in
1517 5310 1690 5384 Latetnoo,
