3780 6030
187 263 206 320 4
323 332 325 340 Ι
707 205 759 314 nn
783 249 900 312 oarru
923 249 1026 310 stxrr
1047 252 1172 316 circu
1192 256 1346 326 urrann.

188 395 274 453 unico
300 403 445 453 momento
466 390 522 471 (at
543 393 583 451 ita
608 389 725 473 dicam)
746 390 857 449 sublato
885 398 976 460 sunt3

189 514 255 556 itam
277 495 313 555 ab
329 495 377 554 illa
394 494 466 553 hora
482 493 518 552 ad
538 493 640 552 horam
655 504 763 552 sextam
785 507 888 568 usque,
899 488 976 548 omni

187 596 333 676 diligentia
355 613 407 674 per
426 613 472 653 me
493 594 580 666 facia,
594 612 650 653 non
666 593 748 672 potui
763 590 869 652 habere
884 605 976 650 unum

187 698 309 758 bacilem
326 740 335 768 ‚
355 713 445 755 anain
465 694 627 765 lintheum,
648 695 693 754 rel
715 692 832 770 aliquod
855 711 926 763 ras,
948 689 977 748 in

186 817 244 878 qao
267 799 377 868 vinum,
399 808 427 856 et
448 814 522 875 aqna
545 814 612 856 cnm
635 794 731 856 herbis
752 794 905 854 odoriferis
923 810 977 871 pro

185 900 308 960 las-ando
329 896 465 958 defuncto
487 895 697 966 ordinaretur,
718 911 811 970 neqne
829 890 978 964 brachas,

167 1010 214 1063 ,ct
240 1000 386 1059 camisiam
412 996 550 1056 anundum
572 1015 626 1076 pro
647 996 784 1056 defuneto
811 991 977 1064 induendo,

185 1100 254 1161 licet
274 1100 383 1179 pluries
404 1098 459 1159 hoc
482 1117 498 1157 a
520 1096 667 1158 cardinale
688 1094 859 1164 Parmensi,
888 1092 978 1152 Petro

186 1201 354 1273 Mantuano,
374 1200 491 1261 domino
511 1200 665 1272 decursio,
687 1196 833 1276 Gregorio
854 1204 883 1255 et
900 1193 978 1252 bar·

187 1302 334 1363 tholomeo
355 1300 390 1361 de
413 1300 523 1373 linere,
543 1298 672 1378 Georgia
692 1307 844 1376 scopatore
865 1291 911 1376 (l)
930 1313 978 1353 se·

191 1414 285 1476 creto,
305 1413 333 1463 ei
351 1401 464 1463 Andrea
486 1401 687 1461 barbitonsore
707 1419 761 1459 sao
782 1396 858 1478 (qni
880 1412 978 1455 omnes

188 1502 292 1563 secreti
312 1502 355 1561 sui
378 1499 562 1572 cubicularii,
582 1511 612 1561 et
633 1499 781 1560 domestici
800 1498 930 1568 fuerunt,
950 1507 979 1556 et

187 1601 292 1680 quibus
313 1603 408 1662 fuerat
422 1602 529 1681 optime
547 1599 674 1683 factum)
688 1601 846 1679 petiissem3
864 1598 977 1659 tandem

188 1721 276 1763 cocus
296 1699 503 1783 ramniamfil,
523 1701 552 1762 io
573 1720 630 1780 qua
650 1721 755 1780 aquam
777 1719 831 1781 pro
853 1699 979 1759 scutellis

188 1802 316 1862 lavandis
332 1802 490 1863 calefacere
501 1802 620 1874 solebat,
632 1821 699 1862 cnm
714 1819 791 1879 aqna
804 1800 896 1861 calida
908 1797 978 1861 mihi

187 1903 376 1977 ministrarit,
403 1915 433 1964 et
459 1903 622 1982 praedictus
647 1902 777 1963 Andreas
797 1901 979 1963 barbitonsor

186 2003 309 2063 bacilem
323 2004 357 2062 de
373 2002 511 2082 apotheca
528 2021 579 2062 sna
594 2012 712 2083 portare
729 2004 796 2064 fecit
806 2025 816 2076 3
837 2005 912 2063 lotus
925 2002 979 2064 fuit

187 2103 317 2165 Pontifex
338 2103 402 2176 sic,
430 2114 457 2163 et
479 2121 546 2163 cum
569 2121 625 2164 non
646 2114 719 2164 esset
741 2103 881 2166 lintheum
910 2121 977 2165 cum

190 2225 250 2284 quo
271 2217 460 2284 tergeretur,
482 2202 597 2265 camisia
619 2224 692 2278 saa,
713 2206 741 2265 in
763 2224 822 2283 qua
844 2216 979 2266 mortuns

188 2318 243 2377 est,
257 2306 285 2365 io
300 2305 372 2365 duas
388 2314 484 2384 partes
505 2305 610 2378 divisa,
630 2324 696 2366 eum
719 2306 794 2384 tergi
813 2307 889 2379 ieci3
907 2306 979 2366 bra·

175 2407 269 2479 ehas,
284 2407 313 2465 io
328 2403 433 2485 quibus
452 2418 586 2468 mortuus
606 2418 661 2479 est,
681 2419 709 2467 et
731 2409 828 2479 lotus,
852 2407 894 2466 illi
910 2424 980 2464 mu-

189 2519 251 2568 tare
272 2523 328 2566 oon
349 2506 442 2585 potni,
461 2523 529 2566 cum
552 2524 613 2566 non
630 2518 723 2567 essent
741 2508 836 2580 aliac3
853 2508 913 2566 sine
928 2525 980 2567 ea-

190 2609 270 2666 misia
285 2607 450 2685 impositum
465 2607 519 2667 fuit
532 2606 586 2666 sibi
607 2606 764 2686 diploidum
776 2607 832 2689 (3),
848 2620 877 2668 et
890 2626 979 2670 noum

190 2725 244 2785 par
266 2707 427 2785 caligarum
449 2706 560 2766 rosacei
585 2708 689 2785 panni,
711 2708 982 2786 qnae-ministrarit

188 2808 340 2887 episcopus
364 2803 542 2880 Cerciensis,
563 2809 647 2869 etiam
673 2827 743 2869 suus
767 2809 980 2885 cubicularius,

189 2919 218 2968 et
237 2909 323 2968 restis
344 2908 430 2986 longa
451 2926 484 2969 ex
504 2907 700 2982 damascbino,
719 2911 741 2970 si
763 2909 833 2971 bene
848 2910 981 2984 memini,

191 3008 298 3082 rubeo,
322 3011 367 3070 rel
388 3009 464 3071 albo.
487 3013 518 3070 ln
541 3011 596 3072 hoc
623 3013 721 3072 errari
733 3034 743 3086 3
766 3012 885 3074 debebat
904 3013 981 3072 enim

191 3110 218 3167 in
240 3107 340 3170 habitu
363 3108 462 3170 Sancti
483 3112 640 3184 Frartcisci,
657 3110 739 3190 cnjus
760 3111 890 3173 ordinem
909 3131 981 3192 pro·

191 3208 282 3268 fessus
303 3220 384 3281 erat,
405 3211 540 3291 sepeliri,
564 3211 731 3292 desuper'in
751 3213 878 3272 restibus
892 3213 982 3273 sacris

192 3307 405 3389 pontificalibus
416 3333 426 3382 ς
451 3323 480 3373 et
502 3331 569 3373 eum
589 3331 644 3373 non
668 3311 787 3375 haberet
807 3313 982 3386 rochetam,

193 3407 299 3471 sacras
319 3423 413 3472 vestes
444 3431 531 3493 snper
565 3414 727 3493 praemissis
757 3414 810 3473 sibi
842 3413 983 3492 imposui·

194 3531 283 3586 mus,
315 3513 465 3587 sandalia,
492 3517 630 3575 amictum
657 3516 783 3586 album,
808 3516 983 3594 cingulum,

193 3615 297 3675 stolam
312 3613 341 3672 in
356 3614 474 3674 modam
490 3617 587 3675 crucis
605 3627 671 3676 ante
689 3626 792 3700 pectus
806 3613 891 3696 (epeia
910 3632 983 3673 cra·

195 3733 258 3775 cern
279 3716 453 3795 pastoralem
475 3715 582 3777 habere
599 3734 655 3776 non
670 3714 784 3798 potui),
806 3715 983 3786 tunicellam,

194 3818 397 3889 dalmaticam,
418 3807 613 3891 chirothecas,
635 3819 761 3879 casulam
781 3818 875 3878 albam
896 3837 983 3898 prae·

194 3920 311 3991 ticcam,
330 3919 466 3997 palliam,
487 3920 602 3979 mitram
621 3920 793 4000 simplicem,
813 3931 841 3981 et
863 3920 983 3978 auidum

194 4038 263 4080 cum
281 4019 399 4099 saphiro
415 4021 584 4100 pretiosum,
605 4023 722 4094 valoris,
743 4032 774 4082 at
793 4023 921 4083 sacrista
936 4022 984 4082 di-

195 4121 299 4192 cebat,
320 4117 382 4179 300
401 4120 596 4193 ducatorum,
621 4115 719 4200 sic'que
740 4134 874 4202 paratum
896 4139 983 4200 supra

195 4219 429 4297 lectum,-qnetn
451 4241 539 4301 supra
559 4221 684 4281 tabulam
707 4224 880 4302 praedictam
902 4223 983 4282 ord}-

196 4322 328 4379 navimas
344 4337 411 4380 euna
427 4321 546 4380 cassinis
567 4321 603 4379 ad
622 4335 720 4400 capnt,
738 4335 767 4383 et
788 4324 876 4402 pallio
892 4324 983 4383 broc·

196 4419 291 4491 chuti,
313 4421 341 4479 in
363 4421 458 4482 medio
481 4421 573 4483 dictae
594 4442 725 4485 camerae
746 4427 912 4503 positionis,
936 4425 983 4485 ubi

196 4521 302 4580 mansit
322 4521 471 4598 usquead
493 4521 597 4582 horam
623 4526 797 4603 sepultarae.
825 4525 984 4587 Sollicitari

196 4620 310 4681 interim
337 4620 393 4681 feci
416 4640 472 4700 pro
498 4623 671 4696 intorticiis,
693 4644 854 4703 quaecum
880 4647 983 4707 inagna

197 4720 364 4782 difficaltate
389 4725 468 4782 circa
490 4722 592 4784 huram
614 4725 753 4786 decimam
772 4740 907 4804 quartam
920 4727 983 4788 'ha-

1732 263 1842 357 (nac)

1044 390 1118 453 bitae
1144 405 1211 454 sont
1238 411 1360 455 orrorcro
1383 393 1484 473 viginti
1506 406 1618 457 tantum
1640 396 1685 481 (4)
1698 421 1708 472 3
1730 403 1836 480 quibas

1044 494 1326 572 apportatis,absqae
1339 513 1384 568 eo,
1397 496 1474 574 qaod
1486 496 1604 575 aliquod
1618 499 1745 560 officium
1757 505 1838 563 circa

1045 592 1211 653 defunctum
1234 594 1343 654 dicium
1371 607 1465 669 esset,
1488 597 1722 676 praecedentibus
1749 618 1840 662 cruce

1043 702 1072 751 et
1086 693 1263 763 cantoribus,
1286 695 1493 772 poenitentiarii
1513 709 1541 758 ct
1564 699 1738 761 cubicularii
1764 720 1840 780 por-

1044 801 1180 853 taverunt
1209 792 1376 854 defunctum
1400 813 1490 872 usque
1516 798 1552 856 ad
1580 799 1705 878 primam
1736 803 1836 862 aulam

1044 888 1196 968 majorem,
1212 892 1342 954 videlieet
1357 892 1471 967 Palatii,
1483 896 1531 955 ubi
1552 909 1635 957 erant
1653 900 1794 974 canonici,
1808 915 1839 963 et

1044 989 1213 1064 beneficiati,
1234 1010 1268 1051 ae
1291 995 1388 1054 cieras
1409 988 1542 1058 basilicae
1562 996 1661 1058 Sancti
1680 998 1777 1075 Petri3
1799 1003 1838 1060 ab

1044 1091 1093 1152 illu
1115 1093 1180 1151 loco
1205 1111 1296 1171 usqne
1318 1094 1353 1152 ad
1373 1096 1465 1157 altare
1487 1094 1581 1174 majas
1606 1111 1762 1180 portavere
1783 1101 1839 1163 de-

1043 1192 1174 1253 functum
1197 1195 1325 1254 canonici
1348 1196 1494 1274 praedicti.
1523 1197 1674 1260 Processio
1695 1201 1772 1261 facta
1793 1213 1837 1263 est

1044 1313 1096 1373 per
1115 1293 1246 1364 scalam,
1267 1306 1296 1356 et
1321 1295 1458 1370 cariam,
1480 1297 1529 1357 ubi
1550 1297 1718 1361 Cardinales
1743 1302 1838 1361 solent

1045 1392 1214 1454 descendere
1228 1394 1358 1456 exeundo
1377 1416 1427 1475 per
1442 1409 1558 1477 portam
1573 1400 1761 1480 principalem
1777 1401 1837 1461 Pa-

1045 1495 1103 1555 latii
1115 1494 1151 1553 ad
1167 1495 1287 1576 mediam
1304 1497 1438 1575 plateam3
1455 1498 1558 1559 ibidem
1575 1512 1717 1561 vertentes
1734 1521 1837 1562 versus

1044 1595 1137 1654 scalas
1156 1595 1314 1669 basilicae,
1328 1596 1480 1657 ecclesiam
1501 1618 1602 1660 snmus
1625 1601 1755 1681 ingressi.
1778 1601 1839 1662 De·

1044 1693 1161 1755 functus
1187 1696 1296 1775 positas
1317 1708 1445 1758 estante
1469 1700 1562 1762 altare
1585 1702 1678 1781 majus
1698 1705 1725 1762 in
1751 1704 1837 1782 plano

1043 1795 1193 1874 superiore
1214 1799 1320 1876 primo,
1340 1796 1440 1857 deinde
1463 1799 1536 1859 infra
1559 1814 1646 1881 cupai
1671 1820 1786 1862 versum
1801 1805 1836 1862 ad

1045 1895 1187 1967 altare,et
1207 1895 1290 1974 pedes
1312 1908 1393 1957 extra
1414 1910 1529 1976 gratam
1548 1902 1672 1962 ferream
1690 1901 1746 1981 (at
1767 1923 1837 1983 pos·

1045 2006 1134 2054 senta
1150 1995 1311 2056 colentibus
1328 1999 1469 2082 osculari)
1485 2012 1514 2062 et
1533 2013 1632 2080 portae
1646 2003 1738 2082 gratis
1753 2006 1837 2065 clau-

1045 2115 1092 2155 sae
1112 2092 1178 2177 (b);
1202 2095 1301 2159 deinde
1319 2112 1435 2178 apertae
1453 2121 1506 2182 per
1523 2103 1668 2165 modicum
1684 2106 1837 2184 temporis,

1045 2207 1075 2258 nt
1094 2195 1246 2258 defunctus
1267 2201 1375 2278 positus
1397 2203 1488 2280 magis
1511 2222 1611 2262 versas
1629 2205 1721 2264 aliare
1744 2216 1778 2264 ut
1799 2205 1837 2264 li-

1046 2296 1114 2358 bere
1135 2311 1250 2377 possent
1271 2318 1369 2361 onmes
1385 2302 1514 2375 intrare,
1537 2315 1566 2364 et
1585 2303 1679 2376 exire,
1701 2314 1729 2364 et
1751 2305 1837 2383 positi

1045 2398 1135 2476 aliqui
1156 2399 1313 2469 custodes,
1335 2420 1370 2462 ne
1391 2404 1495 2462 anulus
1514 2416 1565 2464 aut
1586 2404 1655 2482 quid
1682 2402 1763 2464 aliud
1784 2405 1838 2464 sibi

1027 2539 1031 2549 .
1047 2500 1208 2559 tolleretur.
1227 2500 1329 2561 Mansit
1345 2502 1449 2563 ibidem
1467 2522 1557 2582 usque
1575 2506 1612 2564 ad
1631 2522 1717 2563 nnam
1732 2503 1837 2565 horam

1049 2601 1151 2671 noctis,
1174 2602 1219 2661 vel
1242 2603 1338 2675 circa;
1359 2603 1488 2663 scutiferi
1509 2604 1676 2665 defunctam
1698 2617 1838 2685 portare-

1048 2712 1128 2773 rnnt‚
1148 2711 1177 2760 ct
1197 2701 1246 2761 illa
1268 2703 1367 2780 viginti
1390 2703 1534 2764 intorticia
1554 2715 1619 2765 ante
1640 2704 1739 2776 fanus,
1758 2705 1838 2783 qnod

1047 2802 1243 2880 sequebantur
1264 2814 1331 2863 octo
1351 2813 1462 2863 tantum
1484 2803 1668 2879 Cmdinales3
1689 2807 1747 2865 vidi
1763 2807 1838 2867 inter

1047 2901 1161 2962 cosdem
1183 2897 1229 2984 (d)
1250 2901 1350 2962 Sancti
1372 2901 1452 2963 Pelri
1470 2903 1507 2963 ad
1524 2904 1656 2977 Vincula,
1672 2903 1839 2968 Novarien-

1091 3134 1125 3192 (i)
1145 3131 1305 3185 Notandum,
1324 3133 1439 3196 quodid
1458 3135 1548 3185 niorto
1568 3138 1717 3187 lniessurac
1732 3137 1838 3198 legitur,

1049 3211 1153 3262 Monar-
1165 3211 1221 3261 fter.
1232 3210 1285 3260 lici.
1297 3210 1378 3273 scrip.
1389 3214 1449 3261 tom.
1463 3214 1501 3262 lli.
1511 3227 1538 3276 p.
1548 3216 1575 3264 ll.
1586 3228 1612 3277 p.
1627 3217 1704 3265 titiis
1718 3236 1727 3256 ·
1743 3214 1842 3265 Deinde

1049 3289 1181 3350 quoddam
1204 3302 1409 3352 magaezeoam,
1426 3292 1496 3355 qaod
1518 3294 1555 3342 ibi
1575 3297 1633 3347 erat
1648 3294 1775 3344 maeonis
1792 3294 1843 3344 Ba·

1049 3366 1146 3430 ptistaa
1163 3367 1331 3426 Paliaricini,
1348 3370 1453 3432 cognati
1471 3372 1575 3420 comitis
1592 3371 1746 3436 Hieronymi
1761 3373 1842 3435 (ilia-

1051 3447 1123 3507 rio),
1140 3447 1184 3509 qui
1200 3446 1243 3496 diu
1263 3448 1385 3498 immunis
1403 3454 1428 3498 et
1446 3450 1502 3498 sinc
1523 3451 1654 3500 solutione
1678 3451 1840 3515 gabellarum

1049 3528 1145 3586 iuerat,
1162 3530 1196 3579 ad
1212 3541 1318 3581 saccum
1343 3533 1484 3582 miserunt.
1502 3533 1536 3583 tbi
1550 3536 1605 3583 crat
1620 3546 1680 3584 cero
1703 3546 1781 3595 quom
1797 3535 1844 3584 de·

1049 3609 1189 3658 stiaooorai
1211 3621 1260 3670 pro
1275 3611 1390 3672 exequiis
1405 3611 1489 3674 Sioti5
1504 3612 1538 3660 ibi
1555 3614 1630 3675 copia
1643 3615 1759 3663 maxime
1778 3615 1843 3666 eliu-

1050 3688 1127 3736 ruinis
1144 3692 1171 3736 et
1188 3692 1289 3751 argenti
1306 3691 1370 3747 vivi,
1387 3695 1414 3740 at
1432 3692 1512 3740 malta
1529 3692 1606 3742 bona.
1625 3713 1636 3734 ·

1089 3766 1124 3826 (i)
1140 3760 1211 3814 Haec
1229 3765 1418 3817 coodrmaatur
1436 3783 1448 3817 a
1461 3768 1633 3819 Volaterrano
1646 3772 1670 3819 iu
1682 3771 1773 3821 Diorio
1784 3784 1843 3830 sao,

1051 3843 1156 3893 lionae.
1174 3843 1230 3894 ller.
1247 3844 1300 3893 itai.
1316 3845 1409 3907 script.
1426 3850 1488 3897 tom.
1502 3849 1589 3901 xxiii.
1605 3862 1633 3911 p.
1651 3852 1705 3898 coo.

1091 3925 1127 3983 (6)
1142 3923 1242 3973 licitam
1260 3925 1338 3989 civile
1351 3924 1410 3975 llrbi
1423 3928 1548 3976 aeternae
1560 3926 1725 3983 imminebat,
1735 3939 1840 3989 propu-

1051 4005 1159 4061 enecata
1170 4005 1286 4066 singulas
1299 4005 1357 4054 vias
1370 4004 1467 4058 iterum
1484 4005 1634 4067 iterumque
1652 4005 1843 4066 impediebaris

1052 4083 1157 4140 milites,
1173 4084 1257 4140 cives,
1274 4084 1414 4144 primores,
1432 4085 1574 4134 levissimis
1585 4084 1618 4134 de
1630 4085 1719 4135 causis
1736 4097 1797 4135 sese
1814 4086 1842 4136 in

1052 4166 1131 4212 armis
1147 4163 1271 4210 continuo
1283 4161 1440 4220 miscebante
1452 4164 1523 4213 salus
1540 4165 1631 4225 populi
1644 4164 1722 4214 debat
1734 4177 1842 4228 semper

1052 4243 1132 4303 magis
1145 4242 1255 4289 incerta.
1269 4261 1278 4281 ·
1293 4241 1322 4289 At
1337 4243 1381 4301 tt(
1392 4242 1429 4292 sic
1443 4243 1468 4290 ia
1481 4241 1569 4291 Diorio
1581 4245 1638 4292 Not.
1652 4239 1803 4305 Antiportii,
1816 4248 1842 4294 in

1051 4317 1279 4373 binnamlicrdtol.
1295 4321 1568 4383 Script.p.1088,1089
1582 4322 1666 4378 )andd
1683 4327 1749 4372 tutta
1761 4323 1842 4373 Rama

1051 4401 1075 4447 iu
1089 4411 1174 4448 orme.
1188 4433 1194 4445 .
1207 4435 1212 4446 .
1224 4397 1250 4446 fa
1269 4412 1354 4448 messa
1373 4413 1388 4448 a
1405 4411 1481 4448 sacco
1500 4400 1522 4448 ia
1539 4402 1653 4450 casadei
1671 4406 1749 4451 conte
1764 4401 1843 4452 lero-

1051 4481 1120 4527 nimo
1139 4478 1153 4542 (
1164 4479 1226 4537 Hie,
1248 4478 1316 4528 Sinti
1341 4478 1489 4540 troipas.
1508 4481 1570 4528 tenc
1592 4480 1727 4530 Polianom
1747 4482 1845 4533 obside·

1050 4556 1214 4618 bot),iorono
1224 4557 1397 4617 saccheggiati
1410 4557 1499 4605 aaviiii
1511 4568 1525 4606 e
1538 4559 1683 4620 magazzioi
1696 4573 1708 4606 a
1721 4559 1784 4621 ilipa
1798 4597 1803 4608 .
1817 4599 1823 4609 .
1836 4598 1843 4610 .

1051 4635 1145 4682 inroao
1163 4635 1257 4684 cubate
1274 4635 1300 4682 di
1322 4636 1401 4683 moitc
1426 4637 1533 4686 carichc
1560 4638 1586 4687 di
1614 4637 1698 4694 roba,
1723 4638 1746 4686 ia
1769 4641 1842 4700 quali

1050 4715 1071 4760 si
1089 4716 1236 4775 portavano
1263 4713 1296 4760 da
1321 4727 1371 4762 ana
1388 4726 1450 4764 casa
1474 4716 1506 4765 ad
1530 4718 1653 4767 an‘aitra
1675 4729 1724 4779 per
1740 4718 1842 4767 salvar·

1050 4792 1091 4849 te,
1107 4804 1122 4842 e
1139 4793 1207 4841 certi
1223 4794 1326 4854 gioraai
1339 4805 1353 4842 c
1368 4795 1489 4858 spagnoii
1513 4798 1537 4847 ie
1562 4798 1691 4846 tevavaoo
1711 4810 1760 4846 con
1782 4798 1842 4849 diro

967 4923 980 4935 ,
1050 4871 1099 4920 che
1110 4883 1192 4921 erano
1202 4872 1266 4920 robe
1278 4871 1304 4920 di
1316 4872 1461 4923 Gedoresi.
1478 4909 1483 4920 .
1497 4911 1502 4922 .
1514 4909 1520 4920 .
1534 4876 1583 4924 Atti
1596 4877 1721 4925 iiveooe
1734 4877 1749 4923 it
1762 4879 1842 4927 conte

238 5017 274 5074 (ti
289 5015 379 5065 Codex
396 5016 463 5065 alter
479 5016 561 5066 habet
576 5018 709 5079 scriptore.

236 5095 273 5153 (2)
289 5092 344 5144 ilac
355 5107 431 5152 voce,
442 5095 474 5144 dc
486 5095 572 5157 plebis
582 5110 702 5147 sermone
712 5103 826 5162 sumpta,
835 5101 981 5165 significare

197 5173 281 5221 voluit
297 5184 344 5222 ras
361 5186 395 5222 cx
413 5187 482 5223 aere.

237 5255 272 5315 (3)
288 5250 323 5301 Do
339 5252 464 5302 barbaric
481 5254 621 5307 locutionis
638 5256 699 5304 nihil
719 5260 760 5304 ast
780 5258 850 5319 qnod
867 5260 980 5310 lectores·

199 5332 310 5383 ulterius
323 5331 485 5382 admoneam,

1048 4949 1182 5000 leronimo
1199 4963 1249 4999 con
1266 4955 1334 5000 tutin
1352 4952 1369 5001 ii
1387 4964 1481 5015 campo
1499 4966 1512 5002 a
1530 4955 1627 5012 Roma,
1645 4957 1671 5002 et
1688 4953 1799 5016 alloggid
1817 4956 1843 5006 in

1049 5028 1140 5086 Praise
1157 5041 1171 5078 c
1189 5029 1212 5077 ia
1228 5029 1357 5079 Contcssa
1374 5030 1451 5081 eotrd
1469 5031 1494 5080 in
1512 5030 1628 5081 Casteito
1644 5031 1842 5095 Saot'dgnolm

1048 5118 1062 5155 a
1080 5109 1203 5157 tauerata
1219 5109 1251 5158 ad
1268 5110 1370 5158 istaoza
1385 5108 1429 5157 det
1447 5109 1544 5166 conte,
1556 5113 1582 5158 ei
1599 5111 1615 5157 ii
1632 5109 1742 5159 Paiezzo
1761 5113 1783 5159 si
1801 5114 1844 5160 te·

1049 5199 1117 5234 nara
1129 5186 1162 5234 ad
1175 5188 1276 5236 istanza
1288 5187 1331 5235 del
1344 5187 1503 5243 medesimo;
1519 5200 1534 5236 a
1550 5186 1644 5237 furono
1661 5187 1717 5236 iettt
1730 5192 1841 5238 stercati

1049 5277 1061 5312 a
1074 5265 1145 5327 piedi
1158 5266 1181 5315 lc
1194 5267 1266 5315 scale
1277 5264 1345 5314 delta
1368 5272 1445 5328 porta
1462 5265 1503 5314 dei
1521 5265 1640 5316 i'alazzo.
1654 5286 1664 5308 ·
1682 5266 1757 5338 ilinc,
1770 5274 1841 5319 metu

1048 5345 1194 5405 perterriti,
1205 5343 1358 5394 cardinales
1377 5344 1498 5404 aberant,
1509 5349 1536 5394 ct
1554 5346 1625 5396 vitae
1642 5348 1790 5409 pericnlum
1803 5348 1841 5397 ia·
