3764 6036
67 280 84 364 .)
442 272 1146 348 rouwlcsrtis·lddocnttrlroctavl.
1557 273 1618 336 llil

67 419 194 481 ationem
206 417 244 480 tt.
259 416 295 480 b.
311 417 469 482 Cardinaiis
483 417 515 480 8.
530 417 633 496 Angeii
648 416 684 478 de
697 417 765 491 illa,

67 519 252 595 aenestinam,
272 537 329 600 per·
346 519 457 579 obitum
483 518 529 580 bo.
549 537 606 580 nie.
629 516 765 597 Andega·

67 750 166 807 ainrae,
178 735 263 809 ipsum
275 748 389 796 omnium
405 747 519 809 primum
536 745 563 796 in
580 756 658 795 unam
670 755 762 794 earum

71 827 231 886 coniectum.
245 825 338 876 Balues
355 837 420 875 vero
435 826 461 875 ia
477 835 613 875 carcerem
629 822 764 881 detrusus,

67 905 188 957 uodecim
212 916 296 955 annos
316 906 385 956 inira
402 903 504 963 terreos
519 902 655 953 cancellos
666 911 765 950 vemen·

69 987 168 1035 moleto
185 983 278 1033 morbo
294 996 347 1034 non
363 983 466 1034 fluentis
485 984 592 1043 urinae,
603 980 675 1048 quod
692 980 762 1030 illam

67 1063 182 1115 ebiberet
192 1100 200 1123 ,
211 1063 328 1113 medicos
341 1066 367 1112 et
383 1064 477 1127 Regem
494 1062 606 1124 decepit.
617 1060 681 1110 cnm
693 1060 762 1109 enim

68 1144 215 1206 desperata
236 1139 392 1192 crederetur
407 1150 415 1200 (
428 1144 497 1192 teste
525 1140 686 1192 carimberto
701 1150 761 1201 pop.

67 1224 116 1274 ies
131 1226 161 1272 ut
177 1222 266 1272 odium
287 1221 432 1284 effugeret,
447 1221 507 1272 neci
533 1217 649 1271 tredisse
670 1217 764 1268 Cardi-

79 1302 104 1351 s.
120 1302 148 1353 lt.
166 1300 204 1360 tt,
221 1304 329 1363 rogante
345 1299 441 1364 legato
453 1299 603 1364 apostolico
613 1297 713 1349 loliano
729 1297 763 1350 de

67 1393 78 1431 e
99 1380 169 1444 (luit
186 1384 279 1447 postes
294 1377 376 1429 lulius
393 1379 422 1429 ll.
436 1386 462 1440 ),
478 1381 583 1430 Balaam
604 1378 762 1428 manumisit.

69 1459 175 1519 iactus,
190 1458 352 1507 transversis
365 1457 522 1518 itineribus,
539 1457 676 1519 peregrino
693 1455 764 1505 cultu

67 1553 84 1589 n
101 1539 186 1596 venit,
203 1537 249 1586 nbi
272 1537 361 1588 Sixtus
378 1536 416 1586 lv.
433 1535 537 1600 prologi
554 1535 668 1586 bominis
684 1536 764 1584 mise·

71 1619 220 1676 torinnam,
236 1628 289 1665 non
312 1615 392 1665 modo
413 1620 447 1669 ut.
462 1614 630 1666 ‘Cardinalem
647 1613 765 1676 cample·

67 1697 107 1749 ted
123 1708 205 1747 censu
231 1695 310 1755 iavit,
330 1694 494 1756 Picaenaque
522 1695 649 1756 legatione
665 1703 765 1755 prove·

67 1779 188 1841 piscopos
211 1776 288 1825 etiam
314 1768 465 1836 assumptus
491 1773 624 1834 Albanus,
639 1773 762 1823 Zizimum

67 1859 99 1907 tis
123 1856 233 1906 tratrem
259 1854 360 1915 recepit
377 1855 404 1902 in
419 1853 529 1904 Picaeno
550 1852 764 1904 custodiendum.

68 1936 138 1985 bano
162 1935 316 1996 episcopatu
341 1933 375 1981 sd
398 1930 596 1983 Praenestinum
619 1933 763 1982 translatus

67 2013 189 2073 ‚liartii,
207 2013 276 2063 tici.
293 2012 387 2062 eodem
411 2024 479 2062 anno
504 2010 624 2063 decessit
645 2013 668 2063 5.
683 2012 764 2063 Octo·

69 2107 122 2144 non
139 2095 234 2144 Romae
247 2096 255 2154 i
269 2093 296 2142 in
313 2091 410 2154 oppido
427 2091 507 2154 iiipae
525 2091 677 2157 Transonae
694 2093 763 2153 apud

67 2186 118 2233 os,
143 2174 231 2221 aetate
258 2174 419 2235 provectus,
438 2184 521 2229 auro,
537 2175 565 2229 et
579 2167 765 2235 dignitatibus.

67 2263 80 2301 s
96 2264 210 2314 namque
222 2249 382 2300 {ferdinandi
399 2251 473 2313 Regis
489 2250 599 2314 Neapol.
611 2263 680 2300 nora
693 2263 765 2301 sem·

83 2332 172 2382 callos
193 2330 384 2383 meditabatnr=
399 2333 451 2386 imo
470 2331 600 2382 adversus
619 2332 764 2382 Romanum

81 2410 231 2462 Pontificem
247 2411 390 2461 concilium
407 2411 567 2471 sollicitavit,
587 2411 718 2474 ingratus,
737 2417 765 2464 et

67 2506 86 2542 ts
110 2493 277 2554 depositione
293 2491 442 2552 consuluit,
459 2492 542 2542 donec
560 2491 695 2557 indignata
713 2492 766 2544 Na·

67 2571 156 2621 lolvcm
172 2571 214 2621 vel
232 2569 335 2620 Balaam
352 2573 506 2634 oppressit,
522 2577 549 2623 et
565 2572 670 2622 Curiam
692 2572 766 2635 gravi

69 2650 200 2700 liberavit.
216 2649 336 2700 Cariam
352 2649 457 2701 Romam
475 2652 602 2712 relatum,
614 2651 686 2715 jacet
697 2651 767 2715 apud

66 2731 183 2792 ixedem,
200 2732 227 2780 in
244 2732 342 2794 sacello
367 2731 483 2784 Ancberi
509 2733 673 2787 Pantaieenis
697 2732 766 2795 eius·

70 2811 184 2860 cclesias
200 2810 333 2872 Tituiaris,
349 2823 409 2861 cum
421 2813 543 2876 sequenti
560 2813 703 2877 epitaphio.

79 2889 180 2952 Optimo
195 2889 323 2940 Monimo:
340 2890 375 2942 lo.
393 2892 579 2956 andepoosnsi,
595 2896 713 2958 episcopo
723 2896 767 2947 Al·

67 2970 92 3021 i.-
114 2969 155 3019 iiic
179 2968 260 3020 ileros
282 2982 406 3032 prospera
432 2976 454 3021 st
476 2974 583 3024 adverso
607 2975 681 3025 uaria
703 2989 767 3027 usus

67 3064 81 3110 ι,
91 3051 119 3099 in
134 3051 252 3111 Picasno,
263 3051 309 3101 sab
322 3050 468 3103 Innocentio
479 3053 535 3104 l'lll.
545 3047 667 3117 lspdiam
677 3069 766 3120 opens,

67 3132 184 3194 panarius
204 3131 313 3195 pieriose
328 3133 387 3183 obiit
410 3131 564 3194 infelicitatis
580 3134 728 3198 lemnae,
744 3141 767 3188 nt

67 3211 97 3261 ils
119 3211 266 3275 cuempiam
285 3214 454 3265 memorabile.
478 3215 604 3268 Antonius
624 3217 766 3281 Episcopus

75 3291 205 3341 amicitiae
220 3304 318 3342 memor
333 3296 426 3357 posuit.

67 3373 133 3420 titur
153 3370 332 3434 Archangelns
353 3373 477 3442 cingulus,
498 3376 603 3425 ltalvsm
626 3376 766 3427 Servorum

67 3461 103 3498 rm
130 3449 231 3499 iaciens
257 3452 345 3512 (teste
363 3449 487 3515 lignano,
503 3458 565 3504 tam.
581 3456 600 3506 1.
622 3456 710 3508 liolia's
738 3458 766 3507 ln

67 3529 154 3590 mnis)
170 3542 235 3585 cam,
252 3531 321 3581 ultra
342 3531 518 3584 Beiioreslnm
534 3537 562 3586 in
578 3538 698 3600 catalogo
714 3537 763 3601 Ep.

67 3612 194 3669 ensium;
220 3611 365 3661 arnaldum
393 3617 462 3663 serie
491 3613 616 3679 Episcop.
643 3619 767 3685 Andaga·

67 3704 92 3739 m
109 3690 236 3753 (Balaam
263 3697 416 3744 asserentes
445 3694 526 3746 inisse
553 3696 768 3767 Benedicllnum)

67 3770 393 3824 caedant'consistorialia
411 3773 481 3824 Pauli
500 3774 528 3826 li.
544 3777 572 3827 a.
590 3777 615 3826 P.
628 3780 654 3829 in
671 3779 767 3843 quibus

67 3852 156 3899 atinus
175 3851 314 3901 asseritur.
337 3852 424 3903 Alium
443 3853 599 3906 Victoreilus
622 3862 768 3912 cumulavit

67 3943 109 3988 m,
133 3930 245 3993 insignia
271 3924 380 3994 pingens
404 3932 467 3983 buia
490 3935 645 3998 cardinali,
671 3939 767 4002 quibus

67 4024 83 4059 r
109 4011 247 4071 Servitae,
272 4013 421 4064 obliteratis
448 4014 499 4075 ils,
517 4017 585 4079 quae
609 4031 643 4069 ex
668 4023 768 4072 tumulo

67 4102 91 4138 m
111 4087 259 4140 Cardinalis
275 4092 302 4141 in
317 4092 341 4141 S.
358 4092 478 4144 Praxede
494 4094 607 4158 ingenue
630 4096 767 4150 ciaconius

69 4204 75 4214 .
94 4168 160 4218 ilinc
179 4171 272 4220 merito
295 4173 444 4234 arguendus
463 4173 571 4225 Glanius
587 4176 691 4228 Serviia
708 4191 767 4228 cum

68 4261 132 4300 osus
160 4250 194 4299 nd
220 4262 295 4301 susm
312 4252 494 4303 illustrandam
511 4256 768 4319 congregationem,

67 4331 130 4379 iales
158 4329 246 4393 dogit,
263 4333 339 4393 quasi
355 4331 519 4385 Serritarum
542 4335 691 4388 institutam
719 4351 769 4401 per

67 4401 144 4469 anos,
168 4413 234 4461 viris
257 4412 422 4474 illustribus,
449 4428 479 4465 ec
507 4417 583 4482 longe
607 4418 768 4472 doctissimis

67 4503 92 4549 ι,
114 4486 165 4538 nno
187 4490 291 4542 demum
318 4491 409 4544 iictilio
436 4493 567 4546 Cardinsli
594 4498 768 4555 inclarescere

67 4607 74 4629 ‚
92 4570 259 4634 indigeatque
276 4572 359 4622 cinnii
378 4577 530 4636 mendacio,
548 4579 699 4641 talparum
722 4595 768 4633 sc·

87 4651 241 4702 narratione
268 4657 297 4703 nt
321 4653 448 4716 perennet
473 4657 507 4707 ad
526 4659 644 4720 gloriam.
671 4661 769 4714 liabnit

67 4727 200 4792 nsignibus
227 4730 306 4782 Briva
334 4739 437 4784 scutum
455 4742 608 4800 argenteum
630 4742 768 4794 cantherio

67 4822 99 4859 eo
118 4809 202 4860 tribus
218 4810 333 4862 Leonum
351 4816 484 4877 capitibus
500 4821 604 4879 aureis,
627 4819 730 4872 duobus
741 4823 767 4873 in

68 4903 98 4949 o,
116 4892 195 4939 tertio
211 4891 238 4940 in
255 4890 342 4942 iniimo
359 4893 527 4955 impressum.
596 4913 601 4923 ·

70 4982 113 5020 ‘eo
130 4970 188 5034 lege
203 4971 412 5033 cambarium,
428 4973 593 5040 Frizonium;
610 4981 764 5033 ciaconium

67 5066 102 5104 tm
126 5053 194 5105 libro
214 5056 245 5106 ds
266 5056 345 5119 lipno
369 5056 452 5117 l's‘lass
472 5059 639 5112 Cardinaiem
660 5062 768 5124 Pupien-

70 5135 93 5185 b.
106 5138 134 5186 sl.
152 5134 289 5187 comment.
306 5137 442 5190 claudium
458 5139 609 5201 haberium,
621 5147 671 5192 etc.
683 5142 767 5205 Spon-

67 5229 93 5275 ις
111 5214 435 5289 victorellum31lgbellum3
446 5218 604 5280 duberinms
621 5221 766 5285 Philippum

71 5308 165 5356 aeum;
180 5294 341 5348 budovlcum
354 5296 492 5374 caminici
510 5300 537 5350 in
560 5300 647 5351 lister.
671 5299 767 5353 conie-

66 5391 72 5430 ι
94 5397 116 5427 ·.
700 5396 701 5399 ’

832 416 925 478 vensis
945 424 1061 495 pastore
1074 423 1231 486 carentem,
1250 412 1335 475 bodie
1350 413 1380 490 in
1395 422 1507 476 secreto
1520 411 1618 473 consi·

830 508 923 577 sterio
935 516 1053 588 iactam,
1065 525 1095 575 et
1107 511 1149 574 sie
1163 513 1258 573 iactas
1270 511 1432 593 Episcopus
1446 511 1619 584 cardinalis,

831 625 860 675 et
876 614 957 675 linito
972 614 1146 675 consistorio
1165 612 1201 673 ab
1215 612 1353 675 omnibus
1364 612 1564 676 cardinalibus
1583 611 1621 673 ad

831 715 971 794 palatium
995 712 1177 775 habitationis
1202 732 1272 777 suae
1297 710 1390 791 justa.
1409 713 1558 775 caelatam
1585 712 1618 775 S.

833 812 986 876 Laurentii
1000 817 1029 875 in
1041 813 1152 875 Lucina
1166 815 1367 887 constitutum,
1374 813 1449 878 inter
1460 813 1622 894 praedictos

830 913 959 977 dominos
992 913 1126 977 diaconm
1157 898 1328 977 Cardinales
1361 918 1395 976 in*
1418 915 1521 976 ultimo
1555 914 1621 977 ioco

832 1014 992 1093 equitantes
1017 1016 1225 1096 positus,more
1235 1017 1318 1078 solito
1332 1017 1490 1079 associatus
1503 1025 1557 1090 est3
1570 1016 1620 1077 ubi

831 1113 889 1175 iilis
912 1132 947 1177 ex
968 1133 1050 1177 more
1075 1116 1177 1197 gratiis
1193 1117 1265 1178 actis
1287 1117 1474 1196 recessisque,
1498 1115 1617 1179 domum

830 1214 957 1277 intrarit.
986 1215 1152 1279 cardinales
1171 1219 1222 1296 qui
1244 1217 1341 1298 ipsum
1357 1218 1540 1279 associarunt
1554 1217 1620 1279 1ιιι-

831 1326 901 1376 runt
924 1315 1212 1390 vicecancellarius,
1233 1316 1457 1398 Neapolitanus,
1473 1316 1516 1378 ⁴S.
1538 1317 1621 1381 Petri

831 1416 868 1476 ad
889 1417 1023 1490 Vincula,
1038 1416 1071 1477 8.
1093 1417 1214 1498 Angeli,
1228 1417 1373 1499 episcopi3
1391 1419 1540 1481 londensis
1555 1462 1564 1492 ‚
1577 1418 1621 1483 De

824 1516 1005 1592 'Comitibun
1023 1517 1202 1592 Parmensis,
1214 1521 1441 1593 Beneventanus,
1454 1520 1621 1594 aleriensis,

832 1616 863 1677 S.
875 1616 1053 1691 anastasiae,
1063 1619 1240 1699 presbyteri3
1251 1619 1385 1694 Ursinus,
1395 1620 1552 1694 columna,
1562 1619 1621 1680 Sa·

829 1717 936 1791 bellus,
957 1730 987 1780 et
1005 1717 1037 1780 8.
1059 1717 1178 1799 Georgii
1200 1721 1313 1782 diaconi
1336 1720 1514 1783 cardinales.

873 1819 1012 1893 Sabbata,
1029 1818 1079 1880 ib.
1093 1822 1195 1882 mensis
1210 1822 1349 1898 octobris,
1372 1822 1401 1882 in
1417 1821 1538 1885 ecclesia
1563 1820 1621 1882 ho·

831 1919 943 1998 spitaiis
975 1920 1168 2000 Anglieorum
1199 1921 1360 1984 celebratae
1388 1934 1456 1984 sunt
1486 1921 1622 2000 exequiae

832 2018 987 2096 quomdam
1009 2019 1044 2080 b.
1064 2020 1185 2083 Doridis
1206 2022 1311 2084 Villani
1330 2022 1529 2105 archidiaconi
1557 2019 1622 2081 lte-

831 2120 935 2182 niensis
955 2120 1052 2180 illust.
1067 2120 1103 2180 D.
1121 2121 1241 2183 Henrici
1255 2122 1419 2202 bogiorum
1440 2120 1529 2201 Regis
1542 2120 1622 2201 apud

832 2216 888 2278 88.
902 2219 938 2279 D.
953 2218 988 2279 tl.
1007 2216 1159 2296 cratoris,
1180 2223 1232 2300 qui
1246 2241 1338 2303 nuper
1360 2223 1390 2284 in
1406 2239 1526 2285 romana
1537 2222 1622 2283 curin

833 2318 911 2381 dieta
930 2319 1034 2380 clausit
1055 2332 1227 2383 extremum.
1340 2389 1343 2396 Α

875 2420 962 2483 Faria
973 2422 1074 2500 tertia,
1093 2424 1140 2486 lit
1164 2425 1268 2488 mensis
1283 2424 1420 2499 octobris,
1433 2433 1499 2486 ante
1518 2423 1622 2485 horam

832 2523 948 2602 prandii
978 2525 1058 2586 circa
1089 2526 1194 2588 boram
1227 2528 1342 2589 tertiam
1373 2546 1425 2606 per
1447 2536 1562 2607 portam
1589 2524 1621 2586 S.

831 2623 943 2686 Mariae
964 2625 999 2687 de
1026 2626 1140 2706 Populo
1166 2638 1316 2708 portatum
1344 2628 1402 2690 iuit
1429 2626 1553 2688 cadaver
1576 2625 1623 2690 bo

833 2745 888 2790 nae.
909 2727 1049 2789 lobannis
1072 2730 1200 2811 episcopi
1220 2733 1461 2797 Praenestinemis
1481 2730 1625 2794 Cardian-

834 2829 870 2889 iis
891 2828 1038 2892 diarrhiae
1052 2831 1244 2894 Anconitanae
1266 2832 1303 2894 ab
1324 2833 1386 2894 aliis
1411 2833 1472 2894 suis
1495 2831 1625 2897 ¹scutife-

833 2929 896 3003 ris,
916 2942 946 2992 et
961 2932 1069 3012 capnis
1083 2933 1200 3012 pedibus
1216 2935 1275 2995 suis
1289 2934 1505 3009 incedentibus,
1521 2933 1624 3012 viginti

834 3030 963 3109 quinque
988 3033 1180 3095 familiaribus
1200 3036 1305 3098 stabuli
1332 3037 1477 3098 intorticia
1492 3051 1623 3103 ,accensa

836 3135 1019 3212 portantibus
1035 3155 1126 3215 usque
1147 3136 1183 3196 ad
1202 3139 1351 3200 ecclesiam
1373 3139 1404 3199 8.
1426 3136 1578 3208 Praxedis‚
1594 3136 1624 3195 iu

821 3254 894 3316 aqua
916 3238 1039 3315 positum
1051 3237 1125 3309 init,
1142 3247 1176 3298 ut
1184 3237 1291 3301 deinde
1302 3238 1330 3298 in
1344 3238 1443 3300 eadem
1455 3239 1484 3299 in
1495 3237 1624 3317 cappella

834 3339 889 3399 sibi
910 3337 1090 3400 conmuendu
1102 3338 1266 3417 sepeliatur.
1281 3338 1397 3417 Absque
1416 3339 1496 3401 clero
1518 3336 1548 3397 id
1577 3337 1625 3396 ia·

834 3451 933 3515 ctum,
964 3451 1169 3519 praeterquam
1198 3439 1333 3504 adioute
1355 3439 1387 3502 S.
1413 3439 1523 3504 Mariae
1557 3437 1624 3498 bia-

831 3534 922 3615 joris3
938 3557 997 3617 qno
1015 3539 1156 3602 cadavere
1174 3540 1509 3615 ascendenterenerunt
1525 3539 1551 3600 ei
1568 3539 1624 3599 ob·

835 3641 912 3700 viam
933 3638 1092 3702 beneficiati
1114 3640 1207 3704 dietae
1228 3642 1365 3704 ecelesiae
1394 3652 1423 3703 et
1443 3659 1509 3703 enm
1531 3658 1622 3719 usqne

836 3742 874 3801 ad
895 3743 1046 3804 eeclesiam
1068 3741 1100 3803 S.
1132 3741 1269 3806 Praxedis
1296 3745 1487 3806 associarunt.
1520 3740 1625 3802 Omnia

836 3843 906 3905 baec
932 3844 1007 3904 iacta
1034 3854 1101 3904 sunt
1121 3856 1236 3923 praeter
1259 3844 1469 3905 ordinationem
1491 3853 1621 3903 nostram

837 3945 875 4005 ad
890 3947 1066 4007 voluntatem
1086 3943 1235 4006 dumtaxat
1252 3945 1413 4024 presbyteri
1432 3941 1623 4005 lobannisde

836 4044 963 4107 Castalio
978 4045 1099 4105 rectoris
1105 4043 1297 4124 parrochialis
1315 4045 1449 4106 ecclesiae
1465 4041 1551 4126 (inter
1567 4043 1626 4103 rni-

838 4147 991 4208 nistrantes
1008 4146 1110 4207 domus
1131 4145 1300 4207 residentiae
1319 4144 1354 4206 Ι).
1377 4144 1537 4207 Cardinniis
1551 4161 1626 4205 con·

836 4246 940 4306 stituta
962 4246 1029 4329 est)
1049 4246 1099 4325 qni
1120 4244 1157 4307 ad
1178 4248 1369 4326 provisionem
1393 4264 1477 4309 cerae
1497 4247 1627 4326 exequiis

836 4347 1037 4425 dispensandae
1067 4348 1221 4428 deputatus
1266 4359 1356 4410 erat:
1390 4348 1459 4427 qnia
1489 4348 1626 4410 medietas

836 4464 920 4510 cerne
950 4445 1118 4531 hujusmodi
1152 4451 1182 4510 in
1215 4452 1363 4530 sepoilnru
1398 4449 1435 4510 tt.
1466 4449 1628 4512 cardinalis

836 4549 1010 4630 dispensum
1037 4548 1222 4630 proveniebat
1244 4571 1299 4632 pro
1325 4571 1376 4613 sua
1398 4551 1516 4631 propriu
1542 4568 1627 4612 com·
1718 4550 1721 4557 ⁴

836 4650 987 4725 moditate,
1002 4652 1072 4712 baec
1089 4652 1128 4712 ita
1147 4648 1295 4714 ordinavit
1314 4672 1371 4715 non
1392 4654 1504 4725 solum,
1516 4649 1565 4712 sed
1586 4696 1594 4709 .
1619 4698 1625 4711 .

838 4798 846 4811 .
869 4799 876 4812 .
900 4765 937 4811 .·.
971 4753 1000 4811 iu
1022 4750 1173 4813 intoriieiis
1194 4751 1300 4816 habere
1326 4754 1419 4815 dietae
1437 4754 1574 4816 ecciesiae
1593 4749 1626 4811 8.

836 4852 971 4915 Praxedis
990 4852 1122 4913 dimissae
1143 4864 1178 4914 ut
1193 4854 1309 4935 quidam
1330 4873 1365 4915 ex
1385 4857 1425 4915 cis
1439 4864 1535 4934 postea
1553 4852 1626 4911 mibi

835 4957 957 5027 retulit3
978 4956 1074 5016 omnia
1102 4956 1157 5016 alin
1187 4957 1294 5036 rapuit.
1322 4953 1506 5022 ordinatum
1527 4966 1624 5015 autern
1722 5010 1724 5013 .

834 5055 910 5129 suit,
931 5056 1011 5135 quod
1036 5056 1161 5117 cadaver
1189 5059 1219 5116 iu
1243 5058 1364 5119 ecclesia
1391 5056 1423 5117 8.
1452 5054 1561 5117 Mariae
1587 5055 1625 5117 de

836 5155 950 5236 Populo
966 5158 1124 5237 pertatem
1152 5158 1227 5220 diem
1255 5158 1464 5232 dimitteretur,
1481 5168 1532 5232 et,
1559 5159 1629 5237 qni-

835 5257 955 5345 busdam
973 5278 1007 5320 ex
1022 5261 1062 5334 eis
1077 5259 1176 5323 deinde
1191 5269 1256 5339 post
1269 5260 1393 5340 primam
1409 5258 1513 5320 boram
1534 5259 1628 5320 noctis

836 5360 1091 5441 praecedentibus,
1113 5373 1141 5426 et
1163 5362 1261 5428 decem
1284 5363 1435 5425 intorticiis
1450 5381 1491 5437 ,a
1518 5362 1626 5423 iernilia
