3764 6036
182 258 242 319 no
649 238 938 308 ronrrrrcorus
959 205 1187 302 rnnoccnrn
1209 236 1362 302 ocrsu

182 392 295 466 ricosis,
313 389 429 473 Missam
444 384 621 449 solemniter
629 381 842 453 celebraturus,
861 395 970 458 perre-

181 492 223 553 nit
242 489 280 552 ad
301 489 460 570 cappellam
472 483 617 562 maJ'orem
637 480 835 563 supradictam
857 486 985 559 praeter

181 594 285 655 bonam
321 588 589 659 consuetudinem,
609 596 640 646 et
659 583 773 663 accepit
804 587 1009 675 paramenta

180 694 278 755 omnia
299 702 457 764 consucta3
479 689 594 751 interim
616 686 685 766 quia
714 684 827 765 palmae
853 678 973 740 benedi·

182 795 288 858 cendae
309 792 437 853 noudum
458 809 492 853 ex
514 790 609 851 domo'
627 784 760 866 magistri
788 779 972 853 Florentini,

182 897 233 978 qui
255 896 319 957 illas
337 901 509 974 aptaverat,
527 899 697 969 opportunae
713 888 848 954 suerunt,
867 898 922 962 pro
938 899 974 942 eo

185 997 265 1078 quod
279 997 353 1058 idem
369 995 509 1073 magister
527 990 643 1053 volebat
656 989 710 1049 sibi
725 986 807 1067 prius
823 984 858 1045 de
873 982 972 1042 decem

184 1099 296 1161 ducatis
316 1106 470 1178 propterea
492 1092 596 1155 debitis
616 1085 770 1160 satisfieri,
792 1084 847 1146 SS.
876 1083 911 1143 D.
937 1081 972 1144 N.

184 1199 332 1262 accersitis
346 1196 383 1256 ad
397 1215 426 1256 se
441 1190 653 1254 omnibusllar.
666 1185 798 1249 Dominis
808 1183 974 1247 Cardionli·

185 1300 240 1360 bus
255 1296 360 1359 ibidem
374 1294 575 1376 praesentibus
595 1292 624 1351 in
647 1306 762 1350 camera
780 1303 833 1346 sua
853 1294 975 1358 secreta,

187 1400 348 1462 creancet
369 1395 549 1477 publicavit,
569 1392 669 1454 eodem
692 1389 817 1450 concilio
833 1382 880 1469 (l)
901 1383 974 1445 lieo.

186 1500 343 1576 Dominum
363 1496 544 1560 cardinalem
561 1494 596 1556 de
609 1492 738 1565 Medicis,
752 1489 897 1568 Legatum
916 1484 976 1545 Po·

188 1599 319 1661 trimonii
333 1597 432 1658 Sancti
447 1595 539 1670 Petri,
554 1612 639 1673 quem
656 1591 764 1664 voluit,
777 1590 863 1655 Misso
882 1585 976 1659 finiam

188 1712 222 1762 ut
242 1701 329 1762 talem
350 1698 388 1758 ab
408 1696 542 1758 omnibus
562 1693 636 1778 Rev.
658 1692 788 1754 Dominis
806 1687 975 1750 Cardinali·

188 1801 243 1861 bus
263 1798 300 1860 ad
321 1799 459 1879 palatium
474 1794 658 1857 habitationis
674 1813 754 1867 suae,
775 1791 903 1873 publice,
923 1809 978 1852 or·

190 1901 255 1963 dine
268 1885 361 1960 ‘solito
381 1888 520 1958 associari
541 1906 596 1957 etc.

260 2000 327 2061 Dux
355 1997 533 2068 Per-rorice,
563 2013 649 2075 qoem
681 1995 766 2074 prius
794 1992 976 2052 avisere‘ram

189 2100 268 2181 quod
289 2100 374 2161 Missa
396 2097 477 2158 finita
490 2130 501 2169 ›,
522 2098 618 2158 vellet
641 2095 727 2156 citius
760 2092 918 2164 recedere,
947 2100 977 2150 et

190 2202 365 2267 Cordinales'
378 2217 434 2260 non
454 2209 630 2278 expectare,
658 2196 709 2274 qui
729 2213 829 2255 omnes
849 2192 979 2252 associa·
1003 2181 1005 2189 ’

191 2301 252 2363 turi
277 2311 370 2364 essent
396 2298 577 2360 Cardioalem
610 2295 645 2357 de
677 2294 796 2358 Medicis
816 2291 978 2371 Legatum,

192 2405 269 2464 inter·
287 2420 362 2480 quos
381 2400 463 2461 locus
487 2399 540 2458 sibi
562 2397 591 2456 in
612 2394 781 2474 hujusmodi
808 2393 978 2455 conveniens

193 2521 249 2564 uon
267 2514 357 2574 esset,
378 2512 436 2561 non
456 2516 592 2561 reversus
611 2508 655 2559 cst
675 2497 712 2556 od
732 2497 893 2577 cappellam
915 2504 979 2573 post

193 2602 413 2682 processionem,
432 2600 480 2678 sed
495 2597 640 2661 descendit
655 2597 691 2656 ad
709 2597 863 2657 Basilicam
878 2594 978 2655 Sancti

188 2704 288 2775 Petri,
306 2713 336 2763 et
356 2701 420 2760 inde
441 2699 478 2760 ad
503 2699 622 2760 domum
650 2698 745 2761 rediit.
768 2695 883 2758 Dicturi
905 2695 980 2755 Pas·

193 2805 300 2865 sionem
334 2800 499 2870 babuerunt
527 2817 627 2860 omnes
659 2808 826 2880 paramenta
855 2796 978 2858 violacio

194 2904 297 2966 ordine
312 2903 423 2977 debito,
443 2913 471 2964 et
490 2902 627 2962 dlaconus
641 2919 676 2962 ac
705 2898 899 2959 subdiaconus
913 2898 980 2977 pla·

194 3016 274 3068 netas
291 3005 421 3087 plicatas.
444 3005 520 3065 Dum
541 3002 638 3063 Passio
657 3002 815 3072 dicaretur,
833 2998 979 3060 Cardine·

195 3105 230 3168 lis
248 3108 283 3169 de
304 3106 422 3168 Medicis
452 3101 666 3183 aliquantulum
694 3102 860 3164 debilitatus
886 3099 979 3174 sedit,

196 3208 317 3280 deinde,
339 3226 406 3269 cum
437 3206 544 3267 diutius
577 3222 747 3286 permanere
780 3220 836 3264 nnn
869 3211 981 3281 posset,

194 3305 284 3367 exirit
303 3307 481 3385 cappellam,
502 3306 555 3365 isit
581 3303 618 3363 od
648 3321 794 3364 cameram
820 3300 982 3364 Cardinalis

181 3403 320 3468 -Sanctae
340 3408 504 3468 Anastasiae
525 3404 575 3467 ubi
597 3406 709 3466 audivit
728 3405 892 3466 Missamet
914 3403 982 3465 lacit

199 3506 341 3567 modicam
374 3507 577 3568 collationem:
609 3508 637 3566 in
668 3504 723 3567 bna
755 3506 881 3578 Missae,
913 3521 980 3565 cunr

198 3605 318 3668 duretur
334 3607 510 3692 benedictio,
525 3605 659 3668 rediitad
676 3609 853 3686 cappellam,
870 3625 906 3666 er
921 3622 982 3684 qua

198 3726 290 3787 usque
309 3707 349 3793 od¹
368 3707 506 3789 palatium
537 3707 566 3767 ln
596 3706 705 3787 Campo
727 3708 836 3783 ¹Florae
866 3706 984 3766 babita-

198 3806 284 3869 tinnis
295 3827 365 3870 succ
379 3808 415 3868 ab
429 3808 562 3870 omnibus
580 3803 797 3880 cardinalibus,
815 3816 845 3867 et
866 3807 984 3886 praela·

199 3910 236 3970 tis
254 3928 337 3971 mora
357 3920 387 3970 et
405 3908 507 3970 ordine
528 3908 615 3971 solito
640 3909 798 3970 associatus
820 3915 872 3969 est.
900 3905 984 3966 Mar·

199 4012 266 4072 cloio
292 4010 443 4083 lindensis,
474 4007 586 4071 Orator
616 4010 805 4091 Imperatoris
832 4018 861 4069 et
894 4005 983 4085 Regis

198 4113 345 4185 Romani,
367 4130 401 4172 ac
423 4109 565 4174 Oratores
589 4109 676 4190 Regis
694 4112 878 4171 Francorum
897 4108 984 4187 eqni·

198 4199 299 4274 terunt
318 4222 383 4292 post
401 4212 568 4275 cardinales
589 4232 657 4274 cum
685 4213 749 4273 aliis
772 4212 909 4292 praelatis
930 4224 983 4292 per

197 4314 436 4391 inadrcrtentiam
451 4334 565 4390 meam3
581 4316 719 4379 debebant
733 4315 809 4376 enlm
827 4324 893 4374 onte
907 4314 984 4375 Car·

199 4415 307 4476 dinalcs
326 4416 491 4499 equitasse,
513 4418 648 4478 tolleravi
671 4430 765 4478 tamen
784 4425 905 4496 propter
919 4415 984 4475 Do·

1721 238 1824 321 (aaut

1040 379 1103 438 lum
1137 377 1198 436 site
1233 375 1485 454 congregationem
1520 387 1639 457 propter
1673 376 1825 437 aduentum

1040 478 1084 538 lll.
1105 476 1249 556 Principis
1267 475 1384 560 Capuae
1408 478 1594 557 primogeniti
1619 476 1710 537 Ducis
1743 477 1825 539 Cala·

1041 578 1121 639 briae
1142 596 1197 657 pro
1222 576 1308 637 modo
1328 587 1357 637 et
1378 577 1478 641 ordine
1501 578 1678 658 receptionis
1704 597 1776 638 sarae
1795 598 1824 640 ac

1042 680 1107 741 loco
1127 679 1180 738 sihi
1200 676 1315 751 dando,
1332 688 1363 739 et
1384 691 1536 758 postquam
1564 678 1736 759 aliquandiu
1759 681 1826 739 inter

1041 800 1090 841 cos
1112 779 1303 859 disceptatum
1324 790 1383 851 est,
1406 791 1547 855 uocatus,
1581 782 1646 842 reni
1668 779 1706 838 ad
1728 778 1824 840 circu·

1013 909 1016 913 ·
1043 882 1104 943 lam
1122 881 1151 941 in
1173 879 1268 941 medio
1286 898 1389 940 eorum
1422 881 1612 961 genuflexos,
1640 881 1692 942 ubi
1720 899 1738 941 a
1761 879 1825 942 ller.

1042 980 1127 1042 Doro.
1144 982 1389 1043 vicecancellario
1404 981 1524 1062 Collegii
1540 985 1742 1062 interrogatos
1763 983 1827 1061 quid

1043 1082 1112 1143 mibi
1133 1081 1280 1144 rideretur
1302 1082 1337 1142 de
1357 1083 1458 1144 ordine
1479 1086 1633 1163 recipiendi
1665 1085 1828 1165 Principem

1044 1184 1176 1263 Capuae,
1207 1184 1297 1244 Ducis
1331 1184 1482 1247 Calabriae
1515 1187 1767 1265 primogenitum,
1796 1185 1829 1245 ad

1046 1286 1158 1348 Urbem
1181 1297 1361 1359 tenturum,
1393 1297 1422 1347 et
1452 1288 1516 1347 loco
1548 1287 1577 1346 in
1607 1286 1748 1365 Coppelle
1780 1286 1830 1347 sibi

1046 1388 1170 1460 dando,
1204 1380 1363 1466 respondi,
1396 1383 1510 1463 judicic
1548 1405 1614 1448 mco
1651 1388 1751 1466 ipsum
1781 1406 1827 1467 per

1049 1488 1121 1550 dnos
1142 1487 1323 1559 ear-atone,
1352 1488 1483 1548 videlicet
1498 1505 1590 1548 unum
1605 1487 1830 1568 Presbyterum,

1045 1601 1075 1651 et
1096 1608 1188 1658 unum
1209 1587 1371 1648 Diaconum
1393 1590 1505 1650 nomine
1526 1587 1676 1651 Pontificio
1708 1583 1738 1650 e't
1765 1590 1832 1652 Col·

1046 1691 1130 1770 legii,
1159 1708 1193 1750 nc
1222 1689 1347 1751 familias
1376 1702 1542 1752 ceterorum
1569 1691 1702 1751 omniurn
1729 1690 1830 1752 Cardi-

1047 1793 1155 1851 nalium
1171 1808 1206 1851 ac
1219 1781 1361 1851 Drhrores
1371 1803 1398 1851 et
1415 1793 1558 1872 praelatos
1569 1790 1720 1853 Romanae
1731 1791 1831 1852 Curiae

1047 1882 1245 1974 recipiendum
1262 1913 1333 1966 esse,
1348 1912 1382 1954 ac
1399 1895 1497 1954 locum
1516 1904 1580 1973 post
1592 1893 1666 1955 Rev.
1681 1893 1833 1953 Dominum

1047 1993 1229 2055 Cardinalem'
1257 1995 1411 2054 Senenseno
1438 1998 1565 2075 primum
1591 1995 1760 2055 Diaconum
1784 1994 1833 2054 sibi

1047 2095 1173 2154 dandum
1190 2117 1200 2168 ι
1219 2105 1248 2155 et
1267 2114 1322 2175 pro
1344 2099 1454 2156 ratione
1473 2094 1577 2172 judicii
1605 2096 1661 2157 mei
1691 2096 1833 2174 allegari,

1046 2199 1168 2276 singulis
1187 2195 1300 2276 Regum
1323 2195 1391 2259 liliis
1418 2198 1565 2271 secundo,
1590 2187 1679 2257 tertio
1707 2208 1735 2258 et
1761 2197 1831 2256 ultra

1047 2301 1150 2377 genitis
1172 2300 1244 2360 inter
1260 2298 1403 2359 Diaconos
1423 2298 1588 2360 Cnrdinalcs
1610 2300 1713 2358 locum
1733 2297 1832 2357 deberi.

1048 2399 1303 2480 Proptereuquod
1325 2398 1360 2459 od
1382 2395 1477 2460 minus
1504 2419 1556 2479 per
1579 2416 1673 2460 unum
1695 2397 1831 2460 Cardine·

1047 2504 1103 2564 lem
1122 2501 1197 2562 lorea
1217 2500 1412 2581 recipiendus,
1432 2501 1647 2561 convenientius
1661 2511 1765 2559 ‘tamen
1786 2517 1830 2578 per

1047 2601 1136 2676 duos,
1158 2620 1227 2662 cum
1249 2602 1296 2662 hic
1318 2602 1354 2660 sit
1375 2599 1471 2677 major
1492 2601 1585 2685 Regis
1598 2600 1781 2681 Neapolitani
1802 2597 1831 2657 d·

1048 2706 1121 2777 lios,
1142 2723 1177 2765 eo
1199 2702 1277 2781 quod
1298 2700 1432 2780 Regnum
1455 2701 1676 2783 Neapolitanum
1699 2710 1830 2780 expectat,

1048 2803 1083 2866 de
1104 2824 1163 2883 quo
1184 2804 1270 2865 etiam
1293 2802 1494 2863 investituram
1521 2803 1627 2865 habere
1655 2803 1768 2862 dicitur
1779 2812 1830 2876 ;et

1045 2906 1232 2976 *Fridericum
1251 2922 1285 2964 ac
1302 2905 1480 2964 Pronciscus
1494 2903 1564 2965 dicti
1581 2904 1671 2982 Regis
1692 2901 1757 2973 dlii,
1773 2918 1829 2961 eun

1048 3006 1119 3065 alios
1130 3007 1157 3066 in
1170 3004 1250 3068 Urbe
1261 3016 1362 3077 essent,
1374 3015 1402 3064 et
1415 3006 1511 3064 loctrm
1525 3004 1685 3064 habuerint
1700 3006 1775 3064 inter
1793 3003 1832 3061 ul·

1050 3108 1155 3166 timum
1170 3116 1198 3166 et
1212 3106 1403 3186 penultimum
1419 3105 1560 3165 Diaconos
1576 3105 1759 3175 Cardinoles,
1775 3104 1831 3163 huic

1050 3217 1114 3286 post
1134 3207 1264 3286 primum
1288 3206 1449 3267 Diaconum
1472 3208 1572 3267 locum
1588 3206 1746 3267 convenire
1756 3226 1767 3279 ι
1787 3203 1832 3262 ad·

1050 3308 1119 3367 duni
1151 3298 1238 3368 etiam
1270 3325 1344 3386 quae
1370 3307 1399 3366 in
1429 3309 1554 3386 antiquis
1583 3305 1834 3392 Caerimonialibos

1050 3410 1204 3470 observata
1226 3410 1306 3488 legi,
1327 3418 1359 3468 nt
1380 3408 1499 3469 inlerius
1520 3410 1549 3468 in
1579 3409 1699 3468 modum
1722 3406 1833 3468 extracti

1050 3509 1204 3571 annotabo.
1226 3508 1420 3588 Replicarunt
1438 3510 1507 3570 mihi
1530 3510 1686 3570 lileriensis
1706 3521 1737 3569 et
1752 3509 1833 3567 Asea·

1052 3611 1132 3680 nius,
1155 3622 1190 3671 ac
1209 3610 1325 3689 quidem
1345 3612 1393 3670 olii
1409 3610 1587 3692 Cardinales,
1602 3610 1833 3670 Franciscnmet

1051 3711 1234 3772 Fridcricum
1256 3728 1312 3771 non
1331 3710 1407 3772 inter
1428 3710 1594 3772 Cardinales
1616 3710 1665 3770 sed
1686 3719 1754 3789 post
1773 3708 1833 3768 ulti·

1052 3829 1134 3871 rnnm
1156 3811 1340 3872 cardinalem
1359 3811 1481 3884 sedisse,
1508 3811 1623 3889 dequo
1651 3813 1713 3890 ipse
1739 3811 1834 3870 Cordi·

1053 3911 1123 3973 nolis
1144 3905 1284 3973 'Ascanius
1310 3912 1523 3979 recordabatur
1554 3911 1633 3991 quod
1664 3912 1834 3972 Franciscus

1052 4023 1116 4093 post
1136 4013 1230 4093 ipsum
1247 4012 1341 4085 sedit,
1360 4022 1389 4072 et
1404 4013 1513 4100 optime
1532 4012 1696 4073 meminisse
1712 4057 1721 4083 ,
1741 4022 1771 4074 et
1788 4029 1835 4070 an·

1052 4113 1260 4174 notassettixtt
1275 4123 1303 4173 et
1318 4110 1575 4192 quodFridericus
1595 4115 1622 4173 ln
1642 4113 1772 4175 adventu
1789 4129 1835 4172 soc

1051 4214 1087 4275 ad
1110 4216 1219 4278 Urbem
1240 4235 1292 4297 per
1312 4216 1405 4277 unum
1426 4215 1610 4292 Cordinalem
1631 4213 1771 4289 tantuin,
1796 4216 1835 4275 ri·

1052 4315 1153 4379 delicet
1167 4317 1466 4391 Vicecancellarium,
1487 4320 1536 4413 qai
1551 4337 1568 4378 a
1582 4318 1692 4378 dextris
1714 4315 1837 4395 ejusdem

1051 4418 1194 4480 Fridcrici
1211 4417 1368 4496 equitavit,
1377 4427 1513 4499 receptus
1528 4419 1594 4493 luit;
1609 4429 1760 4498 praeterea
1775 4434 1837 4479 cura

199 4515 309 4577 minum
330 4515 541 4591 Marchionem,
556 4519 668 4597 atquin
691 4517 789 4579 tarde
795 4517 864 4590 vidi,
885 4534 933 4577 eos
954 4514 983 4574 in
1048 4517 1124 4583 alias
1151 4527 1283 4605 tempore
1314 4517 1408 4578 lelicls
1440 4518 1648 4581 recordationis
1677 4519 1724 4579 Pii
1752 4519 1838 4599 Papae

199 4618 251 4679 illo
271 4619 338 4680 loco
359 4617 501 4695 equitare.

263 4720 353 4781 Peric
367 4718 493 4780 secunda
514 4718 659 4792 Paschae,
680 4738 748 4785 xxv
766 4721 889 4800 aprilis,
910 4717 983 4780 Rev.

201 4819 342 4882 Dominus
368 4820 530 4893 cardinalis
558 4821 680 4884 Sanctae
707 4821 872 4882 anastasiae
905 4820 985 4880 cele·

201 4921 299 4984 brovit
319 4915 436 4984 Missum
469 4898 614 5004 publicam
648 4923 678 4985 in
711 4906 810 4983 eadem
833 4899 984 5000 cappella,

203 5023 281 5106 Papa
301 5023 432 5100 absente,
451 5035 480 5086 et
506 5024 658 5085 observata
687 5032 755 5083 sunt
781 5022 876 5082 omnia
902 5039 985 5081 more

203 5127 295 5186 solito.
317 5127 412 5186 Finita
431 5125 529 5200 Missa,
548 5124 720 5195 Cardinales
734 5123 864 5185 iecerunt
882 5122 985 5184 circu·

1053 4619 1204 4680 Secundi
1196 4637 1225 4678 ιιι
1248 4630 1391 4681 conventu
1413 4618 1569 4681 Mantuano
1588 4619 1707 4681 luissent
1726 4638 1838 4680 succes·

1051 4722 1112 4782 slve
1134 4719 1336 4800 sigismundus
1366 4718 1517 4780 Arcbldux
1542 4719 1693 4790 Ananiae,
1720 4719 1839 4778 Prooci·

1053 4843 1119 4884 scus
1152 4823 1219 4883 Dux
1257 4822 1490 4893 Mediolanensis‚
1521 4831 1551 4882 et
1584 4821 1649 4881 Dux
1679 4819 1838 4895 Clerensis,

1053 4921 1121 5000 ipsis
1152 4920 1275 5000 singulis
1307 4921 1406 4981 lacurn
1438 4921 1467 4981 in
1496 4918 1611 4980 bancho
1643 4918 1838 4979 cardinalium

1053 5034 1117 5103 post
1142 5040 1241 5082 omnes
1272 5019 1438 5082 Cardinales
1466 5020 1649 5100 adsignalum
1678 5017 1770 5081 luisse
1787 5028 1839 5092 ,et

1053 5142 1121 5183 cum
1153 5140 1258 5202 magna
1289 5121 1452 5183 reverentia
1483 5141 1554 5201 erga
1588 5120 1758 5184 Cardinales
1785 5131 1837 5179 ste·

883 5268 979 5279 ..-
1054 5226 1140 5297 tisse3
1170 5233 1198 5283 et
1227 5220 1312 5282 iecisse
1343 5221 1417 5299 qui,
1438 5221 1555 5294 Duces,
1576 5232 1605 5283 et
1627 5223 1727 5283 titulo
1750 5213 1779 5283 et
1797 5220 1837 5279 di·

245 5346 280 5408 (tl
292 5345 341 5395 Seu
359 5347 457 5409 potius,
475 5356 563 5396 eorum
579 5343 697 5399 consto·

1052 5327 1161 5406 gnitate
1182 5318 1309 5398 majores
1335 5333 1428 5384 essent
1455 5321 1594 5405 Principe
1620 5324 1757 5406 Capuae,
1789 5319 1834 5401 qui
