3758 6030
50 223 162 311 (asos)

55 363 130 425 lecit
161 357 279 420 Idissam
314 357 343 417 ia
376 373 469 418 cornu
490 355 645 436 Epistulae.
679 354 758 417 Idem
778 354 848 417 lecit

58 460 222 524 cardinalis
257 458 286 518 in
318 455 410 537 capite
444 474 538 517 corna
560 455 722 534 Evangelii.
754 454 847 517 Finita

55 559 156 633 Missa,
177 558 338 639 episcopus,
352 564 469 636 accepta
483 556 582 628 mitra,
596 553 738 614 benedixit
751 571 847 633 popa·

57 663 123 723 Iusn
145 676 227 720 more
248 657 334 718 solito
363 655 472 717 diceas:
495 654 549 715 Sit
577 673 686 715 nomeu
715 647 848 715 Dasmini

56 744 266 826 benedictum.
288 757 365 820 'ium
385 757 489 829 ambo,
511 757 604 817 altare
625 755 782 834 signantes,
800 753 847 813 di·

56 871 165 924 xerunt
185 858 341 922 Dosuissus
363 858 542 928 uobiscum3
569 855 704 916 Initium
734 852 848 914 Sancti

56 960 231 1043 Euanpeiii
251 957 418 1021 secuudum
441 955 624 1017 Iohannem.
652 954 692 1014 Iss
720 951 848 1032 priuci-

52 1061 115 1141 pio
136 1071 191 1120 etc.
215 1053 377 1136 Episcopus
400 1055 531 1135 deposuit
551 1063 719 1134 paramenta
742 1052 847 1113 suain

56 1157 241 1230 faldistorio,
265 1167 294 1218 et
325 1154 486 1217 cardinalis
513 1154 544 1214 in
571 1153 713 1226 scabello;
733 1153 847 1232 episco-

55 1276 112 1340 pus
134 1243 336 1320 deinde'renit
366 1254 402 1314 ad
423 1253 608 1316 cardinalem
630 1251 846 1313 ad'scabellum

55 1376 144 1420 snum
158 1357 264 1418 dicens:
276 1356 340 1418 tibi
350 1353 678 1436 proficiatcardIoalis
691 1363 847 1431 antequam

57 1467 230 1537 paramenta
259 1457 417 1535 reciperet,
438 1456 511 1516 lavit
530 1471 657 1528 manus,
676 1464 707 1514 et
737 1471 846 1515 conve·

55 1556 169 1620 nienter
189 1557 279 1618 Missa
299 1557 376 1639 dicta
406 1564 471 1628 est,
492 1555 528 1616 de
549 1553 658 1618 Sancm
680 1553 843 1633 Gregorio:

55 1656 219 1720 cardInalis
240 1656 341 1717 babuit
361 1654 435 1716 duos
451 1656 633 1735 cappellanus
658 1655 772 1716 indutos
792 1672 845 1715 sn·

58 1757 235 1839 perpelliciis
256 1768 285 1818 et
304 1755 424 1819 totidem
445 1757 604 1836 episcopus.

98 1857 178 1919 Ilota
200 1857 277 1936 quod
309 1857 333 1917 si
365 1855 444 1937 Papa
479 1856 639 1917 ordinasset
665 1854 743 1916 bunc
774 1873 845 1933 pre·

54 1956 224 2038 sbpterum,
241 1958 352 2018 dictum
367 1957 469 2018 suisset
488 1976 539 2037 per
556 1956 688 2040 Priorem
699 1955 846 2017 Diacono-

55 2075 125 2117 rum
141 2057 345 2119 'cardinalium
365 2055 517 2118 Pontifici:
531 2055 629 2118 Pater
640 2041 768 2129 Sancte,
785 2073 845 2134 po·

55 2157 160 2219 stuiat
176 2156 295 2218 Sancta
310 2156 413 2218 Mater
426 2155 576 2220 Ecclesia
598 2164 655 2215 etc.
677 2171 746 2214 cuna
772 2153 846 2214 reli-

55 2257 141 2335 quis,
159 2268 188 2316 et
200 2274 252 2336 ρετ
271 2254 440 2316 Pontificem
456 2254 534 2316 dicta
549 2253 747 2325 annunciatio,
764 2272 846 2332 puo-

56 2356 145 2417 uiam
161 2355 364 2417 dilectissimi
379 2358 500 2436 fratres
521 2363 577 2415 etc.
599 2364 628 2414 et
642 2351 805 2425 instructio,
818 2363 848 2415 et

55 2456 213 2517 admonitio
228 2455 264 2514 ad
277 2454 469 2514 ordInundum
491 2453 519 2513 in
535 2452 696 2533 singulari,
715 2450 847 2513 videlicet

56 2558 271 2618 consecrande
294 2555 344 2634 pti·
362 2554 526 2614 carissi-sue
552 2553 586 2613 in
611 2553 847 2633 presbyteratus

56 2657 198 2738 ospicium
212 2665 268 2716 etc.
283 2664 311 2714 et
329 2653 386 2711 alia
401 2650 507 2725 omnia,
521 2663 611 2731 prout
626 2652 655 2710 in
671 2647 845 2710 Pontificali:

56 2757 145 2816 etiam
165 2754 329 2836 promittis
349 2753 440 2814 stabis
457 2763 511 2814 eta.
527 2763 558 2812 et
577 2752 736 2832 quiores,
754 2768 846 2829 paam

57 2866 258 2941 tractaturus
279 2875 328 2928 es,
347 2863 403 2916 etc.
429 2870 503 2931 quae
521 2852 557 2911 ab
577 2852 713 2913 Inferiore
733 2870 750 2910 a
769 2849 846 2929 Papa

57 2955 87 3015 in
108 2954 290 3016 orIInatione
317 2953 516 3015 Cardinalium
535 2954 756 3025 obmittantur,
778 2952 845 3029 quia

56 3055 226 3119 CurdInales
246 3067 396 3133 tamquam
421 3053 538 3132 alPapa
558 3052 714 3126 admoniti,
742 3064 771 3112 et
791 3070 846 3131 ap-

56 3158 184 3237 probati,
196 3177 247 3238 per
263 3158 429 3218 inferiorem
446 3156 551 3216 instrui
566 3173 623 3217 non
641 3153 752 3215 debent.
767 3152 846 3214 Idem

58 3257 272 3319 observandum
292 3267 336 3318 est
357 3258 385 3316 io
406 3256 537 3316 omnium
557 3256 685 3315 aliorum
707 3251 844 3314 ordinum

59 3360 238 3433 collatione,
259 3359 309 3436 qui
341 3355 544 3420 cardinalibus
564 3374 617 3435 ρετ
649 3354 772 3433 Papam,
801 3354 846 3415 rel

59 3460 244 3534 inierIoram,
260 3459 294 3520 de
308 3457 372 3536 ejus
391 3468 487 3518 tamen
505 3458 617 3519 licentia
633 3457 760 3535 speciali,
774 3474 847 3516 con·

62 3561 211 3622 locuntur.
231 3559 389 3621 Videbatur
411 3559 482 3619 mibi
496 3567 567 3618 aratav
577 3553 785 3617 inchoationem
799 3555 847 3614 oi-

63 3658 123 3720 ficii
146 3660 293 3738 bodlernl,
315 3659 447 3722 videlicet
468 3669 622 3735 antequam
640 3656 790 3735 episcopus
810 3656 847 3714 ad

60 3761 266 3824 confessionem
285 3772 452 3840 assurgeret
467 3770 532 3821 ante
547 3762 652 3839 ipsum,
662 3768 691 3819 et
706 3758 848 3818 cardius-

59 3864 128 3934 lem,
140 3863 268 3926 debuisse
284 3864 378 3925 dicere
396 3863 484 3924 rerba
498 3866 526 3923 in
543 3858 711 3937 hujusmodi
732 3869 847 3920 senten·

57 3964 128 4024 dam
137 3990 152 4020 a
162 3966 200 4025 lt.
211 3965 246 4025 Ρ.
254 3967 448 4027 commissum
461 3963 708 4026 eatPateruitati
717 3960 847 4022 Vestrae

54 4084 115 4144 per
132 4064 192 4126 SS.
206 4067 244 4126 i).
258 4065 296 4126 tt.
309 4067 395 4146 pssod
413 4068 494 4127 branc
507 4074 700 4145 praesentem
716 4063 791 4123 ileu.
806 4060 845 4121 I).

60 4164 265 4228 Cardiuaiem
297 4168 332 4227 in
358 4166 556 4237 Diacauatus
582 4165 694 4224 ordine
726 4162 848 4221 conati·

59 4277 177 4340 tutum,
193 4269 237 4328 ad
248 4269 481 4348 presbyteratus
504 4265 644 4326 ordinent
660 4281 847 4343 proraouea·

60 4368 103 4430 tis
114 4371 207 4451 justa
229 4369 325 4429 ritum
348 4366 486 4428 Sanctae
503 4365 662 4426 Romanae
680 4362 846 4424 Ecclesiae

59 4468 93 4529 iu
114 4469 234 4529 talibus
253 4467 381 4542 solitum
404 4465 578 4529 observari.
599 4463 725 4527 Poterit
744 4462 847 4546 ipitur

59 4567 245 4629 Paternitas
267 4567 380 4629 Vestra
401 4567 543 4648 osticium
564 4566 629 4626 sibi
651 4565 845 4625 commissum

59 4670 188 4751 assequi
207 4669 241 4730 irs
256 4668 381 4730 nomine
391 4666 533 4729 Domini.
545 4664 603 4727 Sed
617 4674 727 4747 postea,
735 4661 846 4741 judicIo

58 4774 175 4837 Domini
192 4774 250 4834 mei
263 4773 388 4853 episcopi
403 4771 592 4833 Plentinensis
611 4788 697 4851 super
714 4769 770 4830 boc
791 4768 846 4827 ba-

58 4877 123 4939 bito
140 4921 149 4950 ,
179 4877 273 4937 risum
294 4874 350 4936 luit
368 4873 560 4935 Domiaationi
583 4872 659 4959 Suae
680 4869 847 4949 hujusmodi

59 4980 152 5044 rerba
173 4998 230 5041 non
251 4977 429 5051 contenire,
450 4976 498 5038 sed
513 4977 639 5038 officium
655 4973 847 5034 inchoandum

59 5103 134 5157 esse,
151 5090 182 5143 et
204 5076 453 5160 persequendum,
470 5088 560 5158 prout
575 5076 708 5157 superius
729 5093 781 5155 ρετ
802 5092 848 5136 me

56 5186 157 5249 luerat
178 5181 374 5244 observatum.
550 5235 553 5240 ,

101 5283 255 5349 [lominica
276 5291 381 5361 quarta
407 5276 669 5359 Quadragesimae,
690 5290 764 5355 qnae
778 5273 846 5334 Iac·

524 217 810 285 rourtntcarus
832 213 1055 281 lanxluntu
1075 213 1203 278 SEXTl.

1635 218 1697 282 cll

916 364 985 415 tare
1005 351 1124 426 dicitur,
1144 368 1227 414 xrrr.
1249 349 1358 424 martii,
1377 350 1432 413 SS.
1448 351 1485 413 tt.
1501 351 1536 414 ll.
1555 370 1624 417 cum
1643 372 1700 434 pa·

915 462 1044 513 ramenta
1065 452 1148 513 solita
1167 450 1318 531 reciperet,
1328 451 1444 514 vocaus
1456 470 1502 514 me
1515 453 1553 513 ad
1571 464 1641 517 sect
1650 455 1699 529 ip·

915 553 1092 631 terrogavit,
1112 570 1148 614 an
1171 569 1207 614 aa
1227 561 1402 614 consuetam
1422 563 1518 628 esset,
1538 564 1567 616 et
1587 571 1698 617 conre-

914 652 992 713 aiens
1007 652 1076 713 clare
1091 669 1187 714 rosam
1200 653 1373 732 Imperatori
1387 652 1526 715 Romano.
1548 655 1694 735 Respondi

915 751 1066 815 Sanctitati
1097 752 1177 814 Suae
1206 766 1374 816 consuetam
1395 773 1474 828 esse,
1493 767 1521 817 et
1542 757 1572 816 in
1602 757 1697 837 prima

914 854 1064 914 donatione
1085 854 1391 917 convenientissimum.
1412 852 1551 935 Adiunxit
1570 855 1643 917 lieu.
1658 857 1695 918 D.

913 952 1075 1016 cardinalis
1092 953 1238 1028 Senensis,
1251 955 1342 1016 lelicis
1359 940 1585 1018 reminiscentiae
1607 955 1698 1018 Nico·

914 1054 993 1114 laum
1006 1053 1146 1125 Quintum
1161 1055 1359 1118 illustrissimo
1379 1067 1409 1119 et
1420 1058 1611 1119 InrietissImo
1629 1058 1701 1119 Fri·

914 1153 1011 1216 derico
1030 1156 1229 1219 Romanorum
1247 1158 1420 1236 Imperatori
1445 1157 1584 1219 moderno
1609 1158 1699 1220 etlam

913 1273 1009 1316 rosam
1019 1257 1146 1318 donasse.
1160 1256 1287 1318 'Paratus
1305 1255 1408 1319 deiade
1426 1256 1461 1318 de
1474 1255 1539 1333 ejus
1553 1258 1699 1332 mandato,

914 1362 1042 1419 omnes‘c
1069 1363 1185 1419 camera
1210 1358 1291 1421 exire
1306 1354 1395 1433 jussi,
1412 1358 1480 1419 solis
1497 1357 1700 1420 cardinalibus

913 1472 981 1516 cum
1002 1456 1162 1519 Sanctitate
1175 1456 1237 1518 Sua
1251 1456 1480 1532 remanentibus,
1502 1476 1571 1519 cusa
1590 1458 1699 1537 quibua

912 1557 1066 1619 consilium
1084 1557 1183 1620 babuit
1197 1576 1286 1639 super
1302 1576 1385 1620 rosae
1404 1557 1570 1630 donatione,
1587 1576 1700 1640 propo·

912 1675 980 1719 aens
993 1659 1081 1718 animi
1096 1659 1141 1719 sui
1158 1659 1369 1739 dispositionem
1382 1677 1454 1738 erga
1475 1659 1699 1721 Serenissimum

910 1757 1119 1838 Imperatorem
1140 1758 1343 1838 praedictum,
1364 1758 1398 1820 de
1420 1776 1548 1838 quornm
1578 1759 1700 1821 consilio

912 1859 1058 1932 (laeserit,
1087 1875 1183 1919 rosam
1216 1859 1307 1939 ipsam
1325 1857 1417 1920 eidem
1431 1860 1612 1940 ¹Imperatori
1640 1857 1697 1919 do·

912 1977 981 2021 nare
1001 1969 1031 2021 at
1060 1960 1192 2032 mittere,
1214 1976 1279 2019 rosa
1305 1959 1364 2038 Ipsa
1396 1961 1479 2038 prius
1510 1976 1593 2019 more
1612 1957 1701 2019 solito

910 2058 1058 2120 bcnedIcta
1069 2080 1080 2135 3
1113 2075 1201 2137 quom
1221 2074 1290 2118 cum
1317 2057 1509 2132 benediceret,
1538 2058 1573 2118 n.
1596 2056 1701 2119 Sinul·

911 2159 986 2239 phos
1001 2157 1140 2220 camerae
1160 2155 1341 2236 Apostolicae
1355 2158 1495 2232 clericus,
1515 2156 1598 2218 Sedis
1616 2157 1698 2236 Apo-

911 2260 1030 2321 stolicae
1051 2255 1287 2337 protonotarius,
1306 2269 1336 2318 at
1357 2256 1488 2318 babilam
1509 2257 1702 2338 protonotarii

912 2359 1055 2432 deluens,
1073 2375 1174 2418 coram
1201 2375 1236 2418 eo
1254 2356 1443 2436 genuflexus,
1461 2356 1583 2419 tenebat.
1608 2356 1703 2418 Prae·

912 2460 1005 2520 mbsis
1025 2458 1165 2539 peractis,
1185 2455 1333 2518 Sanctitas
1353 2455 1417 2516 Sua
1436 2474 1534 2518 rosam
1561 2457 1592 2517 io
1613 2473 1702 2518 mana

894 2561 1034 2632 'sinistra
1047 2568 1180 2640 portans,
1198 2569 1228 2620 at
1243 2557 1360 2619 dextera
1376 2557 1518 2637 populum
1533 2555 1703 2618 benedicens

913 2680 995 2723 more
1016 2670 1166 2732 consueto,
1186 2656 1263 2720 venit
1278 2656 1314 2717 ad
1329 2658 1487 2737 cappellam
1502 2653 1645 2734 majorem
1666 2655 1702 2720 de

913 2763 1021 2824 stantils
1045 2760 1145 2832 noris,
1160 2767 1189 2821 et
1204 2758 1308 2819 ldissae
1323 2755 1443 2819 solemni
1456 2756 1599 2829 interluit,
1614 2774 1704 2835 qnam

914 2861 989 2924 Iler.
1012 2858 1048 2920 b.
1071 2855 1234 2920 cardinalis
1254 2855 1355 2916 Sancti
1375 2854 1531 2918 Clementis
1547 2855 1706 2921 celebrarit

913 2959 1056 3024 consuetis
1070 2957 1258 3021 caerimoniis.
1265 2955 1437 3017 Sermonem
1447 2956 1516 3018 lecit
1526 2966 1704 3035 procurator

913 3060 1031 3123 Ordinis
1047 3057 1172 3119 Sanctae
1191 3056 1301 3118 blaciae
1315 3056 1350 3116 de
1368 3056 1466 3116 Monte
1489 3054 1633 3117 carmelo.
1649 3057 1703 3117 Fi·

912 3160 1078 3231 nitablissa,
1093 3158 1172 3237 Papa
1190 3157 1354 3236 reportavit
1374 3175 1470 3218 samm
1484 3155 1522 3217 ad
1541 3174 1701 3231 cameram,

911 3271 941 3322 et
960 3261 1017 3322 alia
1037 3278 1118 3320 more
1140 3252 1277 3319 consueto
1296 3266 1366 3318 sunt
1386 3257 1550 3318 observata.

953 3361 1040 3423 Faria
1070 3359 1207 3431 meando,
1229 3374 1305 3419 xxv.
1326 3358 1429 3419 mensis
1450 3359 1559 3430 martii,
1592 3358 1700 3418 lestnm

912 3461 1150 3521 Annunciationls
1163 3459 1267 3518 beatae
1278 3456 1386 3518 Mariae
1396 3457 1536 3536 Virginis,
1549 3457 1603 3519 SS.
1615 3457 1650 3517 D.
1664 3456 1699 3519 N.

912 3561 1149 3642 paraturamictu
1161 3569 1216 3621 etc.
1237 3558 1473 3637 praecedentibus
1493 3559 1588 3637 ipsum
1607 3576 1698 3620 cruce

912 3672 941 3722 et
962 3659 1174 3732 Cardinolibus,
1194 3677 1310 3719 ascenso
1336 3677 1412 3736 equo
1434 3677 1486 3738 per
1520 3661 1598 3720 viam
1615 3657 1701 3737 juxta

912 3761 1061 3823 ecclesiam
1084 3760 1185 3820 Sancti
1205 3758 1280 3820 Celsi
1300 3768 1356 3819 etc.
1380 3759 1460 3819 venit
1481 3759 1518 3818 ad
1549 3758 1699 3822 ecclesiam

914 3859 1038 3924 Sanctae
1058 3861 1167 3921 Illariae
1188 3859 1224 3920 de
1244 3858 1377 3919 Minerva
1393 3858 1456 3932 ubi,
1469 3858 1611 3919 iratribus
1631 3875 1702 3919 cum

913 3959 1001 4025 cruce
1027 3959 1279 4041 xprocessionaliter
1309 3958 1386 4017 intra
1420 3957 1528 4018 ostium
1561 3958 1698 4020 ecelesiae

912 4062 1143 4142 expectantibus,
1165 4058 1286 4118 intrarit
1315 4056 1477 4131 ecclesiam,
1507 4068 1537 4119 et
1567 4058 1699 4119 osculata

913 4183 1002 4225 cruce
1023 4181 1075 4242 per
1098 4160 1281 4223 cardinalem
1304 4157 1458 4220 &oenum
1478 4159 1531 4219 sibi
1552 4168 1700 4239 porrecta,

912 4263 1068 4335 iratribus,
1096 4261 1181 4322 Ecce
1208 4258 1367 4320 Sacerdos
1399 4259 1551 4341 Mapnus,
1572 4258 1597 4319 si
1618 4269 1699 4320 recte

913 4365 1050 4437 memini,
1072 4364 1131 4424 sire
1154 4362 1194 4423 Te
1216 4359 1314 4421 Deum
1336 4360 1501 4422 laudamus
1521 4360 1700 4423 decantanti·

911 4467 980 4539 bus,
997 4464 1075 4525 verrit
1092 4462 1129 4522 ad
1149 4462 1241 4521 altaro
1262 4457 1370 4537 majus,
1388 4460 1439 4520 ubi
1459 4461 1536 4522 lacta
1555 4462 1699 4536 oratione,

912 4566 1028 4626 dImisso
1042 4563 1218 4643 cappnccino
1231 4606 1241 4636 ,
1262 4571 1373 4624 retenta
1387 4563 1483 4637 stola,
1505 4565 1616 4644 accepit
1629 4565 1700 4644 plu·

914 4668 988 4728 viale
1018 4665 1131 4736 album,
1152 4672 1182 4723 et
1217 4680 1285 4729 cum
1307 4661 1470 4724 celebrante
1498 4663 1565 4724 lecit
1585 4662 1701 4724 coniu-

912 4768 1036 4840 sinnem,
1057 4763 1157 4826 deinde
1177 4762 1305 4825 ascendit
1324 4763 1440 4824 solium.
1462 4763 1628 4825 cardinales
1647 4779 1701 4824 ve·

913 4878 1020 4930 nerunt
1037 4865 1074 4926 ad
1093 4865 1287 4927 reverentiam
1301 4908 1310 4937 ,
1326 4874 1355 4925 et
1369 4863 1426 4924 alio
1439 4865 1534 4924 omnia
1548 4863 1701 4926 obseruata

913 4980 981 5029 sant
1001 4987 1084 5030 more
1106 4976 1251 5028 consueto.
1272 4964 1388 5025 blissam
1407 4963 1566 5025 celebrarit
1583 4963 1655 5023 Rev.
1673 4962 1704 5024 in

914 5067 1117 5132 cbristol‘J).
1131 5065 1322 5148 llopmundus
1340 5064 1490 5145 episcopus
1503 5063 1645 5125 Doliensis
1660 5058 1702 5143 (in

915 5162 1702 5251 vulgaridabonaroglia)inlosulaSordiniaersolium

915 5270 1010 5352 Papae
1039 5270 1164 5351 positum
1185 5264 1240 5328 luit
1260 5264 1380 5330 omnino
1398 5276 1465 5329 ante
1486 5262 1656 5328 memoriam
1674 5273 1703 5324 et
1750 5257 1752 5261 ’

1348 5420 1350 5425 ,
1422 5382 1451 5431 tr
