3758 6030
68 307 80 389 )
451 291 739 371 ronrntosrus
764 303 988 368 sumtuum
1010 299 1138 364 sexus.

66 451 90 511 tt
107 447 202 526 ,lilium
235 447 324 528 Regis
360 468 576 530 quemeumque
597 451 768 531 praeferen-

66 568 136 612 esse.
158 548 230 609 Res.
251 549 287 609 D.
308 548 470 614 cardinalis
501 550 629 614 &neue
657 551 769 614 ldariae

66 650 157 711 orticu
178 647 250 709 dixit
270 649 307 709 ad
328 649 481 714 Notarium
500 653 638 712 suumin
667 663 767 713 nostra

66 751 133 811 entia
155 751 312 811 notandum
334 769 391 813 non
412 770 494 827 esse3
516 753 566 814 sed
595 770 664 813 com
687 751 768 832 Papa

66 850 162 914 nderet
181 851 251 912 baec
272 851 354 912 nobis
368 853 574 914 committenda
593 863 624 915 et
644 852 768 915 manlie-

66 970 167 1026 sesse‚
182 962 335 1032 propterea
352 971 404 1014 uos
418 954 457 1015 cis
472 953 627 1016 aduertere
641 999 650 1028 ,
666 932 768 1016 sotum

72 1048 243 1114 remittendo
261 1070 291 1114 se
312 1050 425 1130 judicio
443 1053 479 1114 D.
499 1052 635 1135 Episcopi
654 1054 768 1117 Pienti-

66 1173 85 1226 ι,
107 1151 159 1230 qui
178 1151 278 1212 vocari
298 1163 408 1231 posset;
428 1151 595 1230 quodcum
624 1150 687 1214 fleri
709 1171 768 1215 non

66 1269 87 1323 z,
102 1266 169 1309 curn
200 1259 276 1311 esset
293 1250 331 1310 ad
345 1253 548 1313 associandum
573 1252 683 1315 dictum
702 1253 768 1316 Don

66 1347 150 1408 icum
185 1366 236 1428 per
261 1347 445 1410 cardinalem
467 1350 620 1414 Senensem
641 1355 763 1427 missus,

66 1467 68 1508 ;
102 1449 289 1510 nibilominus
317 1469 369 1531 per
402 1449 555 1514 llotarium
587 1471 675 1513 suum
703 1451 768 1530 ejus

73 1550 272 1628 acquiescere,
283 1559 312 1611 et
322 1548 432 1613 dicitur
449 1568 506 1617 nou
521 1563 623 1613 notare
634 1549 770 1636 (illinit

66 1669 92 1710 m
114 1669 152 1717 ¹en
167 1651 241 1721 votis
262 1648 380 1727 majoris
400 1653 490 1731 partis
505 1652 703 1715 cardinalium
715 1674 767 1734 per

66 1752 90 1810 ).
106 1749 140 1812 Ν.
160 1751 348 1825 conclusum,
368 1752 447 1830 quod
466 1753 526 1815 duo
541 1751 675 1829 juniores
693 1755 766 1816 Dia·

66 1851 221 1912 {ardinales
236 1850 346 1912 dictum
362 1851 427 1914 Don
441 1853 616 1915 Pederlcum
635 1854 672 1914 ad
686 1854 766 1916 Pon·

94 1953 287 2031 praesentiam
313 1954 506 2030 associarent,
536 1966 565 2015 et
584 1956 663 2034 quod
685 1958 767 2018 locus

66 2051 196 2112 ultimum
227 2052 389 2114 Diaconum
419 2053 602 2116 cardinalem
623 2057 767 2130 deretur,

84 2152 162 2231 quod
179 2151 314 2215 eumdem
336 2156 435 2215 locum
456 2157 526 2215 alias
548 2156 716 2230 habuisset,
738 2169 767 2219 et

79 2254 163 2316 bodie
193 2265 313 2335 propter
338 2255 513 2319 obedientiae
543 2260 766 2337 praestationem

78 2354 246 2415 Cardinales
267 2371 324 2416 non
344 2356 478 2429 sederet,
499 2358 548 2419 sed
569 2369 663 2422 staret
697 2377 766 2420 eum

66 2453 289 2516 Concretoribus
310 2457 371 2517 suis
398 2469 464 2537 post
479 2457 669 2540 Presbyteros
690 2459 768 2521 Car·

66 2576 82 2616 s
104 2557 131 2616 in
156 2557 390 2625 loeo-consueto.
412 2559 589 2623 dormiente
611 2561 712 2622 deinde
730 2562 767 2624 ad

66 2659 120 2717 inm
153 2656 218 2719 Don
239 2656 378 2720 Peter-teo
398 2662 571 2739 praedicto,
597 2681 632 2725 ne
653 2675 768 2743 tempus

66 2769 165 2831 retur,
186 2769 327 2828 venerunt
346 2760 373 2822 ei
394 2761 509 2822 obviam
529 2764 679 2842 usquead
698 2783 768 2825 eca-

66 2882 69 2918 ι
91 2860 178 2938 plano
198 2858 338 2923 camerae
370 2864 553 2941 Apostolieae
588 2865 767 2945 responden·

66 2959 145 3020 lcrr.
167 2959 229 3019 DD.
246 2960 388 3022 Ascanius
409 2962 673 3026 vicecancellarius
683 2975 713 3027 et
733 2966 768 3028 de

66 3060 259 3134 oSercrino,
280 3062 376 3123 ultimi
398 3062 595 3131 duoDiaconi
623 3066 767 3128 cardina·

67 3181 91 3222 ιο
112 3162 212 3241 piures
233 3180 269 3223 ex
289 3164 487 3225 assistentibus
509 3166 626 3247 Papae,
647 3168 698 3228 ubi
715 3169 767 3248 ipsi

66 3262 144 3323 nales
175 3261 240 3323 Don
272 3262 446 3326 Rederioum
463 3278 504 3328 ‘et
528 3269 688 3330 assistentes
708 3272 768 3330 tres

67 3374 143 3437 atos,
161 3383 196 3425 ee
212 3364 341 3438 Ducem,
361 3378 389 3428 et
409 3377 469 3428 tres
489 3368 615 3432 Comites
633 3373 784 3452 superins,

66 3477 150 3539 ratos,
173 3485 207 3528 ac
226 3468 262 3528 D.
282 3469 427 3531 Aleisium
443 3471 477 3533 de
492 3471 635 3533 Paladinis
654 3475 768 3534 utrius·

67 3566 137 3627 luris
158 3567 333 3643 Ductorem,
354 3573 442 3631 etiam
464 3573 532 3634 dicti
548 3573 635 3654 Regis
656 3572 768 3636 Orato-

67 3667 132 3748 [qui
154 3668 218 3729 aliis
230 3669 460 3734 conoretoribus
476 3718 485 3748 ,
503 3687 536 3736 ut
562 3694 651 3756 supra
673 3678 768 3738 nomi·

67 3789 79 3830 ι
105 3780 159 3842 est,
179 3769 291 3833 Urbem
311 3772 506 3845 intrantibus,
527 3773 659 3836 infirmus
680 3777 768 3859 erat)

67 3882 169 3946 erant,
198 3882 227 3935 et
257 3874 435 3940 ordinatione
461 3877 546 3939 solita
566 3879 769 3953 associarunt,

98 3972 267 4034 ordinatum
295 3994 347 4054 per
382 3995 434 4038 nos
455 3978 528 4051 luit,
559 3981 638 4059 qnod
660 3979 768 4040 familia

67 4090 125 4135 um
140 4073 204 4136 Don
217 4073 348 4168 Redet·ici
359 4088 388 4138 et
404 4078 621 4140 Conoretornm
635 4097 769 4154 suorum,
797 4112 798 4115 ¹

68 4175 227 4237 lescensum
241 4196 277 4237 ex
291 4177 387 4254 equis,
403 4177 441 4237 ad
466 4178 613 4240 Pontillcis
631 4199 769 4259 praesen·

68 4279 172 4357 absque
188 4295 273 4338 mora
285 4278 383 4357 aliqua
398 4279 575 4355 escusdcren
586 4290 613 4341 et
624 4291 687 4361 post
704 4300 768 4343 eam

68 4381 236 4441 Franciscus
252 4391 282 4441 et
296 4378 441 4442 Oratores
460 4382 612 4461 praedicti,
630 4383 768 4444 Ascanius

68 4482 130 4540 noti
152 4478 286 4541 Severini
314 4480 481 4544 cardinales
500 4501 569 4543 cum
590 4483 654 4545 Don
675 4484 768 4547 Pede·

68 4584 170 4643 solium
196 4582 292 4662 Papae
312 4582 511 4657 escenderent,
526 4586 649 4647 Ascanio
663 4586 769 4665 ubique

68 4683 185 4757 edente,
202 4695 232 4744 et
253 4682 285 4744 S.
306 4683 437 4747 Severini
453 4685 518 4746 Don
532 4686 704 4749 Federicum
720 4707 762 4750 se·

70 4801 95 4844 e.
129 4782 274 4864 Receptus
294 4783 351 4844 luit
371 4784 511 4865 Princeps
532 4787 648 4865 primo,
670 4787 769 4850 deinde

68 4898 121 4947 cto
152 4886 346 4949 conoratores
366 4887 416 4965 sni⁸
437 4897 502 4966 post
526 4903 593 4948 eum
612 4887 648 4947 ad
670 4888 769 4969 pedis,

68 5008 84 5046 s
105 4998 134 5047 et
154 4988 215 5047 oris
229 4985 325 5067 Papae
343 4987 478 5048 osculum
493 5005 576 5051 more
594 4989 688 5050 solito.
703 4985 769 5057 Quo

77 5087 136 5169 lpse
166 5087 306 5168 Princeps
328 5087 427 5149 literas
448 5088 587 5168 genitoris
613 5088 659 5148 sui
680 5087 769 5167 Regis

69 5189 159 5251 ditoni
176 5189 212 5249 ud
232 5189 260 5250 id
279 5188 423 5250 conlectos
448 5186 580 5250 Pontillci
601 5199 770 5268 praesenta-

69 5308 199 5353 asserens
235 5288 461 5351 Serenissimum
489 5289 649 5369 genitorem
683 5305 769 5348 suum

69 5394 203 5458 >litonum
236 5388 346 5470 Regem
378 5409 409 5452 se
446 5389 616 5452 beatissimis
650 5388 769 5470 pedibus

1562 294 1625 365 223

837 447 1006 510 Sanctitatis
1039 444 1117 517 Suae
1143 441 1292 523 humiliter
1314 440 1532 503 commendare.
1548 439 1625 502 Tum

837 550 993 611 adlocuta
1012 547 1130 617 solitum
1153 543 1290 616 ilerunt,
1311 542 1396 606 dietis
1417 541 1530 610 dnobus
1550 541 1629 605 Cor·

838 647 982 709 dinclibns
996 645 1166 726 Principem
1196 643 1346 724 usquead
1377 640 1483 718 daem,
1503 660 1560 705 non
1582 653 1628 704 te·

815 794 818 807 .
839 769 905 813 men
931 759 1014 811 estre
1036 745 1164 808 banchus
1184 745 1394 816 cardinalium,
1410 743 1629 806 associantibus.

837 852 874 912 D.
897 850 1006 911 Paulus
1028 849 1063 910 de
1085 847 1191 909 Planco
1217 864 1300 908 suam
1322 844 1553 907 commissionem
1573 846 1630 906 ite·

837 970 906 1013 rum
939 951 1099 1023 conclusit;
1132 958 1161 1009 et
1194 948 1272 1028 Papa
1307 946 1463 1027 respondit.
1494 946 1629 1008 Fuerunt

836 1051 938 1114 deinde
958 1070 1010 1132 per
1043 1049 1221 1131 Episcopum
1253 1047 1521 1129 Caput‘aquenssm⁴
1541 1048 1631 1109 lectae

836 1152 962 1232 Regeles
983 1153 1108 1224 litterae,
1131 1151 1309 1212 continentes
1330 1149 1424 1229 ipsum
1446 1146 1556 1226 Regem
1577 1164 1630 1208 ea·

836 1250 984 1314 rissimur'n
1005 1249 1099 1312 lilium
1119 1270 1207 1312 suurn
1239 1248 1390 1311 illustriss.
1419 1248 1532 1309 Ducem
1564 1246 1631 1308 dn·

835 1352 986 1425 driensem,
1001 1350 1167 1432 Principem
1187 1354 1357 1413 Altamurse
1375 1361 1404 1411 et
1420 1349 1513 1428 Regni
1526 1348 1630 1409 Admi-

833 1450 975 1525 randum,
996 1469 1063 1512 cum
1085 1452 1149 1512 aliis
1168 1436 1398 1513 conoratoribus
1419 1451 1500 1523 suis,
1520 1449 1629 1529 absque

834 1546 955 1622 illorum
976 1553 1125 1632 nominum
1144 1552 1337 1633 expressione,
1355 1552 1470 1613 mittere
1484 1569 1541 1632 pro
1557 1550 1629 1612 obe-

833 1653 939 1714 dientia
955 1653 1127 1731 praestanda
1142 1663 1198 1715 etc.
1218 1651 1255 1712 R.
1276 1653 1309 1712 P.
1325 1649 1362 1712 D.
1378 1651 1457 1714 Zeno
1475 1653 1629 1733 episcopus

833 1752 934 1814 Sancti
947 1752 1042 1815 ilorci
1053 1753 1121 1815 lecit
1135 1757 1306 1816 orationem.
1329 1755 1424 1814 Finito
1454 1755 1627 1816 consistorio

834 1854 972 1936 Princeps
990 1857 1127 1935 portarit
1146 1853 1276 1915 fimbrias
1296 1855 1474 1937 posteriores
1493 1854 1629 1936 pluvialis

835 1955 940 2036 Papae,
960 1956 1053 2017 Revv.
1069 1956 1106 2016 D.
1120 1955 1288 2017 cardinales
1316 1955 1448 2017 Senensis
1466 1972 1501 2015 ac
1522 1955 1628 2018 came·

835 2059 934 2118 rarius
959 2059 1120 2118 assistentes
1142 2055 1263 2116 Diaconi
1292 2057 1432 2117 continuo
1460 2058 1630 2117 assisterunt

835 2157 951 2237 Papae,
972 2168 1078 2217 stantes
1104 2174 1255 2236 quousque
1279 2157 1421 2236 Princeps
1451 2157 1630 2219 aPontillee

834 2277 903 2319 euro
917 2260 976 2320 suis
991 2257 1370 2339 conoratoribusceceptus
1390 2257 1504 2332 lolsmt3
1524 2257 1630 2336 quibus
1646 2264 1649 2268 ’

836 2361 959 2440 receptis
973 2358 1111 2420 sederunt
1123 2358 1153 2418 in
1172 2358 1283 2418 baneba
1298 2376 1350 2418 sua
1364 2377 1447 2420 more
1461 2358 1554 2418 solito.
1567 2357 1629 2419 De·

835 2461 934 2538 positis
958 2478 1011 2539 per
1045 2457 1155 2540 Papam
1176 2458 1535 2540 paramentis,Sanctitas
1566 2456 1628 2518 Sus

834 2561 976 2621 commisit
987 2559 1080 2622 Rerv.
1100 2560 1162 2621 DD.
1175 2560 1377 2622 beneventano
1387 2570 1416 2620 et
1432 2558 1467 2621 de
1484 2559 1627 2621 Columna

836 2661 1055 2736 cordialibus,
1074 2662 1152 2741 quod
1171 2660 1336 2743 Principem
1357 2663 1431 2723 inter
1452 2681 1483 2722 se
1501 2660 1628 2722 medium

837 2779 931 2840 usque
962 2763 1000 2822 od
1020 2764 1184 2842 Apostolos,
1205 2781 1289 2824 more
1311 2763 1407 2836 solito,
1428 2762 1629 2836 assererent,

837 2875 927 2943 prout
955 2863 1066 2924 lectum
1100 2875 1152 2927 est.
1181 2862 1240 2934 Qui
1260 2863 1448 2937 cardinales,
1470 2862 1521 2922 ubi
1547 2864 1629 2923 locus

834 2965 956 3024 strictus·
973 2976 1058 3036 eret,
1081 2963 1243 3046 Principem
1266 2965 1440 3045 praecedere
1478 2965 1610 3024 lecerunt
1616 2985 1627 3038 3

835 3074 864 3124 et
884 3063 978 3136 benc,
1001 3065 1069 3141 quia
1101 3064 1151 3124 sic·
1171 3064 1326 3128 convenire
1356 3064 1528 3137 ridebatur,
1561 3064 1628 3124 licet

838 3165 980 3226 Ascanius
995 3182 1064 3225 cunr
1080 3164 1112 3225 S.
1132 3163 1282 3238 Severini,
1304 3176 1333 3228 et
1352 3165 1426 3226 idem
1446 3183 1540 3246 nuper
1558 3165 1627 3224 cum

835 3266 941 3327 blontis
966 3265 1083 3346 Regalis
1103 3267 1205 3339 aliter,
1227 3278 1254 3327 et
1274 3266 1311 3325 ad
1343 3283 1426 3325 suam
1450 3267 1628 3326 voluntatem

834 3385 870 3427 ex
901 3368 1045 3447 singulari
1078 3366 1204 3446 quadarn
1234 3367 1374 3447 passiam,
1396 3365 1627 3427 obsecraverint.

835 3468 998 3547 Antequam
1021 3467 1077 3528 boc
1107 3485 1191 3529 mane
1212 3478 1353 3529 secretam
1375 3487 1458 3528 snam
1481 3485 1628 3529 cameram

834 3569 929 3630 exiret
950 3567 1153 3628 Sanctissimae
1178 3567 1320 3628 Dominus
1340 3566 1457 3641 Noster,
1478 3568 1630 3630 intellectis

834 3688 852 3729 a
867 3689 913 3732 me
928 3672 1023 3731 tribus
1039 3669 1160 3732 dirersis
1177 3670 1329 3732 ordinibus
1340 3671 1370 3730 in
1384 3669 1515 3730 dicendis
1525 3671 1630 3732 lectio·

837 3772 919 3833 nibus
939 3773 969 3833 in
990 3773 1136 3833 matutinis
1156 3770 1266 3832 listelis
1279 3772 1394 3832 Domim
1415 3769 1537 3831 diversis
1551 3781 1626 3832 tens·
1730 3821 1734 3830 .

836 3874 958 3954 poribus
989 3873 1166 3947 obseruatis,
1200 3873 1295 3934 voluit
1317 3871 1401 3951 quod·
1430 3872 1555 3952 primam
1582 3872 1628 3932 le·

837 3975 961 4037 ctionem
993 3976 1151 4055 demptus,
1173 3974 1330 4036 secundam
1350 3973 1491 4045 Auditor,
1513 3974 1629 4035 tertiam

836 4073 1065 4149 subdiaconus,
1097 4086 1234 4154 quartam
1281 4075 1354 4138 Rev.
1396 4075 1434 4135 D.
1468 4073 1630 4136 cardinalis

837 4175 945 4237 Montis
959 4175 1076 4256 Regalis
1089 4174 1192 4253 junior
1211 4176 1386 4258 Presbyter,
1409 4178 1539 4256 quintam
1554 4174 1630 4237 llln·

836 4276 933 4337 striss.
953 4276 1018 4337 Don
1032 4277 1213 4352 Friderieus,
1226 4295 1321 4339 ensem
1336 4277 1507 4351 habiturus,
1522 4287 1629 4339 sestam

837 4377 909 4439 Rev.
933 4379 968 4439 D.
992 4377 1156 4441 Cardinalis
1184 4378 1307 4442 Sanctae
1338 4381 1519 4452 Anastasiae,
1540 4380 1632 4458 septi-

837 4499 914 4540 mam
943 4479 1161 4554 Cancellarius,
1185 4489 1320 4541 octavam
1341 4479 1490 4552 Senensis,
1510 4480 1630 4541 Diaconi

837 4580 991 4643 Sanctitati
1016 4580 1095 4641 Suae
1122 4582 1284 4644 assistentes
1302 4581 1444 4654 dicerent,
1476 4592 1506 4643 et
1526 4599 1630 4642 mnam

839 4682 985 4744 Sanctitas
1007 4679 1068 4742 Sua
1089 4701 1119 4742 se
1146 4680 1292 4743 dicturam
1313 4681 1406 4756 disit3
1434 4680 1513 4761 quod
1536 4681 1631 4742 voluit

836 4783 958 4865 singulis
978 4782 1153 4863 supradictis
1184 4802 1235 4863 per
1258 4801 1305 4844 me
1326 4782 1455 4843 intimari
1486 4791 1576 4862 prout
1593 4801 1628 4843 ex

837 4896 907 4947 tunc
934 4885 999 4946 leci.
1022 4883 1087 4946 Don
1108 4882 1265 4946 Federiens
1286 4882 1371 4945 bodie
1390 4901 1458 4944 cum
1479 4883 1630 4944 omnisne

836 4986 949 5047 lamilia
971 4983 1150 5046 ornatissime
1172 4985 1250 5046 venit
1269 4982 1307 5044 ad
1327 4983 1489 5058 Palatium,
1510 5003 1545 5048 ae
1565 4997 1631 5048 ante
1715 5042 1717 5045 .

837 5107 867 5149 se
891 5085 1006 5147 babuit·
1020 5096 1078 5147 tres
1099 5084 1198 5166 pagins
1217 5102 1300 5146 more
1320 5084 1489 5148 trementes
1506 5086 1632 5162 indotos,

840 5189 956 5249 vestitos
976 5205 1010 5249 ex
1035 5184 1156 5248 solemni
1177 5186 1354 5260 cremcsino,
1374 5188 1464 5266 perlis
1485 5187 1630 5267 pulcber·

838 5288 920 5350 rimis
949 5297 979 5349 et
1005 5286 1149 5368 lapidibus
1181 5284 1319 5367 preciosis
1358 5296 1498 5362 ornatos,
1520 5289 1570 5367 qui
1601 5301 1630 5350 et

836 5407 926 5467 equos
946 5387 1112 5467 equitabant
1131 5405 1213 5449 more
1233 5388 1411 5452 alemannico
1427 5399 1553 5468 paratos.
1568 5387 1633 5452 Su·
