3758 6030
55 256 167 340 (star)

58 395 193 475 recipere
214 401 312 473 petam
332 391 362 450 in
381 390 498 473 eisdem,
519 393 566 454 rel
588 392 720 472 ipsorum
743 391 853 469 aliquo,

58 514 112 560 nec
131 496 218 558 etiam
237 492 400 572 occupabo,
426 502 478 553 aut
499 509 643 572 occupare
665 489 854 572 permittam,

57 614 110 658 seu
131 596 234 655 sociam
256 592 423 674 praemissa,
441 612 491 654 seo
512 603 623 674 partem
645 595 776 670 aliquam
797 612 854 654 co·

59 695 207 768 rumdam,
230 713 282 755 nec
304 696 353 754 illa
378 694 518 755 aliendam
542 695 587 754 acl
607 694 778 766 molestabo,
798 710 850 753 nec

58 800 148 859 etiam
173 795 335 856 Romnum
358 796 541 867 Ecclesiam,
561 811 678 872 quoque
697 793 751 852 sub
783 811 853 853 cen·

58 900 156 966 suris,
177 896 335 975 poenisque
362 893 559 974 spiritualibus
588 905 619 953 et
642 892 853 981 temporalibus

59 998 89 1057 in
121 995 293 1076 supradictis
323 995 561 1067 conditionibus,
597 1005 627 1054 et
659 993 853 1054 inlaudationc

60 1102 216 1171 coercentis,
237 1117 309 1177 quas
330 1096 377 1155 hic
398 1096 496 1156 lrabeci
518 1096 584 1156 rolo
605 1096 634 1153 in
653 1095 777 1174 singuiis
792 1094 853 1152 suia

60 1199 194 1278 partibus
220 1216 274 1277 pru
299 1195 495 1275 specificatis,
516 1205 544 1255 et
566 1193 717 1275 repetitis,
743 1202 772 1253 et
801 1211 874 1251 exv

61 1301 178 1380 pressis:
201 1298 380 1369 scismatico,
397 1314 446 1355 scu
466 1295 593 1354 heretico
614 1295 789 1370 cuicumque
804 1293 850 1352 vel

61 1398 149 1459 adde
169 1399 252 1458 derio
268 1400 313 1457 vel
335 1396 372 1455 ab
395 1399 454 1476 ipsa
473 1393 603 1455 Ecclesia
619 1393 749 1473 praecisa
771 1387 853 1466 ejus·

62 1517 120 1578 que
156 1497 361 1576 seguucibos,
392 1506 444 1556 aut
475 1495 608 1554 ducatibus
640 1493 680 1553 eis
714 1491 853 1552 auxilium

61 1597 216 1658 corasilium
236 1596 282 1656 rei
304 1596 446 1664 lavarem,
466 1612 522 1653 non
544 1593 619 1653 dabo
640 1592 744 1671 quotis
768 1589 855 1649 modo

62 1716 116 1778 per
134 1714 179 1758 me
195 1697 240 1757 vel
256 1696 358 1767 aliurn,
369 1713 421 1755 seu
435 1694 506 1754 aiios
521 1693 630 1754 directe
642 1692 688 1751 rel
706 1688 855 1765 indirecte,

63 1799 179 1880 publice
210 1796 255 1858 rei
288 1796 427 1866 occulte,
448 1792 586 1853 auxilium
603 1836 612 1866 ,
632 1789 784 1851 cortsilium
807 1789 853 1852 tel

62 1899 206 1969 favorem,
225 1915 278 1957 nec
295 1895 331 1955 ab
350 1895 430 1968 aliis,
447 1905 589 1973 quantum
609 1892 639 1952 in
656 1889 853 1961 masuarinsi

62 1999 202 2079 impedire
221 2008 334 2077 potero,
349 1995 414 2056 dari
436 1996 617 2075 permittam,
633 1991 682 2053 sed
704 2008 754 2051 eos
771 1990 854 2069 juxta

62 2118 145 2179 posse
167 2116 275 2169 meum,
297 2096 386 2156 donec
410 2104 628 2165 convertantur,
654 2107 812 2172 persequar
827 2099 855 2150 et

62 2199 207 2259 invadam.
221 2196 303 2267 Quae
318 2197 426 2268 amnia,
440 2207 470 2257 et
483 2194 610 2274 singula,
626 2203 659 2254 ιιι
670 2189 780 2267 jacent,
801 2190 855 2249 sub

64 2299 120 2361 ttae
145 2319 208 2361 anea
230 2299 320 2378 Regia
341 2299 461 2369 rolens,
488 2295 561 2357 Rer.
583 2297 612 2355 in
639 2294 757 2355 cbristo
771 2291 853 2352 Patri

63 2404 94 2455 et
105 2394 141 2454 i).
152 2392 187 2455 D.
200 2392 325 2453 iohanni
341 2392 419 2450 tituli
432 2389 555 2450 Sanctae
567 2389 716 2448 Susannae
731 2386 855 2447 &natae

64 2493 210 2555 Romanae
224 2493 370 2554 Ecclesiae
392 2492 568 2572 Presbytero
593 2490 741 2553 Cardinali
766 2487 856 2548 Mon·

65 2595 414 2676 tisRegalisApostolicae
426 2594 507 2654 Sedis
522 2592 633 2672 Legata
647 2593 684 2652 ad
701 2591 771 2652 baec
788 2610 855 2669 spe·

64 2698 176 2758 cialiter
203 2697 363 2776 deputata,
386 2696 448 2754 vice
478 2707 506 2754 et
533 2695 646 2754 nornine
673 2691 729 2754 SS.
757 2692 794 2751 l).
820 2689 855 2752 R.

66 2798 180 2877 Papae,
199 2797 381 2873 sanctaeque
401 2794 549 2854 Romanae
570 2792 717 2853 Ecclesiae
738 2790 857 2871 praedi-

66 2910 195 2968 ctorum,
216 2896 374 2977 praesenti,
396 2894 545 2973 stipulanti
564 2903 593 2953 et
618 2891 779 2971 recipienti,
798 2909 856 2951 eu-

66 3019 146 3071 rore,
167 3016 339 3080 paucarare,
361 3008 390 3056 et
411 2996 506 3056 iacere
526 2992 733 3054 inviolabilitas·
753 2992 857 3052 obser·

67 3122 150 3172 vare,
171 3100 310 3180 promitto
332 3097 462 3175 pariter,
484 3106 513 3154 et
530 3090 610 3169 juro.
634 3090 684 3151 Sic
711 3109 757 3151 me
778 3090 857 3152 Deus

66 3201 203 3281 adjraret,
224 3210 252 3258 et
274 3199 381 3258 Sancta
399 3195 469 3254 baec
490 3193 543 3254 Dei
565 3191 722 3271 Evangelia
745 3213 773 3249 a.

110 3301 187 3362 Tum
209 3298 270 3360 Rex
298 3296 396 3355 ambas
421 3312 523 3353 manus
545 3310 633 3371 super
653 3289 764 3351 librum
786 3289 857 3349 ntis·

66 3405 147 3475 sale,
167 3418 254 3480 quem
279 3398 386 3459 Rerer.
407 3394 535 3473 Legatos
566 3391 700 3464 tenebit,
728 3390 859 3451 videlicet

67 3512 199 3571 dextram
220 3523 308 3582 saper
330 3499 527 3569 Crucillsum,
551 3506 580 3557 et
604 3496 749 3555 sinistram
770 3511 858 3572 super

68 3620 195 3688 quatuor
215 3603 375 3682 Evangelia
399 3599 435 3659 ad
455 3600 525 3659 baec
551 3597 711 3677 specialiter
732 3596 760 3654 in
782 3585 861 3655 dicto

68 3711 174 3771 blissali
194 3706 316 3786 depicta,
333 3712 362 3764 et
381 3702 508 3781 scripta,
529 3707 615 3779 ponat
624 3719 635 3771 3
659 3696 758 3775 sicque
778 3696 859 3774 legit,

68 3820 98 3871 et
118 3807 211 3886 jurat.

112 3907 257 3977 interim,
279 3903 348 3962 dum
366 3899 569 3978 juramentum
595 3895 777 3977 praedictum
806 3912 858 3974 per

73 4011 184 4090 Regem
206 4017 384 4089 praestatur,
406 4005 545 4066 vexillum
568 4002 692 4063 Sanctae
713 3999 859 4061 Romanae

69 4110 240 4182 Ecclesiae,
264 4108 301 4167 ad
323 4108 379 4168 boc
400 4126 451 4187 per
475 4107 612 4167 sanctiss.
634 4106 669 4165 l).
692 4103 726 4164 tt.
748 4104 857 4184 Pupam

69 4211 190 4271 missurn
211 4255 219 4284 ,
242 4211 408 4289 imponatur
430 4225 499 4267 suae
527 4207 647 4277 bastae,
674 4215 704 4265 et
730 4214 859 4264 erectum

70 4321 203 4372 teneatur
223 4329 275 4389 per
291 4309 460 4388 religiosum
488 4318 516 4367 et
535 4318 686 4367 strenuum
709 4303 859 4364 dominum

72 4412 271 4475 Calurandum
293 4409 336 4492 (i)
361 4408 469 4487 Borgia
493 4408 610 4467 militem
633 4404 742 4466 ordinis
761 4402 859 4462 Sancti

71 4513 212 4576 iohannis
234 4510 502 4581 Hierosolimitani,
523 4506 660 4587 praedicti
683 4505 756 4565 Rev.
773 4502 858 4564 Dom.

71 4614 232 4678 Cardinalis
249 4628 446 4691 germanum,
470 4610 521 4686 qai
549 4608 687 4667 uexillum
712 4607 806 4684 ipsum
825 4623 861 4663 ex

72 4714 273 4779 commiisione
297 4711 328 4770 S.
346 4709 382 4768 Ι).
395 4707 429 4769 Ν.
452 4707 545 4786 Papae
565 4726 599 4768 ex
620 4705 700 4769 Urbe
721 4705 859 4785 portarit

117 4813 262 4875 Praestito
279 4811 446 4891 juramento
476 4827 528 4887 per
550 4806 682 4885 Regem,
711 4815 744 4864 ut
772 4823 860 4884 prae·

75 4919 196 4986 lertuc,
217 4912 355 4973 vexillum
383 4912 475 4989 ipsum
498 4926 597 4969 coram
620 4905 732 4984 Legata
759 4914 861 4983 porta·

73 5030 139 5089 tur,
156 5016 208 5094 qui
225 5015 336 5074 basiam
356 5013 384 5071 in
402 5011 502 5070 dextra
530 5009 680 5088 recipiens,
700 5005 772 5066 iliud
788 5004 860 5084 Regi

73 5116 227 5199 recipienti
249 5114 362 5188 tradit,
393 5113 546 5192 ipsumque
578 5109 612 5169 de
643 5107 747 5187 Regno
776 5105 862 5167 inre·

74 5221 214 5282 sciturum
234 5215 323 5276 dicit:

119 5344 136 5377 a
154 5317 338 5380 taccat-tana
357 5310 523 5395 Apostoliea
542 5311 623 5373 nobis
645 5308 673 5371 in
696 5308 751 5370 bac
780 5314 862 5387 parte

525 251 807 319 nuntiaremus
828 253 1052 316 sbssxtuottt
1072 257 1198 319 uexat.

1637 259 1699 319 tat

921 410 1066 467 concessa,
1080 409 1133 473 pec
1151 393 1352 472 appensionem
1374 392 1462 472 bojas
1485 397 1581 458 vexilli
1608 397 1706 458 eccle·

919 493 1026 555 siastici
1049 495 1078 554 ln
1099 494 1155 555 tuis
1178 494 1322 568 manibus,
1345 506 1373 557 te
1394 496 1428 558 de
1451 496 1552 577 Regno
1568 496 1707 574 Siciliae,

919 601 949 653 et
973 604 1051 654 terra
1067 594 1142 653 citra
1157 594 1310 667 Pharum,
1329 612 1421 673 nsque
1442 597 1478 656 ad
1500 596 1624 659 confinio
1643 611 1707 660 ter·

920 705 1023 754 aarum
1057 692 1180 752 Sanctae
1202 692 1348 779 Romanae
1378 695 1549 771 Ecclesiae,
1581 700 1707 777 exceptis

920 792 1038 853 civitate
1058 793 1280 867 beneventana,
1301 805 1330 855 el
1344 795 1505 870 territorio,
1529 798 1707 859 districtibus

921 902 951 953 et
972 893 1148 972 pertinentiis
1170 894 1242 966 suis,
1263 894 1291 954 in
1314 896 1448 957 omnibus
1470 897 1573 976 Regni,
1593 909 1623 958 et
1643 909 1707 959 ter·

921 1010 971 1053 rae
1003 993 1220 1072 praedictorum
1249 995 1371 1071 juribus
1397 1007 1427 1057 ει
1460 998 1656 1076 pertinentiis,
1677 999 1706 1058 in

922 1090 1027 1167 quibus
1048 1094 1145 1155 clarae
1167 1095 1324 1155 memoriae
1352 1096 1535 1157 Eerdinando
1555 1096 1629 1174 Regi
1651 1115 1706 1175 ge·

921 1193 1015 1253 nitori
1037 1205 1098 1266 tuo,
1120 1194 1220 1274 rigore
1241 1197 1447 1268 investiturae,
1466 1208 1495 1257 et
1517 1199 1707 1258 concessionis

921 1310 974 1369 per
993 1293 1086 1353 felicis
1120 1294 1330 1355 recordationis
1363 1297 1561 1357 Innocentium
1594 1296 1704 1376 Papam

921 1385 1090 1465 Octavum,
1109 1393 1164 1453 sub
1181 1395 1268 1454 certis
1288 1393 1375 1456 modo
1396 1405 1425 1455 et
1443 1395 1538 1456 torma
1561 1396 1705 1456 sactorum

922 1493 1109 1567 successisti,
1131 1494 1321 1566 investimus,
1341 1505 1432 1573 teque·
1445 1497 1475 1556 in
1496 1496 1614 1557 illorum
1638 1513 1708 1554 rea·

923 1592 1002 1664 lem,
1024 1594 1231 1672 corporalem,
1262 1603 1292 1655 et
1324 1595 1466 1656 actualem
1500 1596 1705 1675 possessionem

922 1692 1097 1852 isnducimus.
1119 1695 1152 1756 ln
1174 1695 1288 1756 nomine.
1309 1694 1404 1757 Patris
1425 1707 1453 1757 et
1477 1695 1546 1757 Filii
1570 1706 1599 1758 et
1626 1695 1705 1776 Spin.

944 1792 1021 1853 tincti
1045 1817 1071 1851 ι.

964 1891 1041 1953 Τιιιιι
1062 1892 1234 1973 magnid'cus
1254 1897 1290 1957 D.
1314 1896 1439 1958 lacobus
1457 1897 1634 1971 Coraaolus,
1654 1915 1705 1957 ca·

925 2010 985 2052 mes
1006 1992 1427 2077 Burgemis(l)Caneellarius
1448 1996 1557 2076 Regni,
1573 1997 1708 2057 vexillum

922 2090 957 2154 de
978 2092 1113 2154 manibus
1135 2094 1226 2172 Regis
1246 2096 1415 2176 accipiens,
1439 2097 1511 2157 iilud
1533 2097 1561 2157 in
1582 2097 1711 2158 sacristia

924 2209 978 2270 pro
1000 2191 1081 2271 Rege
1102 2205 1204 2273 parata
1225 2205 1349 2274 portat,
1370 2206 1398 2257 et
1420 2196 1542 2275 reponit.

965 2290 1072 2372 Surgit
1108 2293 1199 2367 Rex,
1226 2306 1255 2356 et
1286 2298 1314 2355 in
1335 2295 1498 2357 taldisaorio
1531 2312 1606 2368 suo,
1627 2293 1708 2372 quod

925 2393 981 2453 erit
1003 2394 1031 2452 in
1050 2394 1179 2474 opposito
1198 2393 1322 2474 Legati,
1351 2397 1524 2474 competenti
1559 2394 1710 2466 distantia,

928 2493 1060 2554 videlicet
1092 2496 1257 2574 palmorum
1288 2496 1475 2573 quindecim,
1499 2496 1544 2555 rel
1566 2498 1667 2566 circa,
1693 2513 1711 2553 a

924 2592 1021 2671 prima
1053 2593 1149 2671 gradu
1178 2594 1282 2654 aitaris
1314 2595 1343 2654 in
1370 2595 1422 2656 ilio
1453 2597 1539 2676 plana
1562 2594 1711 2673 positum,

925 2691 1001 2753 sedet
1015 2736 1025 2766 ,
1054 2692 1166 2772 Legata
1186 2695 1259 2754 facie
1281 2713 1388 2767 versa,
1416 2705 1446 2756 et
1470 2694 1553 2775 'opud
1582 2713 1649 2754 eum
1682 2696 1711 2755 in

925 2791 1039 2852 duobus
1060 2795 1192 2855 scabellis
1214 2794 1281 2855 binc
1302 2806 1331 2855 et
1357 2795 1422 2857 inde
1441 2794 1539 2875 positis
1560 2795 1710 2856 sedent....

924 2889 973 2948 ubi
993 2891 1049 2950 sibi
1072 2892 1196 2954 invicem
1214 2895 1301 2954 iacies
1323 2894 1408 2970 qttusi
1428 2906 1539 2955 restent
1554 2891 1600 2976 (d)
1618 2895 1712 2973 magis

964 3106 1091 3169 (titionis
1107 3108 1133 3157 ai
1148 3107 1272 3158 driensa:
1286 3107 1447 3158 Sounonre.

970 3190 1005 3252 (ι)
1021 3187 1121 3245 Codex,
1137 3188 1179 3236 trio
1191 3187 1224 3235 ab
1236 3189 1421 3248 exemplatore
1434 3187 1548 3248 turpiter
1559 3190 1710 3248 corruptus,

924 3269 1107 3322 restituendus
1123 3271 1165 3316 est
1180 3267 1271 3315 verbis
1290 3272 1406 3316 naronrr
1421 3271 1573 3317 sanctonas
1588 3267 1638 3315 loc.
1655 3268 1700 3315 cit.

968 3369 979 3392 a
998 3349 1072 3397 Delie
1084 3348 1126 3395 ch’
1137 3346 1205 3395 ebbe
1221 3346 1239 3393 tl
1255 3345 1455 3406 metropolitano
1472 3351 1565 3407 queste
1582 3346 1632 3394 due
1649 3358 1712 3394 ora·

924 3430 990 3479 ttoni
1008 3429 1030 3476 si
1047 3438 1112 3488 pose
1130 3438 1144 3474 a
1162 3424 1257 3473 sedere
1282 3425 1322 3472 col
1348 3423 1495 3483 eradicate,
1511 3436 1561 3474 coo
1577 3426 1602 3474 le
1618 3426 1712 3483 mitro,

926 3509 969 3557 nel
986 3507 1028 3555 cal
1045 3507 1167 3566 cospetto
1186 3502 1379 3564 s’iogiooocbib
1392 3503 1408 3550 il
1426 3504 1479 3557 lter
1496 3515 1510 3552 c
1529 3505 1588 3553 tutti
1605 3504 1639 3566 gl’
1651 3503 1712 3552 allel

924 3587 1019 3636 Pretati
1037 3596 1086 3633 con
1104 3584 1128 3632 le
1146 3583 1223 3631 mitre
1244 3584 1277 3643 gli
1303 3586 1414 3630 slavaoa
1431 3581 1455 3630 ιι·
1469 3582 1574 3630 intorno
1592 3582 1668 3630 alzsti
1686 3581 1712 3630 io

927 3664 1007 3713 modo
1016 3663 1041 3710 di
1053 3673 1160 3710 corone.
1171 3659 1220 3709 stt·
1229 3660 1293 3708 bora
1311 3660 1327 3706 ι’
1336 3661 1527 3717 Arclrescovo,
1540 3661 1605 3709 talto
1619 3660 1635 3707 l’
1644 3659 1713 3720 agilo

926 3744 959 3793 de
971 3740 1144 3798 Calecumioi,
1160 3740 1182 3788 si
1201 3752 1266 3788 noso
1283 3738 1301 3787 il
1317 3738 1380 3787 dcto
1392 3750 1485 3800 grosso
1496 3739 1564 3788 della
1577 3751 1623 3786 sua
1637 3750 1713 3786 meno

926 3820 1112 3879 destructio
1130 3817 1207 3867 modo
1223 3817 1250 3866 di
1267 3817 1351 3866 Croce
1369 3829 1433 3864 unsa
1449 3817 1466 3864 tl
1484 3817 1519 3864 lio
1541 3816 1583 3864 nel
1606 3813 1713 3865 braccio

927 3903 1020 3950 deslco
1037 3903 1078 3948 tra
1096 3899 1121 3946 la
1138 3897 1260 3958 giuotura
1276 3895 1344 3943 della
1362 3907 1450 3952 meno,
1465 3905 1480 3942 c
1496 3892 1539 3941 del
1555 3892 1644 3941 cubito
1663 3893 1713 3942 alla

926 3984 1002 4042 parte
1024 3980 1049 4027 di
1071 3979 1184 4035 deutra,
1201 3987 1216 4024 o
1233 3975 1389 4023 slmilmeate
1408 3974 1432 4022 le
1450 3971 1533 4034 spolie
1549 3984 1588 4029 ,o
1610 3975 1713 4021 meotes

926 4070 1019 4121 unges,
1037 4056 1129 4105 dicare
1146 4057 1240 4116 questa
1257 4055 1393 4103 orationes

967 4139 1033 4188 neas
1049 4134 1096 4184 Dei
1109 4133 1176 4195 plius
1192 4132 1263 4182 lesus
1280 4129 1396 4181 cbristus
1408 4128 1542 4187 Dominus,
1552 4129 1597 4188 qui
1612 4139 1629 4177 a
1644 4127 1718 4178 Patre

926 4214 980 4266 olco
996 4211 1161 4264 exultationis
1177 4212 1271 4258 unctus
1292 4211 1327 4258 est
1346 4207 1550 4270 praeparticibus
1566 4206 1640 4266 suis,
1663 4206 1718 4267 ipso

925 4306 972 4355 per
986 4292 1143 4354 praesentem
1160 4291 1262 4338 sancus
1277 4287 1405 4335 unctionis
1420 4284 1591 4347 infusionem,
1607 4284 1719 4346 Spiritus

925 4370 1046 4421 Paracliti
1061 4369 1177 4429 superte
1198 4365 1390 4416 benedictionem
1414 4362 1550 4426 infundat,
1566 4363 1719 4423 eandemque

925 4462 1004 4511 usaue
1020 4449 1054 4498 ad
1064 4447 1185 4496 interiora
1196 4445 1283 4494 cordia
1294 4443 1332 4491 tui
1346 4445 1480 4505 penetrare
1491 4440 1585 4504 (ocul.-
1595 4443 1718 4501 quotenus

926 4527 973 4576 boc
989 4524 1089 4582 obibit,
1105 4527 1128 4573 et
1144 4523 1270 4572 tractabili
1285 4521 1349 4581 oleo,
1365 4522 1434 4571 dano
1451 4519 1587 4569 monteilio
1601 4518 1718 4580 pncips·

926 4621 954 4657 re
969 4642 976 4667 ,
990 4610 1012 4656 st
1028 4602 1164 4665 temporali
1179 4616 1258 4664 regno
1279 4603 1354 4665 justis
1376 4600 1592 4652 moderationibus
1611 4599 1717 4647 executa

925 4685 1084 4736 aeternaliter
1099 4694 1255 4745 conregnare
1272 4681 1412 4740 mercoris,
1430 4679 1473 4741 gai
1493 4677 1563 4727 solus
1584 4677 1636 4723 stne
1656 4685 1718 4735 pec·

928 4770 995 4824 calo,
1010 4766 1063 4814 Rex
1080 4764 1173 4822 Regum
1189 4761 1261 4818 uiuit,
1278 4763 1300 4810 sl
1315 4760 1445 4822 gloriatur
1460 4769 1519 4804 cum
1537 4754 1588 4804 Deo
1605 4751 1676 4801 Patre
1692 4752 1718 4800 in

927 4847 1022 4895 unitate
1037 4843 1146 4905 Spiritus
1157 4841 1247 4892 Sancti
1262 4841 1328 4891 osas
1343 4848 1391 4899 per
1407 4835 1493 4884 omnia
1509 4830 1611 4882 saecula
1628 4841 1720 4880 mecu-

928 4925 1021 4975 lorum.
1040 4935 1063 4973 ts
1081 4921 1167 4972 Amen.

973 5004 1104 5053 uremas=
1127 4999 1287 5058 Omnipotens
1303 4992 1453 5053 sempiterne
1470 4991 1554 5048 oeus,
1570 4990 1616 5049 qai
1630 4985 1721 5038 Asabsl

928 5094 1005 5145 super
1020 5081 1132 5141 Syriam,
1145 5081 1167 5125 et
1177 5078 1235 5128 lesu
1247 5085 1323 5134 super
1338 5071 1424 5124 lsrael.
1439 5083 1487 5133 per
1499 5068 1628 5119 Heliseum
1639 5066 1722 5118 David

928 5173 1042 5224 auoque,
1059 5161 1081 5209 et
1097 5156 1199 5210 Saulem
1214 5165 1261 5216 per
1275 5150 1417 5202 Samuelem
1431 5149 1583 5212 proplietam
1598 5147 1626 5194 in
1642 5147 1721 5208 Reges

929 5238 1019 5300 inungi
1036 5234 1124 5300 (scisti,
1141 5234 1221 5284 tribue
1236 5241 1390 5293 quaesumus
1405 5229 1522 5279 mandas
1537 5226 1631 5276 nostrie
1647 5237 1722 5288 opem

929 5319 989 5368 tuac
1004 5314 1192 5375 bmsdictianis,
1208 5314 1231 5364 el
1247 5309 1306 5360 nuic
1322 5309 1419 5373 {amula
1435 5312 1480 5358 tao
1496 5307 1634 5371 stpnanso,
1648 5316 1721 5366 quem

1440 5406 1469 5457 ιι
