3758 6030
49 251 161 338 mm

51 394 104 469 qui
125 391 196 451 alias
227 396 356 469 tempore
377 388 469 450 ielicis
501 389 731 451 reminiscentiae
751 388 838 447 inno·

53 471 842 569 mmmmmwmmmmm

54 610 152 670 puano
173 590 201 649 ia
224 589 304 651 Urbe
325 590 444 651 existens
460 590 534 664 ,die
568 608 616 651 ιιι.
640 593 743 651 mensis
766 587 842 665 junii

55 709 89 752 ιι.
106 707 193 752 ιιιι.
213 707 366 752 ιιιιιιιιιιι.
389 691 605 766 matrimonium
629 692 770 752 contraxit
791 711 842 771 per·

56 793 134 852 viam
155 792 273 852 litterae
288 791 322 852 da
338 793 490 870 praesenti,
510 793 539 851 in
561 793 684 872 praesnti
707 792 801 872 Papae
815 804 844 852 et

55 892 260 972 principalium
281 891 502 963 cardinalium,
523 905 553 953 et
574 892 771 973 praelatorum
786 937 795 962 ,
810 910 844 953 ac

54 995 183 1054 eliorum
206 996 387 1074 praesentia,
410 1012 476 1053 cum
505 993 540 1053 D.
564 993 723 1072 baptistina
752 984 844 1063 Cibo,

56 1092 189 1171 ejusdem
200 1094 296 1175 Papae
310 1096 386 1175 nepti
402 1090 459 1177 (l),
470 1104 499 1156 et
511 1094 611 1155 deinde
624 1111 715 1173 anper
729 1094 757 1153 in
769 1092 844 1152 San·

99 1319 134 1377 (ti
158 1316 327 1366 Bnrcbardus
352 1320 445 1366 noster
467 1316 492 1365 iu
517 1315 605 1364 Diario
630 1313 770 1364 innocentii
794 1311 846 1361 viii

56 1397 94 1458 ip·
112 1396 168 1455 190)
185 1396 325 1457 sponsalia
344 1394 477 1445 celebrata
494 1395 565 1444 luter
579 1394 750 1457 Baptistinem
768 1390 847 1451 Cibo,

57 1481 86 1526 et
111 1473 238 1524 atotsiuu
269 1474 302 1523 de
324 1473 454 1535 Aragonta
475 1486 525 1523 nou
551 1474 642 1536 paucis
669 1472 760 1521 verbis
785 1470 847 1520 des-

56 1551 162 1610 cripsit.
192 1553 246 1603 Nos
277 1553 303 1602 in
326 1552 493 1602 adnotatione
515 1555 590 1615 (pag.
610 1553 661 1603 190.
681 1551 751 1612 191.)
774 1551 847 1599 testi·

57 1634 174 1681 monium
193 1630 304 1681 Viaiardl
329 1632 527 1694 subjunximus,
548 1633 593 1695 qui
618 1634 687 1680 inter
710 1631 757 1679 alia
783 1631 846 1679 baec

57 1709 206 1759 asserebat.
219 1730 230 1751 ι
246 1711 285 1760 ιιι
305 1709 336 1757 nt
352 1709 393 1759 oid
410 1711 477 1760 ebba
496 1713 545 1760 mai
563 1710 670 1769 mietio,
689 1710 720 1759 ue
731 1709 811 1777 ¹segni
829 1710 846 1757 ii

57 1789 226 1839 matrimonio
236 1801 286 1838 con
303 1789 454 1848 Dattisttua,
466 1789 561 1852 percite
573 1791 656 1839 altore
671 1789 725 1839 Elia
739 1802 790 1838 non
802 1801 847 1838 ιιι

59 1867 87 1917 d'
97 1869 139 1917 eta
156 1883 204 1931 per
220 1870 268 1918 dar
287 1871 462 1931 comptmento
475 1871 499 1918 ai
512 1872 694 1929 matrimonia;
711 1883 725 1917 e
737 1869 795 1931 poi,
808 1881 849 1918 es·

57 1947 142 1997 sentio
160 1947 224 1996 tatto
245 1947 311 2009 Papa
329 1948 490 1997 alessandro
514 1949 544 1998 Vi
565 1949 656 2011 Borgia
680 1949 748 2011 dopo
769 1949 849 1997 inno·

59 2027 168 2084 cencio,
190 2026 239 2090 egli
266 2025 391 2088 dispensd
413 2040 492 2089 sopra
515 2032 608 2089 questo
631 2031 762 2078 contraite
784 2027 848 2075 tatto

59 2119 110 2156 con
128 2107 217 2168 parate
239 2117 287 2167 per
304 2106 368 2154 dare
389 2105 515 2155 Lucrezia
541 2119 555 2154 a
580 2106 654 2156 detto
681 2107 709 2155 D.
735 2104 807 2167 Lnigi
826 2124 847 2153 ι.

60 2189 114 2239 Sed
130 2187 268 2236 vtatarous
280 2188 321 2235 bic
335 2200 389 2236 rem
402 2189 506 2237 veritati
526 2188 632 2239 minime
644 2187 847 2251 respondentem

58 2266 216 2323 affirmarim
232 2265 302 2327 quod
315 2266 473 2325 mirandum,
490 2279 548 2315 cum
567 2267 682 2316 dubitari
699 2280 749 2316 non
766 2266 849 2328 possit

58 2350 121 2408 quin
134 2344 276 2393 barchardi
285 2345 396 2393 diarium
407 2359 470 2407 prae
481 2345 600 2394 manibus
610 2345 738 2399 babuerit.
746 2347 771 2393 ei
782 2356 848 2402 cum,

59 2424 119 2474 loco
138 2436 185 2473 suo
203 2459 210 2477 .
228 2423 395 2473 Burcbardus
411 2425 556 2485 scripserit:
575 2444 585 2465 ι
604 2423 649 2473 His
666 2423 760 2472 diebus
778 2424 849 2470 venit

60 2503 96 2552 ad
112 2501 208 2552 Urbem
224 2501 336 2551 illustris
355 2501 481 2552 Dominus
493 2503 643 2564 ilipbonsus
660 2501 693 2551 de
711 2501 850 2562 aragonia,

61 2581 120 2632 Dux
143 2581 313 2644 Vigiliarum,
337 2581 462 2643 Princeps
488 2583 606 2640 Salerni,
631 2580 698 2630 titius
723 2579 850 2628 naturalis

61 2661 147 2710 bonae
168 2660 308 2708 memoriae
325 2660 451 2722 Atpboasi
464 2660 572 2710 secundi
586 2660 618 2708 de
630 2661 759 2720 aragonia
777 2657 850 2718 Regis

63 2739 245 2802 Neapolitani,
263 2741 358 2788 aetatis
376 2738 467 2788 decem
485 2745 511 2789 et
529 2744 630 2803 septem
649 2751 793 2795 annorum,
810 2736 852 2784 iu·

63 2822 141 2868 turus
159 2818 269 2867 maritus
290 2817 415 2866 Dominae
438 2817 577 2868 Lucretiae
595 2819 688 2881 Borgia
708 2822 759 2866 etc.
779 2838 799 2862 ·.
814 2817 851 2864 De

64 2899 114 2947 boo
131 2898 230 2948 Aioisio
249 2898 410 2960 Aragonensi
428 2900 465 2946 sic
483 2899 577 2960 legitur
595 2898 622 2946 in
645 2896 707 2952 aitis
724 2896 853 2946 Cardine·

64 2978 128 3027 lium
145 2977 276 3026 Laurentii
294 2977 422 3026 Cardeiia.
446 2998 455 3016 ·
480 2979 553 3040 Lutgi
575 2977 602 3026 d'
613 2982 727 3039 aragona
744 2976 853 3038 Nepoti·

67 3061 142 3115 tana,
159 3069 210 3105 non
223 3056 263 3117 gii
274 3056 343 3119 agito
355 3059 580 3126 paturaie„cpme
600 3058 695 3119 leggesi
705 3058 744 3104 sui
757 3055 852 3119 Fteury

66 3137 139 3186 esni
163 3135 322 3194 ciacconio,
347 3148 361 3184 e
386 3136 427 3184 nel
453 3140 524 3184 tomo
550 3135 582 3183 lx
609 3121 750 3186 delt'ltotio
774 3134 852 3184 Sacro

65 3211 251 3276 dett'ligbeiiio
269 3227 295 3275 p.
315 3216 393 3271 itit,
412 3227 452 3262 ma
471 3215 581 3263 sibbene
603 3216 693 3276 utpote
715 3214 742 3261 di
763 3212 853 3261 Perdi·

67 3293 157 3343 nando
174 3293 184 3340 l
202 3294 374 3356 d'Aragona,
390 3307 404 3343 ι
423 3297 563 3358 pronipote
581 3308 595 3346 e
612 3309 664 3344 non
683 3293 722 3358 gia
738 3294 852 3353 fratello,

67 3386 142 3423 corne
160 3374 247 3422 scrive
264 3374 281 3422 ιι
299 3374 429 3424 Marotiani
453 3377 495 3424 nei
519 3388 566 3423 suo
583 3375 651 3423 libro
668 3374 710 3423 dei
727 3373 854 3423 Protono·

66 3455 128 3503 tarii
149 3454 324 3515 partecipautt
342 3467 367 3514 p.
384 3455 430 3502 2οι
443 3467 457 3502 ι
470 3455 485 3502 ιι
498 3453 675 3503 crescimbeai
693 3454 760 3502 uelia
773 3455 853 3502 storia

66 3531 94 3580 di
112 3532 135 3581 S.
153 3533 232 3582 Maria
246 3533 272 3580 iu
284 3531 424 3580 cosmedin
437 3544 449 3579 a
462 3535 535 3580 carte
546 3533 601 3588 220,
612 3528 760 3593 pronipote.
773 3531 855 3591 dissi,

66 3611 94 3661 di
111 3611 220 3661 Alionso
231 3611 242 3660 1
255 3610 291 3660 lte
303 3609 329 3658 di
346 3609 457 3672 Nepoti,
474 3615 552 3660 avuta
569 3613 595 3659 iu
613 3611 705 3672 magite
716 3610 853 3659 battisttna

68 3689 147 3746 Cibo,
164 3690 309 3751 erepitagli
324 3688 391 3737 datia
404 3693 506 3745 morte,
523 3690 641 3738 riuunzid
658 3690 675 3738 ii
692 3690 854 3738 Marcbesato

69 3770 96 3818 di
115 3770 214 3818 Gerace
236 3766 387 3818 anenno
413 3780 461 3816 suo
486 3768 606 3826 fratello,
631 3769 652 3817 si
677 3769 763 3817 arroid
786 3771 853 3817 sotto

67 3849 216 3897 iunocenzo
232 3847 289 3896 vili
307 3847 534 3897 ail'eoctesiastica
561 3847 675 3906 milicia,
700 3860 714 3895 a
740 3846 783 3895 del
808 3860 856 3895 uu·

70 3939 144 3976 mero
167 3929 207 3977 dei
235 3927 406 3976 Protonotarii
433 3927 583 3988 apostotici,
608 3928 688 3977 eletto
713 3929 796 3989 prima
821 3925 854 3974 da

66 4006 231 4056 alessandro
249 4004 279 4052 vi
297 4006 340 4054 nel
359 4007 419 4055 1ιο8
435 4007 660 4055 amministratore
677 4005 745 4054 delia
761 4004 854 4055 Cbiesa

76 4084 104 4135 di
120 4086 201 4135 Lecce
219 4099 232 4133 ι
250 4086 292 4133 ιιι
310 4085 368 4135 1501
387 4085 413 4133 di
431 4086 516 4146 quella
541 4085 566 4133 di
588 4086 688 4133 aversa
706 4088 756 4133 etc.
781 4104 801 4130 ι.
817 4084 855 4132 Ex

71 4164 217 4214 Burcbardi
235 4163 384 4213 testimonio
402 4164 532 4213 evincitur
543 4166 620 4212 etiam
632 4161 775 4212 cardellam
787 4175 801 4210 e
812 4175 856 4210 ιι-

70 4247 149 4292 ritate
167 4242 300 4298 abluisse,
324 4252 382 4288 cum
400 4241 514 4290 aioisius
533 4241 715 4302 supradictus,
737 4252 788 4288 non
805 4240 854 4289 sub
888 4253 891 4292 ι

70 4323 225 4371 innocentio
242 4319 307 4378 titii,
324 4320 371 4368 sed
382 4319 431 4368 sub
444 4320 594 4369 Alexandro
606 4318 636 4367 Vi
649 4321 756 4369 miiitiae
773 4322 856 4368 eccie-

67 4401 194 4451 siasticac
212 4414 272 4451 sese
289 4401 448 4462 adjunxerit.
472 4399 502 4449 aa
526 4413 619 4451 revera
641 4402 697 4461 ipse
720 4401 856 4448 matrimo-

70 4482 143 4530 nium
163 4482 240 4530 inivit
251 4494 309 4528 cum
320 4479 468 4540 Baptistina
481 4479 600 4528 Cibu'die
613 4484 625 4530 3
634 4482 700 4541 junii
713 4482 772 4528 anni
786 4480 854 4530 1492:

71 4559 115 4608 die
133 4560 162 4608 25
186 4559 244 4620 julii
270 4557 388 4618 eiusdem
415 4560 474 4606 euni
497 4559 660 4608 innocentius
683 4558 856 4621 Vlii‚iiapti·

71 4640 141 4688 atina
159 4639 243 4687 adbuc
256 4637 282 4686 iu
294 4641 362 4687 vivis
375 4638 505 4700 degente,
522 4641 600 4687 vitam
613 4652 671 4688 cum
685 4644 769 4689 morte
787 4652 856 4688 com·

71 4720 209 4769 mutavit:
235 4718 396 4779 impossibiie
422 4719 499 4780 igitur
524 4722 581 4767 erat
607 4720 633 4768 td
657 4723 778 4769 evenisse
806 4720 856 4770 sub

70 4797 222 4848 innocentio
250 4796 322 4858 Papa.
347 4797 458 4858 insuper
481 4797 646 4855 teodoricus,
668 4812 716 4848 seu
741 4801 856 4850 Aioisius

69 4877 184 4926 Marcion
201 4876 346 4927 Giraccatis
363 4876 404 4924 die
423 4878 548 4938 vigesima
565 4881 641 4927 tertia
658 4882 743 4928 ittartii
761 4882 856 4930 itomae

71 4957 179 5013 aderat,
203 4961 229 5005 et
254 4961 378 5018 tauquam
395 4953 518 5018 Princeps
540 4970 573 5005 ex
594 4958 672 5007 domo
694 4959 856 5021 bregonensi

71 5041 99 5086 et
110 5038 225 5088 llarctrto
237 5037 339 5095 Giraci,
358 5038 444 5087 iocum
458 5039 615 5088 eminentem
628 5039 742 5088 obtinuit
754 5042 779 5089 in
793 5053 857 5103 cap·

71 5118 141 5180 pella
159 5116 298 5167 Pontiticia.
314 5118 368 5168 Vid.
386 5134 445 5183 pag.
463 5123 510 5173 279
526 5121 603 5183 liujus
619 5121 703 5170 diarii.
721 5120 857 5183 Corrigen-

72 5197 123 5247 dus
142 5197 221 5260 igitur
237 5198 357 5250 Cardelia
375 5202 424 5251 boe
440 5203 505 5252 ioco.
709 5208 711 5210 ’

115 5278 184 5329 Note
200 5277 304 5341 dignum
329 5286 367 5331 est
386 5285 481 5341 etiarn,
498 5279 675 5332 Burcbardum
687 5264 748 5345 pag.
767 5282 812 5333 293
830 5287 855 5332 ιι

72 5358 121 5407 ²⁹4
139 5359 278 5421 sanctiore
295 5362 422 5416 Aioisium
435 5378 486 5416 non
500 5367 610 5429 amptius
627 5363 804 5415 iiarrbtonem
822 5364 866 5412 Gi·
889 5383 893 5407 t

552 248 835 314 roarmtcartts
856 247 1079 310 thamnam
1101 247 1226 311 SEXTL

1630 248 1693 309 305

905 399 968 447 ctae
989 386 1134 447 Romanae
1148 385 1295 447 Ecclesiae
1308 385 1491 449 Cardiaalem
1507 387 1562 446 luit
1576 405 1691 446 assum-

908 498 985 567 ptus,
1002 498 1031 549 et
1047 498 1172 559 creatus,
1191 485 1318 550 nondum
1334 499 1427 550 tamen
1449 488 1624 568 publicatum
1643 486 1695 545 Si·

910 589 992 648 ciiiae
1012 599 1163 667 propterea
1176 587 1311 673 ¹clericali
1325 588 1431 647 ascribi
1451 588 1625 658 desiderans,
1639 604 1694 649 co·

911 710 973 751 rant
995 690 1087 749 tratre
1108 690 1142 748 D.
1165 689 1326 751 Alexandro
1340 689 1452 751 Caraffa
1467 690 1693 768 tirclriepiscopo

911 789 1098 871 Neapolitano
1120 790 1149 849 in
1175 789 1412 870 archiepiscopali
1435 791 1562 870 palatio,
1592 799 1620 848 et
1641 807 1693 848 oa·

913 911 992 954 mera
1021 893 1121 952 solitae
1143 891 1310 951 residentiae
1329 889 1457 967 ejusdem
1478 889 1695 968 acchiepiscopi

913 995 1100 1072 personaliter
1122 993 1307 1065 constitutus,
1329 1004 1431 1051 exutus
1454 992 1556 1051 habitu
1578 991 1695 1063 laicali,

913 1114 1000 1173 auem
1023 1113 1114 1171 usque
1135 1104 1204 1154 tuac
1226 1104 1376 1172 tamquam
1398 1091 1530 1153 Marcltio
1552 1093 1697 1154 Gir·acen·'
1724 1136 1725 1143 .

911 1196 951 1255 sis
973 1197 1131 1266 detulerat,
1152 1213 1203 1273 per
1222 1206 1368 1255 tonsuram
1389 1195 1492 1274 capitis
1513 1193 1559 1253 sui
1578 1212 1629 1272 per
1649 1192 1698 1251 di·

914 1306 994 1356 ctutn
1016 1293 1051 1355 D.
1068 1295 1325 1375 Arciriepiscopum
1345 1313 1497 1355 manustra
1519 1294 1625 1354 iactam
1639 1304 1695 1353 etc.

913 1396 972 1457 init
992 1396 1119 1458 clericati
1145 1409 1293 1458 caractere
1325 1398 1498 1476 insignitus,
1527 1406 1557 1455 et
1588 1394 1698 1455 aulicae

915 1500 1043 1560 clericali
1064 1499 1229 1577 ascriptus,
1250 1508 1278 1558 et
1298 1500 1385 1578 longo
1400 1499 1503 1557 habitu
1526 1497 1656 1566 vestitus,
1671 1505 1700 1554 et

916 1601 1020 1661 ibidem
1039 1599 1093 1659 sibi
1112 1597 1187 1658 iacta
1211 1600 1306 1678 ampla
1328 1617 1453 1670 corona,
1467 1606 1557 1677 prout
1573 1594 1701 1656 Protho-

916 1703 1020 1763 notnrii
1041 1700 1154 1761 deterre
1175 1700 1286 1770 soleat,
1308 1699 1504 1778 praesentibus
1525 1694 1701 1757 Revereadis

916 1805 945 1864 iu
966 1802 1084 1864 Christo
1106 1801 1236 1881 patribus
1253 1800 1383 1860 Dominis
1397 1797 1560 1860 Alexandro
1577 1796 1700 1858 Arabic-

916 1906 1032 1986 piscopo
1046 1902 1170 1964 Sanctae
1185 1902 1352 1973 Severiana,
1363 1899 1482 1961 Nicoiao
1494 1903 1617 1961 ¹latonia
1628 1898 1703 1978 Epi·

916 2025 1002 2085 scopo
1023 2005 1172 2076 illacensi,
1194 2016 1223 2064 et
1243 2003 1378 2083 pluribus
1409 2003 1472 2062 aliis
1493 2002 1699 2080 Archiepisca·

918 2108 982 2186 pis,
1003 2117 1032 2167 et
1061 2107 1203 2186 episcopis
1233 2105 1350 2165 testibus
1371 2117 1426 2165 etc.
1460 2101 1567 2164 Deinde
1599 2101 1699 2161 eodem

918 2227 1000 2269 mane
1022 2209 1096 2268 idem
1118 2207 1154 2266 D.
1177 2207 1298 2266 illoisius
1330 2205 1364 2264 de
1385 2204 1543 2283 magonia,
1565 2204 1592 2262 in
1624 2201 1702 2261 dicto

918 2312 1023 2392 palatio
1044 2319 1073 2369 ιι
1095 2309 1222 2387 cappella
1245 2307 1412 2368 residentiae
1434 2305 1505 2365 Rev.
1529 2305 1563 2363 D.
1591 2294 1704 2363 dohan-
1764 2379 1767 2386 Ι

918 2413 962 2473 nis
983 2411 1059 2471 tituli
1082 2409 1206 2468 Sanctae
1228 2407 1375 2468 susannae
1407 2405 1574 2485 Presbyteri
1596 2401 1702 2464 Cardi-

919 2516 990 2574 natis
1024 2511 1207 2591 apostolicae
1239 2509 1322 2570 Sedis
1345 2508 1462 2588 Legati,
1484 2524 1583 2568 coram
1603 2503 1704 2564 eodem

919 2615 994 2677 Rev.
1015 2615 1050 2674 D.
1073 2613 1185 2692 Legata
1207 2612 1403 2684 constitutus,
1423 2612 1471 2688 qui
1498 2627 1602 2687 nuper,
1623 2607 1705 2665 vide-

919 2718 986 2778 licet
1007 2716 1061 2777 sub
1084 2717 1188 2776 dotum
1212 2723 1319 2791 quarto
1338 2710 1475 2771 kalendas
1497 2709 1562 2769 maii
1584 2705 1702 2786 pontid-

920 2832 1002 2882 catus
1024 2817 1079 2878 SS.
1101 2802 1217 2876 Domini
1251 2814 1340 2874 nostri
1363 2811 1516 2872 Alexandri
1543 2827 1631 2889 papae
1653 2806 1701 2866 vt.

919 2940 994 2981 anna
1024 2918 1150 2980 secundo
1162 2963 1173 2992 ,
1197 2917 1225 2976 ia
1248 2916 1485 2976 Protonotarium
1520 2909 1604 2970 Sedis
1625 2907 1706 2985 tipo·

920 3024 1037 3083 stolicae
1057 3039 1108 3100 per
1131 3019 1186 3078 SS.
1209 3015 1244 3077 D.
1267 3015 1301 3077 N.
1325 3026 1497 3095 receptum,
1519 3023 1548 3073 et
1578 3010 1704 3067 aliorum

921 3121 1193 3183 Protonotarinrnm
1222 3115 1349 3193 ejusdem
1383 3115 1464 3176 Sedis
1496 3129 1642 3179 nutriero,
1675 3120 1705 3167 ιι

923 3223 1073 3284 consortio
1095 3228 1271 3301 aggregatus
1294 3215 1527 3295 init,praestito
1550 3214 1629 3291 prins
1656 3229 1725 3288 per

922 3324 1055 3385 eumdem
1090 3323 1125 3381 D.
1148 3321 1289 3381 dioisinm
1318 3321 1345 3378 ιιι
1378 3317 1509 3377 manibus
1538 3313 1573 3372 D.
1604 3310 1705 3389 Legati

922 3426 1067 3505 corporali
1087 3421 1255 3499 juramento
1265 3417 1349 3496 juxta
1370 3420 1495 3490 iormum
1518 3415 1637 3475 inferias
1650 3430 1706 3469 an·

922 3538 1049 3588 notatam
1066 3569 1074 3597 ‚
1097 3525 1181 3583 tactis
1202 3533 1269 3593 etc,
1291 3522 1414 3581 obtinuit
1434 3518 1487 3578 sibi
1507 3535 1558 3596 per
1574 3512 1707 3576 eumdem
1795 3519 1798 3524 ’

922 3629 994 3691 Ber.
1011 3630 1047 3688 D.
1059 3626 1202 3706 Legatum
1226 3622 1300 3684 tradi
1323 3622 1446 3700 insignia
1468 3613 1708 3698 prothonotaria·
1772 3680 1776 3688 Ι

922 3740 981 3803 ιιι,
1005 3728 1137 3789 videlicet
1158 3725 1364 3795 rocclrettum,
1387 3740 1518 3801 cappam,
1539 3730 1568 3780 et
1588 3715 1708 3795 cappel-

923 3831 984 3890 lum
1007 3831 1124 3907 nigrum
1132 3850 1142 3901 3
1162 3825 1277 3904 quibus,
1293 3825 1344 3884 sibi
1359 3823 1511 3902 genuflexa
1532 3836 1631 3879 coram
1653 3834 1705 3876 eo·

923 3931 986 3990 deur
1008 3930 1043 3989 D.
1066 3928 1198 4007 legato,
1220 3924 1355 3996 traditis,
1377 3923 1452 3983 idem
1472 3918 1706 3988 Protonotarius‚

923 4030 1044 4089 dimissis
1060 4028 1190 4107 cappello
1208 4035 1236 4085 et
1252 4044 1360 4104 cappa,
1376 4025 1497 4103 capucio
1511 4032 1540 4082 rt
1555 4019 1706 4080 rocchetta

924 4143 1035 4192 retento
1056 4139 1084 4190 et
1107 4128 1242 4188 mantello
1261 4127 1382 4204 desuper
1405 4134 1542 4203 recepto,
1558 4133 1591 4182 ‘et
1612 4137 1706 4207 capu·

923 4233 969 4291 cio
998 4240 1177 4299 transverso,
1200 4228 1309 4306 gratias
1329 4225 1420 4286 eidem
1443 4225 1517 4285 Rea.
1541 4224 1575 4281 D.
1598 4219 1709 4300 Legata

923 4349 1010 4411 agens
1031 4330 1169 4400 recessit,
1198 4327 1396 4408 praesentibus
1415 4327 1517 4385 ibidem
1548 4323 1587 4385 R.
1613 4323 1646 4382 P.
1674 4322 1709 4380 D.

924 4432 1086 4492 Alexandro
1109 4431 1233 4491 Sanctae
1256 4429 1410 4489 Severiana
1432 4425 1655 4506 acrhiepiscopo
1682 4435 1710 4483 et

924 4535 985 4593 aiiis
1016 4532 1239 4613 quampluribus
1267 4530 1426 4609 episcopis,
1448 4538 1477 4589 et
1497 4527 1559 4587 aliis
1582 4524 1709 4586 testibus.

965 4635 1065 4695 Tenon
1089 4655 1159 4695 vero
1188 4631 1346 4709 juramenti
1375 4631 1452 4710 quod
1487 4626 1651 4708 praedictus
1672 4622 1709 4681 D.

923 4736 1147 4796 Protonotarius
1178 4736 1341 4815 praestitit,
1360 4731 1395 4792 de
1417 4729 1506 4791 verbo
1527 4727 1563 4787 ad
1586 4724 1709 4785 verbum

924 4838 1078 4915 sequitur,
1101 4847 1129 4896 ιι
1150 4846 1193 4897 ιιι
1216 4835 1279 4895 talis
1303 4833 1454 4894 rideiicet:

931 4969 1716 4997 —.-.-................-.----

925 5053 1058 5091 recensem
1068 5077 1075 5097 ‚
1086 5040 1134 5090 sed
1147 5043 1244 5087 tentum
1257 5036 1288 5085 de
1300 5035 1445 5096 aragonia,
1457 5036 1483 5082 et
1496 5030 1574 5080 alium
1586 5025 1709 5078 Oarotam

922 5122 951 5170 de
967 5120 1095 5184 Arapoaio
1111 5117 1283 5168 iterationem
1295 5115 1467 5176 Giraceascm,⁴
1477 5111 1546 5175 quod
1563 5121 1622 5159 aum
1634 5105 1712 5156 adtir-

924 5201 1080 5253 mationibus
1099 5198 1233 5247 Cardetiae
1251 5196 1367 5257 apprime
1385 5196 1520 5242 consonat.

966 5282 1098 5337 Alabim,
1114 5277 1260 5328 Cardinaiis
1279 5275 1430 5336 designatus
1446 5276 1500 5342 irac—
1513 5280 1597 5327 anno,
1619 5264 1709 5329 pubii-

953 5365 995 5411 tus
1013 5360 1062 5409 init
1081 5371 1148 5409 anuo
1165 5357 1234 5407 atat.

1434 5453 1463 5504 39
