3758 6030
64 267 179 352 (aaut)

64 404 213 471 cineribus
230 426 283 488 per
301 405 357 468 88.
376 406 412 468 Ι).
432 405 468 469 Ν.
484 407 521 469 lt.
541 409 575 471 Ρ.
592 410 630 472 D.
646 410 768 495 Jacomo
781 411 859 474 Pro-

65 510 212 571 tonntario
238 508 273 569 de
292 506 480 582 Sermonem,
507 509 656 573 Sanctitas
683 511 743 573 Suu
763 513 857 593 ipsum

64 611 200 671 similiter
218 612 247 668 ln
274 610 452 670 assistentem
474 627 561 670 suum
592 615 718 693 recepit,
738 623 769 674 et
789 632 858 674 cum

62 712 169 772 celeris
197 707 395 769 assistentibus
413 709 547 772 eumdem
573 712 714 775 collocari
735 714 860 773 mundn-

67 813 130 884 vit,
151 819 241 889 prout
263 807 397 869 adstatim
423 809 531 870 iactum
546 811 610 872 luit.
637 809 707 874 Post
726 814 857 877 cinerum

64 911 210 971 datlomm
224 908 261 969 D.
277 909 402 969 Aloisius
420 909 455 970 dc
472 909 632 985 Paladlnis,
645 911 757 974 Orator
771 900 859 976 Sere-

64 1011 133 1073 niss.
147 1009 237 1089 Regis
255 1009 444 1090 Neapolitani,
459 1010 536 1072 dedit
549 1027 654 1091 aquam
664 1013 769 1094 Papae,
782 1014 857 1075 Rev.

66 1112 215 1174 Oardiuuli
242 1110 343 1171 Sancti
364 1110 528 1184 Clementis,
547 1113 650 1175 Priore
667 1113 859 1196 Presbytero-

65 1232 136 1274 ram
166 1211 366 1275 cardinalium
384 1214 477 1292 ipsum
499 1210 668 1289 adjurante.
685 1215 748 1275 lita
764 1214 859 1276 ononis

64 1315 222 1376 observata
253 1323 321 1372 sunt
353 1329 435 1372 mora
467 1313 571 1387 solito;
602 1332 764 1377 sermonem
792 1316 860 1378 lecit

65 1424 248 1496 procurator„
258 1412 370 1473 ordinis
396 1412 540 1473 Fratrum
556 1414 684 1478 Sanctae
698 1415 808 1477 Mariae
825 1415 860 1477 de

65 1515 164 1576 liionte
194 1513 338 1574 Carmeia.
373 1512 496 1597 Attende
525 1513 700 1592 quodcum
730 1516 803 1577 alias
831 1517 861 1576 ln

64 1614 112 1675 die
133 1610 474 1674 PurificationisDeatuc
492 1613 611 1676 »Mariae
638 1616 768 1695 Virginis
795 1616 861 1676 anni

65 1732 98 1776 ι.
116 1729 206 1775 cccc.
223 1728 367 1774 nsxxru.
389 1713 466 1774 inter
486 1711 628 1776 liratores
649 1715 807 1794 Uoconiae,
832 1728 861 1778 et

67 1813 188 1886 Scotino¹
208 1813 322 1892 Regum
344 1832 441 1894 super·
455 1814 654 1894 praecedentia
670 1816 859 1878 contendere-

68 1915 476 1989 runteltetsremtntsocntioe
497 1916 683 1976 Innocentius
697 1916 777 1997 Papa
797 1918 862 1980 vlu

73 2016 109 2077 de
130 2015 261 2076 omnium
280 2015 483 2077 cardinalium
505 2018 624 2078 consilio
640 2015 781 2093 decrerit,
796 2018 862 2081 Un-

68 2118 173 2195 gariae
194 2116 303 2196 Regem
335 2116 509 2196 praecedere
529 2117 632 2179 debera
654 2117 764 2197 ilegem
786 2118 863 2180 Sco·

65 2221 146 2291 tiae,
167 2229 255 2297 prout
281 2236 315 2279 ea
337 2217 382 2279 die
403 2220 489 2280 etiam
513 2220 660 2280 annotari.
682 2220 746 2280 lloc
780 2237 864 2282 mane

50 2320 125 2382 88.
147 2317 183 2379 Ι).
206 2316 242 2378 Ν.
273 2319 405 2402 cumin
430 2335 553 2393 ,camera
589 2320 741 2400 Papngalii
773 2340 864 2401 purn-

65 2432 162 2482 menta
182 2421 346 2499 acciperet,
370 2420 406 2479 ad
421 2422 660 2501 supplicationem
679 2441 772 2485 meam
790 2408 884 2485 con-⁸

65 2522 152 2582 cessit
173 2520 257 2581 nobis
278 2515 395 2582 olorinis
413 2522 662 2584 caerimoniarum
683 2535 713 2587 et
733 2525 864 2585 cantori-

66 2612 144 2687 bus,
165 2631 200 2674 ac
223 2615 306 2681 aliis
324 2616 497 2676 officialibus
518 2619 665 2696 cappellae
696 2618 865 2679 &actitatis

66 2714 151 2776 ¹Suae
184 2716 353 2780 laenitatem
386 2717 509 2795 eligendi
540 2718 620 2778 uobis
648 2718 864 2791 confessorem,

70 2815 123 2893 qui
145 2832 197 2876 nos
220 2814 256 2874 ab
278 2814 411 2876 omnibus
441 2819 569 2896 peccatis
590 2829 665 2893 etc,
686 2820 772 2881 ctiam
796 2821 865 2882 Sedi

65 2914 251 2994 Apostolicae
277 2916 457 2990 reservatis,
476 2918 643 2991 absolvere,
659 2932 687 2981 ct
705 2921 864 3000 plenariam

59 3026 255 3094 'pcccatorum
285 3027 454 3081 nostrarum
476 3019 675 3081 remissionem
699 3020 865 3099 impendere

72 3126 181 3196 posset,
198 3116 345 3195 quodque,
358 3117 499 3179 visitando
514 3117 639 3197 singulis
650 3118 751 3179 diebus
765 3121 867 3180 litare

72 3213 169 3292 majus
190 3216 334 3278 Basilicae
356 3216 457 3278 Sancti
468 3217 568 3293 Petri,
582 3233 795 3297 consequamur
817 3220 867 3279 in-

75 3316 243 3396 dulgentias
254 3315 420 3378 stationum
433 3317 530 3380 Urbis.

112 3418 267 3478 Dominica
290 3418 388 3497 prima
406 3418 660 3498 quadragesimae,
688 3435 800 3481 xxrrn.
822 3419 867 3482 ie·

70 3517 194 3589 bruerii,
215 3517 289 3581 Rev.
314 3518 357 3576 in·
377 3516 496 3580 Christo
517 3518 605 3582 Pater
637 3518 673 3578 D.
701 3518 868 3598 Stephanus

70 3601 326 3697 Arcbieplscopus
345 3616 545 3691 Patrucensis,
566 3630 595 3681 et
616 3620 767 3700 episcopus
787 3619 867 3682 Tor·

71 3719 216 3789 cellanus,
237 3716 294 3778 88.
309 3717 345 3779 Ι).
364 3717 400 3778 Ν.
419 3718 515 3798 Papae
539 3718 688 3793 assistens,
709 3720 869 3782 celebrarit

53 3817 189 3880 'slusam
211 3817 377 3898 publicam,
410 3817 467 3880 88.
490 3819 525 3879 Ι).
548 3818 583 3880 Ν.
603 3831 761 3899 praesente.
794 3820 868 3883 Ser-

78 3936 195 3980 monem
212 3918 281 3980 iecit
295 3929 471 3996 procurator
487 3916 604 3979 Ordinis
618 3918 867 3981 Praedicatorum.

78 4019 146 4079 Alia
166 4016 441 4079 omniaobservata
463 4029 531 4079 sunt
552 4038 634 4081 mure
656 4019 752 4080 solito.
767 4019 798 4078 in
814 4037 868 4079 no·

78 4131 129 4180 cte
149 4121 318 4197 praeterita,
340 4119 419 4179 circa
442 4118 545 4179 boram
558 4138 617 4182 νιιι
630 4122 733 4194 noctis,
751 4121 869 4198 quidam

78 4221 217 4297 Aquiiani
239 4223 268 4278 in
290 4219 408 4281 domum
431 4219 735 4281 halicarnassensis
756 4240 870 4281 memo·

78 4323 145 4382 riae
155 4321 282 4401 episcopi
297 4321 432 4400 Aquiloni
448 4320 547 4381 llevv.
557 4322 593 4382 Ι).
613 4320 777 4383 cardinalis
791 4320 869 4398 San-

79 4424 121 4483 cti
142 4420 223 4482 Petri
245 4423 282 4482 ad
301 4422 423 4483 Vincula
441 4421 519 4502 apud
539 4422 693 4483 Basilicam
716 4440 770 4484 xrr.
788 4423 870 4502 ripn·

78 4523 226 4583 stolorum
249 4523 438 4601 contiguam,
459 4541 510 4602 per
532 4522 687 4583 fenestram
715 4522 869 4601 qnamdam

77 4622 233 4700 salientes,
261 4633 291 4683 et
323 4622 485 4695 intrantes,
506 4622 600 4683 bestia
622 4639 806 4684 camerarum
841 4625 870 4684 ri

76 4722 427 4803 speciensem-actarum
445 4724 612 4802 episcopum
634 4723 663 4783 in
679 4725 797 4784 camisia
817 4724 871 4784 sub

78 4825 157 4886 lecto
177 4842 232 4885 suo
253 4822 281 4882 in
312 4834 393 4883 terra
425 4809 576 4901 repertum
610 4823 810 4886 miserabiliter
843 4834 872 4885 et

78 4923 242 4985 crudeliter
265 4921 452 4995 acciderunt,
474 4937 549 4982 xxa.
571 4924 693 4984 vulnera
726 4926 771 4985 vel
793 4926 871 4986 circu

78 5025 137 5085 sibi
159 5024 285 5094 dantes,
305 5034 335 5085 et
350 5021 472 5101 receptis
487 5021 564 5081 rasis
578 5023 745 5100 argenteis,
765 5032 794 5083 et
808 5024 873 5084 aliis

83 5123 194 5197 rebus,
217 5139 291 5200 quas
317 5120 468 5182 commode
489 5130 607 5200 portare
628 5133 772 5201 poterant,
792 5122 873 5184 abie-

79 5235 174 5298 runt3
196 5223 318 5285 luerunt
349 5218 449 5282 autem
482 5238 585 5282 curram
607 5222 657 5300 qul
691 5222 874 5285 intraverunt

78 5337 110 5389 ct
129 5323 304 5388 ecciderunt
323 5339 448 5385 numera
466 5340 514 5400 sex
530 5322 575 5384 rel
598 5320 699 5396 circa,
717 5332 748 5384 et
766 5341 875 5402 quarn·

532 269 817 339 ronrnrcarus
838 272 1064 338 lnuxanunr
1086 267 1213 332 anxur.
1257 355 1261 362 ἢ

1650 251 1712 316 Odi

925 411 1026 491 piures
1057 415 1138 467 extra
1159 400 1301 463 domum
1326 415 1429 462 eorum
1451 395 1627 476 complices,
1660 391 1712 470 qui

926 520 1069 589 qnatenus
1089 522 1163 585 opus
1180 510 1265 572 esset,
1279 519 1328 562 cos
1341 495 1484 576 adjuvare
1505 496 1599 578 parati
1618 507 1713 569 erana

925 613 999 672 idern
1014 611 1171 691 episcopus¹
1182 605 1239 664 luit
1251 611 1352 683 postea
1370 602 1501 682 sepultus
1518 601 1579 661 aine
1599 614 1715 678 pompa.
1742 625 1745 632 ·

965 715 1051 776 lieris
1071 709 1207 783 secanda,
1218 724 1295 771 xxa.
1305 705 1458 778 februarii,
1474 702 1529 765 luit
1542 701 1714 784 pubblicum

925 793 1137 878 consistorium
1159 813 1188 872 ln
1220 810 1307 870 tertia
1338 807 1407 868 auia
1428 803 1533 865 Paiatli
1553 815 1718 877 consucta,

926 914 954 974 in
976 931 1036 994 quo
1057 912 1131 974 llev.
1152 910 1180 971 in
1202 909 1320 973 Christo
1341 908 1374 967 P.
1394 906 1431 967 i).-
1450 904 1580 967 indicas
1601 905 1717 984 episco-

926 1034 981 1096 pus
1001 1014 1104 1075 libani
1123 1023 1163 1073 el
1193 1010 1291 1090 llagu.
1313 1001 1376 1070 DD.
1400 1007 1456 1068 viri
1476 1006 1657 1068 Beneventus
1680 1004 1716 1068 da

928 1116 1036 1177 Sancto
1057 1112 1188 1193 Georgia
1208 1131 1244 1173 ex
1264 1108 1424 1171 Comitibus
1444 1105 1635 1186 Diandractaa
1650 1104 1715 1169 Or·-

927 1218 1001 1278 dinis
1020 1215 1119 1278 Sancti
1137 1212 1275 1276 lobannis
1289 1196 1556 1289 Hierosolymitani,
1570 1218 1599 1270 el
1613 1206 1717 1271 Luda-

929 1318 1011 1379 vieus
1032 1301 1162 1399 Titianus
1176 1315 1303 1377 Vesunna
1324 1312 1359 1372 D.
1374 1309 1491 1381 milites,
1505 1309 1653 1370 illustriss.
1675 1309 1712 1370 1).

929 1419 1065 1480 liunilatli
1087 1415 1266 1479 idarcbionis
1278 1411 1485 1474 biontisierrati
1504 1406 1647 1473 Oratores
1661 1409 1717 1473 88.

930 1517 967 1579 D.
990 1517 1024 1579 Ν.
1045 1516 1209 1581 Alexandro
1230 1515 1326 1595 Papae
1345 1513 1394 1574 Vl.
1415 1511 1607 1575 obedientiam
1637 1511 1720 1573 debi-

929 1628 989 1678 tum
1005 1610 1008 1619 '
1027 1619 1246 1698 praestiterunt.
1282 1612 1452 1693 Propositus
1492 1611 1612 1674 luerunt
1642 1610 1719 1672 'duaa

929 1716 1152 1780 commissiones.
1184 1716 1283 1777 Prima
1316 1732 1368 1794 per
1399 1713 1436 1775 Ι).
1467 1711 1647 1776 &ranetam
1684 1711 1720 1774 de

929 1819 1059 1894 Plance,
1077 1819 1228 1881 Decanum
1249 1815 1477 1876 Advocatorum.
1499 1809 1634 1872 Smunda
1666 1829 1720 1891 per

928 1917 965 1979 D.
987 1920 1177 1981 Franciseum
1193 1916 1228 1979 de
1246 1915 1359 1987 Padum
1380 1912 1578 1992 quainrepta,
1599 1910 1634 1974 de
1652 1930 1720 1991 ape·

930 2021 997 2081 ciali
1018 2019 1154 2081 mandato
1181 2017 1237 2079 88.
1258 2016 1295 2077 D.
1316 2014 1351 2076 N.
1375 2013 1482 2074 irimua
1502 2031 1559 2093 pro
1580 2009 1719 2089 Oratori-

930 2121 984 2181 bus
1006 2121 1161 2201 praedictis
1193 2118 1222 2180 in
1240 2135 1333 2198 parra
1359 2115 1492 2196 cappella
1524 2130 1606 2176 more
1634 2113 1722 2174 salita

930 2219 1164 2302 expectantibus,
1196 2237 1269 2299 quos
1297 2218 1480 2279 associarunt
1501 2213 1538 2275 ad
1568 2212 1720 2275 Pontillcls

931 2323 1121 2402 praesentiam
1143 2321 1216 2382 Rev.
1239 2321 1268 2380 in
1297 2318 1416 2381 Christo
1436 2327 1533 2396 patres
1556 2315 1593 2379 D.
1615 2315 1721 2376 Arela-

931 2423 1018 2484 tensis
1037 2433 1070 2495 et,
1084 2420 1257 2484 Cusentinus
1275 2416 1492 2498 ircbiepiscopi
1502 2461 1514 2490 ,
1525 2428 1564 2478 ‘et
1579 2415 1722 2479 Vultera·

931 2524 1024 2584 nensis
1046 2541 1081 2587 ac
1099 2520 1310 2584 Alexandrinus
1325 2516 1462 2599 episcopi,
1476 2515 1638 2578 assistentes
1654 2515 1719 2575 'Pa-

932 2642 994 2703 pac.
1029 2620 1254 2683 Praesentaruut
1275 2618 1330 2680 88.
1352 2619 1388 2679 D.
1411 2616 1445 2678 N.
1468 2618 1566 2680 literas
1598 2616 1722 2679 araden-

932 2725 1012 2785 tiales
1034 2733 1063 2785 et
1095 2721 1263 2782 mandatum
1291 2739 1342 2801 per
1376 2716 1531 2780 Notarium
1551 2717 1722 2799 pubblicum

932 2823 1140 2902 subscriptum.
1152 2820 1234 2892 Orrac
1248 2821 1333 2882 ambo
1346 2821 1418 2881 lecta
1439 2818 1567 2891 luerunt.
1587 2816 1722 2880 Secunda

932 2923 1133 2986 commissione
1165 2921 1333 3002 proposita,
1355 2919 1424 2982 licet
1458 2918 1495 2979 Ι).
1516 2917 1722 2979 lustinusvi·

932 3024 1058 3084 iitranus
1078 3022 1236 3084 advocatus
1257 3022 1332 3083 Diaei
1353 3022 1470 3082 tertiam
1492 3019 1723 3081 commissionem

933 3121 1170 3200 propositurus,
1204 3137 1269 3179 eam
1306 3127 1400 3177 tamen
1434 3114 1469 3176 da
1502 3113 1636 3174 mandata
1667 3112 1723 3175 88.

934 3222 969 3283 D.
992 3219 1026 3280 N.
1049 3239 1101 3300 per
1121 3237 1168 3280 me
1188 3218 1243 3279 sibi
1262 3219 1342 3278 iacto
1366 3234 1423 3278 non
1449 3215 1609 3295 proposuit.
1642 3212 1723 3277 Ora-

935 3322 1041 3383 tionem
1069 3319 1139 3382 iecit
1169 3318 1204 3380 D.
1225 3318 1416 3391 haeremus,
1437 3316 1580 3378 secundus
1601 3311 1724 3388 Orator,

935 3422 985 3503 qai
1006 3420 1106 3482 deinde
1128 3417 1261 3487 fimbrias
1281 3417 1416 3497 pluvialis
1448 3415 1545 3495 Papae
1565 3414 1602 3474 ad
1623 3431 1724 3476 mme-

935 3541 999 3583 ram
1032 3520 1185 3602 portavit,
1218 3518 1425 3582 nonobstante
1458 3517 1535 3596 quod
1568 3515 1724 3596 religiosus

935 3619 1054 3697 Ordinis
1074 3621 1106 3682 S.
1117 3619 1261 3681 'lobannis
1275 3617 1532 3699 Hierosolymiluni
1547 3627 1630 3688 essct,
1645 3613 1725 3696 Papa

935 3722 964 3785 id
985 3722 1058 3783 mibi
1089 3740 1221 3802 expresse
1253 3719 1459 3783 committente.
1488 3719 1622 3780 Fuerunt
1649 3719 1724 3779 inter

934 3841 1003 3883 suos
1023 3821 1108 3882 multi
1129 3822 1234 3883 milites
1255 3831 1284 3882 et
1305 3820 1436 3890 nobiles,
1457 3807 1582 3903 perlis,
1597 3815 1726 3879 vestibus

936 3921 970 3984 de
992 3920 1132 3983 braccata
1146 3922 1258 3983 auriet
1277 3919 1408 3999 argenti,
1428 3936 1463 3978 ac
1484 3918 1520 3977 de
1539 3917 1651 3977 veliuto
1671 3934 1725 3977 or-

936 4021 1081 4090 natissima
1101 4019 1203 4102 parati.
1240 4034 1241 4040 ’

979 4122 1064 4182 Faria
1087 4131 1192 4199 quarta
1215 4130 1343 4198 quatuor
1365 4129 1542 4197 temporam,
1563 4132 1658 4178 xxrrr.
1679 4114 1725 4178 le·

937 4220 1060 4295 bruarii,
1082 4221 1212 4283 sulione
1228 4220 1264 4279 ad
1285 4218 1421 4281 &natam
1440 4216 1563 4278 diarium
1584 4212 1727 4293 liajorem

936 4321 1086 4396 existente,
1105 4321 1159 4382 88.
1173 4322 1208 4382 Ι).
1222 4318 1256 4380 Ν.
1276 4320 1374 4379 audita
1390 4319 1475 4379 illisae
1490 4318 1519 4377 in
1538 4333 1654 4379 cantem
1673 4335 1728 4378 sua

938 4421 1009 4482 dixit
1028 4441 1058 4483 sa
1078 4423 1192 4487 iturum
1221 4419 1258 4479 ad
1281 4418 1419 4482 Sanctam
1440 4418 1563 4496 llariaru
1582 4414 1726 4494 iiajorem

939 4519 1036 4580 habito
1057 4521 1139 4600 prius
1161 4520 1274 4580 modico
1296 4518 1467 4580 consistorio
1484 4518 1546 4603 sive
1565 4516 1672 4589 brevi,
1691 4533 1726 4574 ac

940 4620 1046 4681 ibidem
1068 4620 1200 4681 oratione
1221 4630 1288 4681 ante
1308 4619 1401 4680 altare
1422 4618 1520 4691 iacta,
1540 4635 1570 4678 se
1592 4617 1726 4676 risurum

939 4738 1014 4799 quae
1034 4738 1089 4800 pro
1109 4729 1261 4795 structura
1292 4718 1370 4793 iliius
1392 4714 1529 4779 ecclesiae
1555 4715 1616 4776 sive
1636 4733 1727 4794 supra

940 4824 1021 4882 coeio
1047 4830 1149 4900 parata
1181 4828 1288 4890 crant,
1319 4819 1502 4895 interrogans
1522 4832 1590 4886 me,
1624 4831 1660 4873 an
1692 4832 1729 4876 ne

940 4920 1236 5000 conueniretpopulo,
1253 4918 1386 4979 oratione
1407 4934 1466 4996 perv
1480 4933 1548 4976 eum
1567 4914 1644 4975 iacta
1663 4925 1729 4977 ante

940 5025 1045 5095 altare,
1072 5020 1239 5082 solemniter
1274 5016 1450 5079 benedicere.
1464 5014 1617 5096 'Respondi
1651 5014 1731 5077 San-

943 5123 1037 5183 ctituti
1058 5121 1145 5197 Suae,
1158 5121 1252 5181 ruinas
1267 5118 1444 5192 convenire,
1465 5135 1500 5178 ac
1516 5117 1633 5177 omnino
1646 5125 1729 5178 estre

941 5222 1127 5283 ordinarium
1141 5240 1212 5293 esse,
1223 5238 1278 5299 pro
1291 5236 1326 5280 eo
1342 5216 1419 5295 quad
1431 5215 1513 5289 nibil,
1526 5215 1660 5278 videlicet
1674 5234 1729 5278 ne·

943 5340 1000 5400 quc
1021 5323 1130 5398 lllissa,
1151 5339 1244 5399 neque
1259 5336 1399 5400 vespere,
1417 5317 1461 5379 vel
1476 5314 1551 5396 quid·
1567 5314 1660 5378 simile
1676 5315 1728 5378 be·
