3758 6030
674 293 962 360 PONTlPlCd'lUS
983 293 1211 357 adnatabat
1232 293 1360 358 suxit.

176 301 239 362 444
1719 292 1828 379 (taus)

177 436 341 517 perior-ibas
363 433 463 496 diebus
493 433 600 514 singuli
622 433 716 496 11444.
738 434 907 498 cardinales
924 433 970 493 di·
1037 446 1156 507 strum,
1190 445 1218 495 et
1245 452 1269 492 a
1286 443 1386 512 parte
1419 448 1520 492 sersus
1554 430 1729 503 introitum,
1757 432 1828 493 duae

175 549 258 598 ctam
279 537 345 599 Don
364 527 549 598 Fridcrlcam
570 536 746 612 visitarant3
763 549 791 599 44
809 538 870 617 ipse
888 536 970 596 41441·
1038 535 1187 596 144444444
1207 535 1383 594 441444111444
1400 547 1537 624 'magnae
1569 535 1733 614 preciosae,
1753 534 1827 613 Papa

179 638 245 698 litet·
267 623 471 697 4441411444
493 638 679 715 sequentibus
700 636 800 698 diebus
822 634 969 696 visitavit:
1037 636 1079 695 sic
1101 636 1225 696 4414444.
1248 635 1355 694 Finitis
1376 636 1513 714 vesperis,
1530 634 1607 715 Papa
1624 634 1755 694 44444114
1772 634 1828 693 Pa-

173 737 397 798 -conrenientias
430 747 524 796 tamen
557 735 655 799 14414444
687 736 853 799 Cardinales
881 755 971 815 expe·
1039 735 1828 815 1441444,444444444444444444444441444441444·

178 847 270 897 ctasse
290 854 320 896 se
342 845 406 915 post
427 835 619 896 obedientiam
645 838 813 916 praestitam
844 836 971 898 visitatos
1035 836 1118 896 aulas
1138 835 1237 896 4411444
1257 836 1391 911 antiquas
1411 852 1557 896 materam
1585 834 1762 915 Papogalli,
1784 835 1827 896 nbi

178 935 267 997 luisse
288 945 317 996 44
338 945 437 1021 postea
466 935 638 997 44414144444.
662 936 720 997 Sed
742 937 832 1014 quia,
853 946 887 995 444
907 935 971 994 esi·
1037 934 1172 1016 depositis
1193 936 1285 996 444414
1307 936 1448 1009 reatibus,
1468 937 1619 1016 assignare
1639 937 1710 998 14414
1733 954 1828 997 44444-

179 1037 284 1109 stimo,
317 1033 545 1114 Neapolitanos,
579 1049 609 1116 et
645 1036 796 1109 Senensis,
833 1047 971 1113 tanquam
1038 1049 1087 1096 ras
1108 1053 1198 1095 novas
1216 1034 1347 1115 Principi
1367 1036 1535 1116 supradicto
1557 1048 1590 1098 at
1609 1037 1639 1096 ia
1659 1037 1702 1096 414
1724 1055 1760 1096 ea
1781 1055 1828 1097 no-

180 1137 344 1216 singulares
378 1136 463 1197 amici
500 1136 660 1217 Principis,
694 1139 779 1198 illum
811 1147 877 1216 past
907 1133 971 1212 ejus

182 1237 340 1297 adrentum
375 1222 546 1311 4141444444,
566 1250 684 1298 etcum
714 1239 755 1299 cis
777 1237 808 1298 S.
832 1237 913 1298 Petri
935 1237 972 1296 ad

180 1336 321 1408 Vincula,
342 1337 561 1397 Beneventanus
574 1347 604 1397 44
623 1337 782 1411 Columna,
804 1341 842 1398 ita
873 1354 971 1405 omncs

181 1444 249 1495 suat
269 1434 402 1496 eumdem
422 1454 555 1497 errorem
577 1438 677 1497 secuti

221 1537 372 1597 Dominica
393 1546 499 1614 quarta
519 1535 788 1610 Adventusxxttt.
801 1537 970 1619 decembris,

1037 1147 1085 1204 444
1106 1138 1275 1214 quiesceret.
1294 1134 1420 1197 Paratae
1440 1147 1538 1198 antem
1554 1136 1677 1198 1444444
1699 1155 1828 1197 camerac

1038 1235 1114 1317 ipsae
1134 1236 1331 1305 ornatissime,
1365 1236 1473 1307 tertia,
1506 1247 1630 1315 quarta,
1653 1247 1683 1297 44
1710 1237 1828 1314 quinta,

1039 1337 1140 1397 velato
1164 1335 1380 1406 Alexandrino,
1406 1347 1434 1396 44
1456 1338 1583 1410 caelesti,
1603 1355 1638 1397 44
1661 1336 1827 1397 441141444-

1039 1446 1105 1496 4444
1126 1427 1217 1495 44444
1249 1436 1376 1514 paratis,
1409 1437 1534 1496 secunda
1568 1448 1667 1498 autent
1701 1439 1828 1498 1444444

1040 1535 1139 1595 441444
1161 1535 1330 1594 4444444144.
1359 1534 1431 1601 Dedi
1455 1536 1552 1596 141414
1582 1537 1714 1616 vesperis
1737 1537 1828 1597 locam

181 1636 218 1696 tt.
248 1635 281 1695 P.
302 1636 338 1696 D.
367 1637 522 1714 episcopus
544 1635 723 1696 Sutrinensis
743 1647 772 1697 44
798 1635 973 1718 Nepesincn·
1003 1623 1008 1744 l
1041 1638 1294 1700 interessistentes
1316 1638 1410 1719 Papae
1432 1638 1506 1700 1144.
1526 1640 1653 1702 Domino
1682 1640 1828 1721 Stepbano

177 1738 229 1810 sis,
250 1733 306 1794 SS.
330 1734 365 1792 D.
388 1732 421 1793 ll'.
442 1734 587 1795 secundus
608 1730 795 1808 secretarius,
816 1737 972 1798 celebrarit

179 1835 296 1897 1111444444
326 1833 475 1913 publicam
497 1837 525 1894 in
547 1837 677 1917 cappella
703 1837 871 1917 supradicta
878 1859 888 1911 3
907 1856 972 1899 ser·

181 1955 296 2015 raonem
318 1935 385 1996 lecit
402 1935 581 1997 Procurator
601 1935 719 1998 Ordinis
737 1939 975 2013 Carmelitarum,

180 2036 260 2116 Papa
283 2046 451 2117 praesente:
472 2037 602 2097 interluit
629 2039 716 2098 441444
736 2040 886 2100 illustriss.
907 2038 972 2098 1144

178 2138 349 2200 Fridericus
367 2138 417 2215 qui
431 2136 528 2197 locum
549 2137 650 2198 babuit
669 2140 744 2200 inter
758 2140 822 2199 itit.
838 2139 902 2199 DD.
916 2138 973 2201 Vi·

180 2237 434 2310 cccancellarium,
452 2247 482 2298 44
498 2238 599 2298 Sancti
622 2239 754 2301 Severini
765 2241 887 2301 ‘ultimos
901 2239 973 2298 Dia·

180 2358 272 2400 conos
297 2338 479 2412 cardinales,
509 2349 539 2399 44
563 2338 656 2401 eundo
671 2383 674 2389 «
689 2340 726 2399 41
745 2341 912 2421 cappellam
937 2359 972 2401 sc

180 2438 246 2500 iude
265 2436 412 2500 redcaudo
431 2439 485 2497 ivit
505 2450 579 2517 post·
591 2439 716 2524 Crucem
728 2441 814 2501 etiam
835 2441 909 2500 inter
924 2440 973 2498 di·

186 2553 249 2602 4444
280 2537 447 2600 Cardinales
484 2538 612 2613 44411444,
632 2551 660 2600 44
687 2552 841 2601 antaeum
866 2538 974 2618 Dispo-

183 2621 233 2700 tua
251 2639 309 2721 (l),
323 2640 374 2717 qui
394 2639 481 2699 etiam
501 2639 601 2699 locum
616 2657 703 2700 suum
724 2640 841 2700 solitum
872 2639 974 2700 babuit

182 2753 246 2821 post
261 2741 396 2801 ultimam
409 2738 572 2800 Diaconum
585 2739 769 2803 Cardlnsleus
783 2740 972 2820 praedictum.

99 2836 101 2842 ’
222 2843 310 2903 Faria
346 2841 496 2914 secunda,
522 2858 637 2903 xxtttt.
659 2842 846 2914 decembris,
872 2842 972 2920 vigilia

184 2942 293 3003 Natalis
307 2942 434 3015 Domini,
450 2942 505 3002 SS.
525 2943 561 3003 D.
576 2941 610 3003 tt.
627 2956 748 3024 paratus
767 2944 795 3004 in
814 2947 899 3029 tertia
920 2961 973 3004 ca·

186 3059 280 3104 444444,
295 3062 329 3104 ex
361 3040 446 3104 44414
470 3047 645 3122 paramentis
673 3048 782 3120 4411414,
810 3047 888 3108 44414
920 3061 973 3126 per
998 3038 1000 3041 ’

185 3147 268 3206 aaias
287 3144 375 3217 duas,
390 3147 531 3206 44441444
556 3164 680 3219 novara,
699 3167 734 3207 44
763 3160 890 3209 veterem
908 3167 973 3207 ma·

185 3264 273 3326 gnam
295 3265 346 3326 per
377 3246 486 3325 scalas⁴
504 3245 541 3305 ad
561 3244 705 3321 Curiam,
736 3246 786 3306 ubi
806 3247 973 3309 Cardiaales

182 3367 217 3410 ex
238 3348 322 3426 equis
342 3346 515 3408 descendere
535 3349 653 3419 solent,
675 3358 705 3408 et
728 3348 793 3410 iude
815 3368 868 3428 pet·
880 3367 973 3409 com·

187 3467 304 3510 44444444
326 3451 402 3508 viam
423 3447 460 3506 ad
472 3448 629 3510 Basilicam
644 3449 744 3510 Sancti
760 3451 863 3523 Petri,
885 3468 973 3529 prae·

186 3550 355 3613 cedentibus
374 3551 577 3612 cardinalibus
602 3551 631 3611 ia
651 3571 756 3615 eorum
783 3553 881 3632 cappis
900 3552 973 3612 soli·

185 3653 247 3725 tis,
267 3670 302 3712 ac
332 3652 470 3731 praelatis
492 3652 676 3731 sequentibus
706 3655 790 3714 etiam
818 3657 846 3713 in
875 3655 973 3734 cappis

188 3771 271 3815 more
290 3754 385 3814 solito.
410 3753 443 3814 ln
457 3754 556 3815 eadem
577 3755 709 3829 Basilica,
725 3755 801 3815 lacta
822 3773 873 3835 per
895 3756 973 3817 Car-

186 3855 295 3916 1144144
314 3855 492 3929 reverentia,
512 3855 600 3915 iidem
622 3867 650 3916 44
664 3857 786 3936 praelati
806 3874 904 3916 omnes
920 3875 973 3918 ac·

185 3968 325 4039 ceperunt
345 3969 512 4036 paramenta
534 3967 694 4032 consueta,
715 3959 764 4019 scd
790 3958 972 4032 inordinate,

184 4062 253 4138 quia
274 4059 490 4139 quamprimum
522 4059 610 4139 primi
630 4058 798 4121 Cardinales
832 4077 973 4121 reveren-

186 4162 256 4220 tiam
278 4160 411 4223 lecerunt
423 4205 433 4235 ,
456 4160 509 4239 ipsi
529 4178 580 4219 sua
601 4172 765 4239 paramenta
787 4170 972 4240 acceperunt,

181 4271 212 4321 44
231 4262 307 4320 male
322 4270 428 4333 4444444,
444 4261 512 4337 qaia
524 4260 665 4323 debebant
685 4273 848 4342 expectasse
861 4279 974 4340 quous·

186 4378 245 4439 que
266 4379 365 4427 omues
385 4360 552 4422 Cardinales
565 4367 755 4424 444444441444
777 4359 972 4424 144144444444.

186 4462 249 4522 1144
271 4461 427 4522 1141441444
451 4461 552 4522 babuit
565 4463 661 4524 locam
684 4465 757 4525 inter
770 4464 842 4525 daos
856 4464 974 4525 ultimos

185 4563 351 4624 Cardinales
365 4564 517 4625 Diaconos
546 4565 726 4645 supradictos
757 4578 890 4647 paratos3
917 4567 973 4625 alia

186 4682 268 4727 44444
279 4666 364 4726 solito
376 4676 443 4753 sunt
452 4664 614 4726 obsecrata.
622 4668 767 4748 bppcasae
779 4668 899 4729 luerunt
910 4667 973 4728 cir·

185 4786 253 4829 cum
269 4768 361 4842 circa,
372 4767 475 4827 subtus
488 4766 632 4830 tribunam
644 4787 660 4828 4
671 4769 765 4839 tribua
774 4769 911 4830 lateribus
920 4787 972 4828 su·

188 4888 241 4950 pra
262 4870 354 4931 altare
369 4869 450 4929 naris
465 4869 603 4931 basilicae
618 4871 792 4951 praedictae,
803 4880 892 4950 prout
903 4854 973 4929 alias

185 4982 316 5052 tempore
338 4970 423 5032 Pauli
445 4971 471 5032 11
492 4972 642 5033 444444414
664 4970 749 5046 fleri,
771 4971 898 5033 Tabulae
919 4989 974 5031 an·

186 5075 284 5152 tiquae
305 5073 435 5136 Graecae
465 5073 594 5155 depictae
606 5116 616 5148 ,
649 5091 701 5152 per
723 5072 883 5134 sacristam
916 5090 973 5134 no·

184 5214 295 5231 Μ

224 5310 383 5373 1111141444
407 5294 466 5362 viro
493 5311 555 5363 4114
583 5311 731 5363 vialardum
750 5314 775 5362 in
802 5312 972 5365 adnotatione

181 5393 274 5443 444444
291 5405 350 5456 pag.
367 5394 421 5446 tta.

1039 1741 1267 1821 brebiepiscopo
1287 1740 1477 1814 Patracensi,
1499 1762 1584 1821 quem
1607 1742 1665 1804 SS.
1687 1743 1727 1802 D.
1748 1742 1782 1802 tt.
1803 1742 1828 1803 ln

1039 1842 1215 1902 assistentem
1236 1839 1289 1899 sibi
1310 1845 1475 1921 assmnpsit.

1082 1942 1115 2000 ln
1147 1952 1230 2000 nocte
1259 1942 1388 2019 sequenti
1422 1941 1498 2002 diem
1520 1942 1729 2022 praedictum,
1751 1945 1826 2005 cirea

1041 2040 1130 2102 boras
1151 2041 1226 2100 inter
1248 2056 1309 2102 4444
1331 2052 1359 2101 44
1385 2032 1494 2116 virus,
1517 2041 1572 2102 SS.
1595 2042 1632 2102 D.
1657 2041 1693 2102 li.
1717 2055 1829 2123 paratus

1040 2159 1123 2202 more
1143 2142 1229 2201 sollto
1248 2151 1277 2201 44
1298 2143 1370 2201 44414
1384 2160 1418 2203 cs
1440 2144 1545 2220 perlis,
1567 2151 1595 2202 44
1611 2161 1706 2223 cappa
1730 2144 1764 2206 dc
1781 2164 1828 2205 re·

1043 2243 1105 2302 lato
1126 2241 1285 2302 cremcsino
1307 2242 1335 2301 14
1357 2259 1473 2303 camera
1499 2242 1673 2322 Papagalli,
1700 2246 1777 2306 venit
1796 2247 1828 2304 ad

1041 2343 1199 2423 cappellam
1222 2338 1363 2417 majorem
1378 2341 1505 2417 solitam,
1519 2343 1728 2404 Cardinnlibus
1741 2345 1827 2425 ipsam

1041 2441 1159 2523 Papam.
1172 2443 1356 2520 sequentibus
1371 2453 1401 2504 et
1421 2445 1494 2504 inter
1508 2445 1626 2506 ultimos
1648 2445 1724 2506 duos
1746 2448 1829 2506 441414

1043 2543 1162 2605 medius
1176 2541 1316 2623 Princeps
1337 2543 1540 2624 supradictas3
1563 2543 1696 2606 limbrias
1718 2549 1829 2626 pluria-

1045 2643 1079 2703 lis
1090 2642 1177 2702 simul
1194 2642 1329 2703 collectas
1344 2642 1471 2723 portavit
1485 2644 1519 2703 D.
1526 2643 1698 2726 Episcopus
1710 2650 1829 2708 Alexan·

1039 2743 1143 2803 drinus
1185 2741 1352 2817 4441444444,
1386 2755 1451 2823 post
1492 2744 1668 2807 Pontificem
1708 2747 1826 2810 Ctutccm

1041 2844 1171 2924 portarit
1199 2862 1274 2904 unas
1290 2844 1468 2906 Auditorum
1481 2846 1591 2919 114444,
1611 2860 1734 2927 propter
1761 2851 1825 2910 sab·

1042 2942 1230 3005 diaconorum
1252 2945 1430 3020 absentiam,
1452 2956 1481 3007 44
1497 2964 1592 3009 ensem
1615 2964 1686 3008 cum
1704 2938 1825 3029 cappella

1042 3044 1078 3105 D.
1096 3046 1278 3125 Augustinus
1301 3044 1335 3107 de
1362 3045 1560 3107 Praedonibus
1578 3046 1741 3130 dccolytas
1761 3068 1824 3130 apo·

1040 3147 1169 3221 stolicis,
1182 3146 1219 3206 41
1234 3145 1380 3209 4141444444
1395 3147 1541 3225 portantis
1550 3146 1680 3210 Crucem
1692 3149 1822 3216 incedam,

1042 3259 1160 3329 propter
1182 3249 1359 3312 clericorum
1392 3248 1531 3311 Gamerae
1553 3249 1723 3314 absentiam.
1756 3251 1821 3330 Papa

1041 3349 1118 3411 dedit
1133 3348 1356 3411 benedictionem
1372 3349 1496 3410 11444414
1514 3351 1687 3425 lectionem,
1702 3364 1732 3412 et
1746 3353 1821 3410 41444·

1041 3451 1166 3511 14414444
1180 3450 1257 3528 ¹leqit
1277 3467 1312 3510 ex
1328 3449 1565 3510 libro..'Prirnam
1585 3452 1740 3533 lectionem
1766 3454 1822 3531 legit

1041 3552 1078 3612 D.
1097 3551 1254 3613 Marcellus
1275 3544 1441 3612 Slnibaldus
1464 3553 1608 3633 dcolytus
1625 3556 1821 3633 apostoliens,

1042 3652 1252 3716 secttndamD.
1279 3654 1454 3713 Franciscus
1471 3655 1606 3731 vBrenitts
1625 3654 1753 3717 Auditor
1779 3673 1821 3736 prs

1040 3753 1076 3827 D.
1095 3751 1543 3815 141111414144441444114444
1561 3751 1705 3816 Gamerae
1724 3756 1760 3816 ad
1779 3757 1820 3815 144

1040 3853 1115 3914 14444
1145 3872 1193 3914 eos
1230 3853 1537 3915 4411444414441444
1568 3856 1604 3916 D.
1635 3856 1821 3918 bernardinus

1041 3953 1189 4016 Gambara
1222 3953 1428 4016 subdiaconus
1459 3956 1654 4035 Apostolicus.
1688 3956 1820 4026 Quartam

1040 4054 1337 4121 1144140441144114
1358 4056 1571 4145 montisregalis
1579 4055 1689 4134 junior
1706 4059 1821 4137 ateor-

1040 4169 1096 4219 ter.
1113 4155 1251 4226 Quintam
1266 4156 1312 4216 lll.
1328 4156 1393 4217 1144
1416 4156 1584 4218 Fridericus
1592 4159 1715 4219 14414444
1730 4177 1822 4238 supc-

1041 4260 1154 4340 pcllicio
1168 4258 1302 4338 pluviali,
1318 4260 1467 4319 accinctus
1481 4242 1560 4332 44444,
1573 4259 1736 4320 observatis
1755 4262 1823 4339 prins

1041 4362 1134 4423 solitis
1155 4360 1345 4423 caerimoniis.
1367 4359 1487 4420 Sextam
1508 4360 1580 4420 Rev.
1610 4360 1645 4420 D.
1672 4361 1823 4425 Carditssl'u

1041 4463 1074 4523 S.
1087 4463 1254 4532 Clementis,
1268 4461 1318 4538 qui
1334 4470 1394 4519 tam
1413 4460 1450 4519 ad
1467 4444 1616 4521 lectionem
1639 4460 1777 4538 quemad
1792 4459 1824 4519 14

1041 4563 1140 4624 Deum
1152 4561 1262 4621 librum
1277 4561 1379 4621 tenuit.
1399 4560 1625 4628 ’14444414444444
1644 4577 1721 4643 tttttt.
1742 4562 1824 4620 intor-

1041 4663 1194 4725 ticioalba
1212 4681 1264 4741 per
1297 4660 1562 4740 scutiferos'Papac
1580 4681 1634 4741 per
1654 4674 1758 4725 totam.
1770 4662 1824 4723 alb·

1040 4764 1139 4836 cium,
1160 4763 1294 4824 videlicet
1313 4781 1362 4825 sex
1381 4755 1825 4845 444441444414444114441444444·

1042 4861 1112 4926 ram
1129 4862 1326 4925 cardinalium
1345 4881 1438 4941 usque
1462 4862 1498 4922 ad
1529 4858 1825 4944 gradaszpresb‘yrertt

1040 4977 1069 5026 ct
1084 4977 1213 5045 quatuor
1228 4963 1264 5025 ad
1286 4964 1431 5024 4141444444
1441 4964 1559 5044 Papae,
1579 4976 1660 5026 44444
1674 4966 1824 5027 scabellum

1040 5065 1211 5147 Presbyteri
1227 5063 1389 5127 cardinalis
1414 5065 1571 5126 assistentis
1579 5088 1589 5139 3
1610 5067 1717 5143 quibus
1742 5066 1825 5126 scau·

1040 5168 1109 5229 ieris
1135 5168 1169 5230 dc
1194 5166 1337 5227 mandato
1364 5166 1532 5227 Sanctitatis
1552 5167 1638 5228 ‘Suae
1664 5169 1729 5228 dixi
1757 5165 1826 5246 qaod

1041 5270 1202 5332 Sanctitate
1228 5269 1289 5331 Sua
1312 5278 1421 5339 stante,
1452 5269 1504 5359 ipsi
1530 5254 1824 5348 genuflecterent',⁴ac

1043 5375 1107 5454 ipso
1132 5374 1247 5435 sedeate
1266 5372 1319 5451 ipsi
1349 5383 1479 5446 starent,
1513 5391 1548 5431 44
1577 5373 1725 5437 1444441414
1740 5388 1826 5445 ,noa
