3764 6036
183 263 244 325 aiu
682 259 970 323 ronririclrus
992 256 1217 323 inuncanrn
1236 260 1390 323 orriri.
1454 216 1457 224 ¹

186 416 241 458 uus
262 399 405 461 Antonius
420 397 455 458 de
467 397 615 459 Forolirio
630 395 771 458 Gamerae
796 396 976 479 Apostolicae

182 495 325 569 Clericus,
344 498 425 557 circa
447 496 551 556 horam
572 511 639 556 xix.
653 540 661 568 ,
675 496 794 575 praelati
811 494 912 554 Palatii
933 496 975 553 Λ-

183 597 340 674 postolici,
360 607 389 655 et
408 596 533 655 lamiliae
555 594 610 654 SS.
626 594 662 655 D.
687 593 720 654 N.
748 593 861 673 Papae,
880 603 908 654 et
929 612 977 653 sex

186 693 250 767 BR.
272 695 334 755 OD.
357 694 553 756 cardinalium
568 737 974 753 ..............
1007 703 1009 707 ’

183 837 192 853 .
217 839 224 853 .
249 839 256 853 .
281 795 339 855 ,ad
358 793 556 854 associandum
570 793 658 853 lanus
679 792 776 855 Ursini
795 790 830 851 de
850 789 976 851 henira-

184 891 266 964 dinis,
285 889 335 950 lilii
351 891 488 952 iohannis
505 890 685 963 Lanlredini,
706 890 779 951 ciris
799 900 825 950 et
842 887 977 951 Oratoris

184 991 345 1052 Florentiui
366 992 577 1070 primogeniti,
597 992 627 1050 in
652 1007 705 1052 xv.
729 991 775 1050 rel
803 993 882 1049 circa
907 1007 977 1049 suae

185 1093 287 1151 aetatis
320 1109 395 1150 anno
428 1091 603 1165 constituti,
623 1091 674 1169 qui
696 1110 730 1150 ex
762 1089 854 1150 nimio
879 1090 977 1160 coitu,

187 1190 266 1249 circa
282 1190 356 1250 diem
372 1190 422 1249 Si.
435 1191 540 1250 mensis
562 1190 728 1251 novembris
744 1190 875 1269 proxime
890 1204 977 1267 prac-

185 1289 282 1362 rei-iri,
301 1309 456 1369 percussus
478 1291 568 1363 lehre,
581 1272 660 1351 diem
679 1290 784 1350 clausit
805 1299 977 1349 extremum.

185 1388 269 1462 huin,
287 1403 320 1450 ut
340 1391 458 1468 quidam
479 1392 654 1462 asserebant,
668 1390 743 1451 idem
757 1388 904 1468 quandum
922 1384 978 1462 ju-

187 1494 321 1552 venulam
340 1493 444 1572 septies
466 1510 525 1551 uria
547 1492 642 1564 hora,
663 1492 713 1552 alii
739 1490 817 1568 quod
840 1489 979 1549 undecies

186 1609 243 1651 una
265 1603 348 1652 nocte
368 1592 516 1671 cognorit.
538 1592 718 1671 congregati
732 1590 854 1651 luerunt
876 1588 906 1647 in
920 1588 977 1647 alia

185 1710 301 1752 camera
332 1704 396 1771 post
427 1692 606 1771 praedictam
640 1710 708 1752 cunr
737 1700 820 1770 patre
848 1688 978 1749 defuncti

189 1790 331 1853 Oratores
351 1791 438 1870 Regis
456 1792 644 1863 Ferdinaudi,
663 1792 853 1860 Venetorum,
867 1799 896 1850 et
911 1789 977 1847 naa

187 1892 231 1951 cis
251 1893 420 1963 Ferrariam
443 1894 471 1950 in
492 1891 586 1951 aredio
601 1892 684 1952 aulae
707 1890 871 1970 praedictae
889 1907 977 1966 supra

188 2010 316 2077 niensaui
328 1991 431 2052 ibidem
444 1991 554 2070 positus
575 1992 729 2053 deiunctus
744 1992 863 2051 indutus
877 1989 976 2048 habitu

187 2091 531 2152 societatisbattutorum
554 2091 709 2171 nigrorum
731 2091 978 2162 discalciatorum,

193 2213 211 2251 a
233 2194 326 2273 cupite
347 2193 383 2251 ad
404 2191 499 2272 pedes.
521 2192 588 2254 Duo
612 2194 742 2254 scutiferi
761 2192 887 2263 stabant,
907 2190 980 2249 duas

190 2293 312 2366 faculas,
334 2292 460 2353 duarum
483 2294 628 2354 librarum
650 2293 803 2371 quaelibet,
835 2291 980 2362 ardentes,

190 2394 323 2455 manibus
345 2404 489 2467 tenentes,
510 2393 623 2466 deinde,
643 2394 752 2472 paratis
772 2410 807 2451 ex
828 2408 911 2450 more
933 2390 980 2447 in·

190 2495 315 2556 torticiis
341 2506 369 2554 et
397 2493 545 2566 candelis,
575 2492 811 2572 praecedentibus
838 2489 981 2550 iratribus

189 2595 334 2667 Aracaeli,
357 2594 457 2654 Sancti
475 2594 648 2672 Augustini,
670 2592 794 2652 Sanctae
814 2590 925 2651 Mariae
946 2589 980 2650 de

190 2693 305 2774 Populo
324 2706 354 2755 et
375 2693 551 2772 quibusdam
580 2695 644 2754 aliis
675 2703 828 2772 propterea
851 2689 981 2761 rocatis,

190 2814 226 2856 ac
245 2794 419 2856 beneficiatis
433 2805 463 2856 et
484 2795 598 2856 clericis
619 2793 753 2854 basilicae
773 2792 873 2852 Sancti
888 2790 982 2865 Petri,

192 2907 346 2977 portatum
368 2896 424 2955 luit
446 2895 534 2956 lunus
553 2895 590 2955 ad
609 2894 756 2954 basilicam
778 2891 979 2973 praedictam,

191 2998 221 3057 in
248 3015 306 3076 qua
326 2995 448 3057 debehat
471 2996 595 3075 sepeliri.
623 2994 742 3056 Clerum
775 2992 984 3073 praecedebant

192 3116 334 3178 pauperes
357 3097 458 3175 viginti
479 3095 626 3155 intorticia
648 3104 814 3174 portantes3
832 3102 896 3172 post
919 3095 982 3152 illos

192 3199 384 3260 solicitatores
412 3199 563 3258 literarum
585 3196 835 3274 Apostolicorum,
857 3193 891 3254 de
919 3193 983 3252 col·

193 3300 271 3377 legio
293 3316 420 3376 quorum
440 3286 591 3358 defunctus
611 3306 692 3369 erat,
720 3296 889 3356 defunctum
912 3311 985 3372 por·

195 3398 306 3472 tabant,
330 3418 379 3458 sex
405 3417 439 3458 ex
463 3397 599 3457 societate
625 3396 769 3475 praedicta
795 3396 983 3455 battutorum

195 3519 231 3560 ex
249 3516 303 3558 suo
324 3517 405 3559 inore
427 3498 516 3557 sunus
536 3497 617 3574 sequi
640 3492 789 3570 volebant,
810 3515 865 3576 ego
886 3505 982 3555 autern

191 3599 271 3677 jussi
292 3619 341 3660 eos
362 3599 534 3678 praecedere
555 3598 658 3660 debere
669 3620 680 3671 ;
697 3611 724 3660 et
745 3599 906 3660 immediate
920 3607 984 3677 post

192 3701 286 3762 initus
306 3701 478 3778 equitarunt
492 3697 634 3759 Oratores
649 3698 797 3778 praedicti,
820 3699 895 3758 inter
912 3714 984 3774 quos

197 3820 286 3883 super
301 3803 372 3863 alios
388 3802 517 3881 primurn
534 3801 631 3860 locum
653 3799 777 3860 obtinuit
796 3796 985 3858 Francisehi-

196 3923 251 3966 rius
266 3904 338 3966 Cibo
352 3903 428 3965 tilius
445 3903 557 3982 Papae,
572 3912 636 3980 post
649 3920 698 3961 eos
709 3910 737 3961 et
759 3918 826 3959 cum
841 3899 881 3960 eis
896 3915 985 3977 prae·

195 4005 246 4065 lati
267 4005 375 4064 Palatii
403 4016 432 4064 et
454 4002 504 4062 aiii
524 4000 685 4061 inordinate
705 4003 772 4078 quia
796 3999 935 4079 pluebat,
957 4005 985 4054 et

195 4109 244 4166 -ria
266 4107 364 4167 brevis
384 4116 467 4166 erat:
490 4105 625 4182 inportu
656 4101 789 4161 basilicae
814 4097 985 4158 distributae

195 4205 317 4266 luerunt
330 4205 464 4266 candelae
486 4203 625 4263 iratribus
646 4212 676 4262 et
696 4202 776 4261 clero
791 4218 872 4259 more
885 4198 985 4258 solitos

196 4307 283 4367 lunus
304 4316 452 4386 portatum
471 4305 528 4364 luit
548 4324 598 4383 per
612 4314 748 4382 quartam
760 4311 887 4381 portam,
903 4298 987 4359 ride·

200 4409 267 4467 licet
289 4408 367 4467 illam
379 4424 454 4485 quae
466 4417 508 4465 est
525 4406 600 4465 inter
616 4405 737 4466 mediana
761 4415 790 4463 et
808 4402 888 4462 illam
901 4397 985 4476 justa

198 4509 357 4587 cappellam
378 4506 479 4567 Sancti
491 4505 631 4578 Andreae,
643 4516 670 4565 et
687 4505 811 4583 positum
828 4502 882 4561 luit
903 4499 986 4578 quasi

199 4610 227 4667 in
249 4608 343 4668 medio
364 4607 522 4680 ecclesiae,
544 4605 663 4684 pedibus
682 4603 718 4664 ad
740 4615 854 4683 portam
874 4599 987 4672 versis,

198 4720 227 4770 et
248 4710 340 4788 capite
362 4707 398 4766 ud
420 4709 521 4779 altare,
544 4717 576 4765 ut
599 4705 687 4765 moris
708 4715 759 4764 est.
783 4702 840 4763 Sed
863 4701 987 4761 clericus

200 4809 336 4870 basilicae
348 4808 513 4888 praedictae
526 4823 645 4866 crucem
659 4817 786 4883 portans,
799 4802 878 4862 illam
894 4799 987 4860 tenuit

201 4910 236 4968 ad
259 4921 348 4990 caput
368 4907 520 4980 defuncti,
540 4923 629 4983 qrram
649 4902 686 4962 nd
708 4904 792 4982 pedes
817 4914 913 4963 teuere
935 4898 987 4958 dc·

201 5009 286 5071 behat
300 5028 381 5069 more
398 5017 545 5068 consueto.
566 5004 685 5064 lnterim
701 4999 843 5062 Oratores
858 5011 887 5059 et
901 5015 987 5077 prae·

201 5109 251 5167 lati
272 5107 410 5188 praedicti
432 5107 569 5168 sederunt
591 5104 620 5162 in
641 5101 741 5161 baucis
758 5099 859 5159 altaris
883 5098 987 5158 Bautae

200 5209 310 5270 hlariae
327 5210 474 5288 Virginis,
495 5206 577 5267 chori
599 5204 732 5264 videlicet
747 5201 883 5261 ecclesiae
902 5216 988 5277 prae·

201 5308 316 5382 dictae,
336 5321 366 5369 et
387 5309 477 5370 irater
498 5307 644 5367 hlarianus
667 5303 701 5364 de
723 5299 850 5364 viterbio
871 5296 988 5359 Ordinis

1724 259 1825 347 (rus)

1044 395 1294 468 Praedicatorum,
1312 408 1390 455 stans
1412 393 1439 454 in
1458 392 1555 454 inlimo
1574 393 1681 472 gradu,
1696 412 1825 455 ascensus

1044 495 1079 553 ad
1099 497 1192 556 altare
1207 496 1398 575 praedictum,
1412 513 1513 554 versus
1527 494 1563 553 ad
1583 494 1676 555 dictos
1691 493 1826 554 Oratores

1042 605 1071 655 et
1093 597 1236 675 praelatos
1250 596 1318 655 lecit
1329 595 1480 656 lnirebrem
1496 596 1672 667 orationem,
1689 606 1722 654 ut
1744 596 1827 655 moris

1043 705 1101 767 est;
1121 715 1179 773 qua
1193 694 1272 754 linita
1285 706 1465 755 recesserunt
1486 713 1595 767 orrines,
1612 706 1641 755 et
1662 694 1787 772 quisque
1797 695 1826 752 od

1044 816 1126 857 suum
1138 795 1339 856 habitationem
1360 812 1507 854 reversus.
1520 795 1639 855 lnterim
1650 793 1723 853 durn
1739 811 1828 853 sermo

1044 895 1136 967 lieret,
1157 893 1243 954 linitis
1263 913 1279 953 a
1301 896 1381 955 clero
1393 895 1577 973 responsorio
1592 905 1622 954 et
1638 892 1828 964 orationibus,

1045 997 1197 1057 defunctus
1230 1005 1362 1073 portatus
1383 1004 1425 1054 est
1454 993 1490 1052 ad
1518 994 1680 1072 cappellam
1713 992 1828 1054 Sanctae

1044 1098 1153 1158 lilariae
1173 1096 1208 1157 de
1228 1095 1383 1170 Febribus,
1404 1095 1432 1154 in
1451 1111 1522 1171 qua,
1539 1095 1568 1153 iu
1588 1095 1700 1172 angulo
1716 1094 1752 1152 ad
1766 1094 1828 1153 sini·

1045 1210 1136 1258 stram
1164 1195 1361 1268 intrantibus,
1393 1195 1525 1273 sepultus
1557 1204 1609 1254 est.
1632 1191 1743 1272 Opinio
1775 1205 1828 1253 erat

1045 1295 1456 1375 quorumdumllercntorunr
1466 1292 1512 1376 (l)
1522 1293 1763 1353 Florentinorum
1775 1291 1828 1351 Ro·

1046 1414 1159 1456 uranum
1178 1395 1297 1456 Curiam
1319 1394 1521 1471 sequentium,
1542 1391 1737 1469 quodetiam
1757 1402 1827 1469 pater

1046 1495 1172 1557 defuncti
1193 1494 1281 1554 lunus
1301 1493 1448 1552 associare
1467 1490 1587 1552 debebat
1607 1489 1644 1549 ad
1671 1490 1827 1563 ecclesiam,

1046 1597 1146 1676 pannis
1171 1595 1295 1654 violatiis
1328 1592 1461 1653 obscuris
1491 1592 1634 1664 vestitus,
1657 1589 1744 1668 quod
1769 1589 1828 1650 mihi

1046 1699 1193 1758 dissonum
1207 1694 1370 1764 ridebatur,
1384 1710 1452 1759 cum
1467 1702 1540 1752 esset
1556 1685 1583 1751 in
1600 1691 1722 1770 publico
1733 1691 1827 1763 officia

1046 1799 1133 1876 idque
1160 1809 1242 1876 pater
1267 1794 1400 1855 similiter
1423 1803 1581 1872 reputans,
1604 1803 1762 1871 propterea
1784 1809 1829 1850 noa

1046 1898 1206 1956 associavit.

1087 1996 1172 2056 Feria
1191 1991 1337 2065 secunda,
1360 2011 1435 2052 notia
1456 1991 1553 2050 martii
1567 1989 1624 2050 SS.
1635 1989 1674 2049 D.
1687 1987 1722 2047 ii.
1743 1989 1773 2048 in
1791 2007 1831 2048 se·

1047 2105 1129 2156 creto
1164 2093 1358 2162 consistorio,
1383 2091 1517 2153 omnibus
1549 2089 1615 2149 llil.
1635 2088 1831 2150 cardinalibus

1048 2208 1116 2255 tunc
1144 2197 1174 2253 in
1207 2192 1287 2255 Urbe
1318 2191 1518 2264 existentibus,
1550 2208 1609 2250 uno
1637 2189 1773 2268 dempto,
1793 2189 1832 2248 ii·

1048 2295 1149 2354 delicet
1185 2291 1221 2351 R.
1251 2291 1287 2350 D.
1316 2290 1467 2352 Cardinale
1488 2290 1627 2360 ⁸Sanctae
1668 2288 1781 2350 lilariae
1808 2288 1832 2346 in

1048 2393 1169 2454 Portica
1186 2395 1238 2470 qui
1262 2409 1318 2451 non
1340 2390 1495 2464 interluit,
1516 2389 1770 2459 interessentibus,
1790 2389 1833 2464 qui

1048 2494 1168 2554 luerunt
1188 2508 1289 2562 xviia,
1311 2490 1444 2552 videlicet
1464 2488 1745 2561 vicecancellarius,
1767 2485 1834 2547 Nea·

1049 2596 1204 2675 politanus,
1218 2593 1317 2654 Sancti
1331 2593 1434 2665 Marci,
1446 2592 1545 2654 Sancti
1560 2592 1640 2654 Petri
1653 2593 1689 2652 ad
1707 2593 1834 2664 Vincula,

1049 2694 1273 2775 Andagarensis,
1292 2694 1448 2774 Episcopi
1449 2715 1461 2764 ,·
1477 2693 1576 2753 Sancti
1593 2694 1709 2772 Angeli,
1720 2692 1836 2755 Ulixbo·

1050 2797 1154 2879 nensis,
1174 2794 1409 2865 Rnchanatensis,
1420 2793 1518 2853 Sancti
1535 2792 1701 2863 Clementis,
1713 2792 1836 2851 larinen-

1050 2899 1109 2971 sis,
1131 2896 1165 2955 de
1187 2894 1365 2968 Comitibus,
1388 2893 1562 2968 Parmensis,
1574 2894 1762 2974 Presbyteri
1769 2914 1781 2964 ,·
1807 2892 1835 2952 de

1050 2997 1143 3068 Furio,
1160 2994 1190 3054 S.
1213 2993 1342 3072 Georgii,
1358 2993 1391 3055 de
1411 2993 1544 3067 Sabellis,
1557 2993 1714 3065 Columna,
1729 2993 1763 3053 de
1779 2992 1835 3054 Ur-

1051 3097 1130 3167 sinis,
1141 3106 1170 3155 et
1182 3093 1492 3164 escaritusmiacont,
1501 3094 1612 3154 crearit
1622 3093 1755 3171 quinque
1769 3093 1837 3154 ear·-

1051 3197 1268 3266 dinalesnoros,
1283 3193 1414 3253 videlieet
1423 3193 1487 3252 llll.
1497 3195 1524 3252 in
1536 3193 1655 3254 Christo
1668 3193 1772 3252 Patres
1781 3195 1837 3251 ,ln-

1052 3297 1150 3358 dream
1172 3293 1413 3374 Lugdunensem,
1434 3294 1505 3353 alias
1525 3293 1774 3372 Burdegalensem
1786 3289 1838 3372 (ἲ),

1052 3397 1241 3459 Laurentium
1260 3395 1503 3467 beneventanum,
1524 3393 1758 3473 archiepiscopos
1778 3393 1834 3471 (3);

1052 3499 1223 3559 Ardicinum
1236 3498 1311 3557 della
1323 3497 1412 3556 Porta
1431 3495 1606 3555 Aleriensem
1618 3494 1676 3575 (l),
1691 3495 1837 3555 Antonior-

1055 3642 1099 3649 α’..
1102 3642 1140 3649 -ι
1202 3632 1203 3635 ¹
1407 3639 1459 3647 .-
1726 3636 1837 3646 ψ

1093 3732 1129 3792 (1)
1151 3729 1192 3778 Sic
1216 3728 1242 3777 in
1258 3727 1361 3777 Codice.
1384 3725 1481 3778 Nescio
1497 3738 1530 3774 au
1547 3726 1596 3788 legi
1620 3725 1719 3775 debeat
1741 3723 1836 3776 Praela-

1053 3812 1147 3859 lorum.

1096 3891 1132 3946 (2)
1149 3885 1288 3938 Panriuius
1305 3889 1331 3935 et
1348 3884 1487 3933 Claconius
1507 3882 1669 3932 Ludoricum
1695 3881 1836 3944 d’Espinay

1054 3968 1267 4017 Armoricensem
1281 3966 1415 4026 appellant
1427 3966 1495 4013 huno
1512 3963 1688 4022 cardinalem,
1700 3967 1728 4011 et
1743 3959 1835 4023 plurimi

1056 4049 1098 4096 aiii
1125 4059 1183 4096 cum
1209 4045 1257 4094 eis.
1280 4044 1333 4093 Sed
1360 4043 1540 4093 ferdinandus
1563 4040 1706 4103 Ugheilus,
1728 4051 1835 4091 erroren

1057 4125 1272 4176 animadvertens
1290 4123 1435 4172 scribebat:
1455 4122 1543 4172 nllale
1560 4121 1712 4170 Ludovicus
1727 4121 1760 4170 ab
1777 4122 1836 4168 Onu·

1056 4207 1131 4268 pbrio
1147 4209 1174 4255 et
1191 4204 1315 4254 Ciaconio
1330 4202 1438 4260 dicitur,
1454 4202 1504 4251 nisi
1522 4201 1589 4250 lorta
1602 4202 1674 4250 essai
1693 4198 1835 4252 binominus

1055 4285 1177 4334 Andreas
1203 4283 1272 4332 enim
1301 4281 1335 4329 ab
1356 4279 1495 4338 omnibus,
1511 4291 1579 4340 quos
1601 4279 1673 4336 ridi,
1696 4271 1835 4326 auctoribus

1058 4369 1187 4429 vocatur,
1203 4360 1342 4413 Monachus
1367 4363 1393 4409 et
1420 4357 1656 4407 PriorSllartini
1680 4357 1716 4405 de
1742 4353 1834 4416 Campis

1042 4445 1156 4494 'ordinis
1173 4443 1197 4490 s.
1223 4439 1377 4496 Benedicti;
1393 4437 1608 4498 archiepiscopus
1625 4434 1834 4496 Burdegsieosis.

1057 4523 1117 4571 inde
1138 4520 1327 4583 Lugdunensis.
1344 4515 1477 4566 videndus
1500 4515 1633 4564 Arnoldus
1650 4511 1751 4570 liuion,
1767 4512 1835 4561 Fran·

1056 4602 1143 4651 ciscus
1170 4598 1341 4649 Bellorestius
1368 4602 1395 4646 et
1419 4595 1551 4645 Claudius.
1578 4593 1693 4643 lacobus
1723 4592 1833 4642 brutius.

1058 4678 1245 4737 inculcastis.
1264 4675 1402 4735 Periclen,
1420 4687 1479 4725 eum
1492 4673 1705 4724 Gubernatorem
1723 4669 1836 4719 parisien·

1058 4772 1115 4809 sem
1133 4761 1224 4816 vocat;
1246 4756 1336 4806 sedet
1354 4757 1498 4816 improprie
1515 4766 1529 4800 a
1547 4753 1679 4801 nonnullis
1695 4751 1790 4801 dicitur
1804 4745 1836 4794 n·

1057 4837 1198 4886 turicensis
1215 4835 1441 4895 archiepiscopus.
1461 4854 1471 4875 ·
1485 4830 1652 4880 burchardus
1665 4830 1748 4878 rerba
1761 4823 1836 4889 ugia·

1058 4917 1084 4966 lii
1101 4929 1149 4979 pcr
1166 4918 1252 4963 omnia
1269 4912 1415 4962 confirmat.

1098 4997 1133 5057 (3)
1149 4994 1306 5044 Laurentius
1323 4992 1397 5050 Cibo,
1409 4991 1564 5045 Ganuensis,
1579 4987 1724 5038 innocentii
1741 4984 1798 5034 liltl.
1810 4989 1835 5027 et

1056 5077 1139 5125 fratre
1157 5085 1247 5135 nepos.
1261 5071 1352 5133 Utpote
1367 5071 1495 5120 maximae
1512 5068 1656 5131 probitatis
1668 5068 1710 5117 vir
1721 5067 1754 5115 ab
1766 5059 1836 5114 omni·

1057 5155 1107 5205 bus
1122 5153 1337 5211 commendatus,
1354 5152 1412 5212 ejus
1429 5149 1462 5199 ad
1478 5148 1676 5198 cardinalatum
1706 5138 1836 5204 assumplio

1056 5235 1105 5285 luit
1122 5233 1308 5282 universaliter
1324 5230 1444 5292 probata.

1098 5316 1133 5375 (l)
1149 5312 1287 5362 hrdicinus
1304 5308 1340 5360 Da
1359 5309 1382 5358 la
1399 5308 1485 5368 Porta,
1501 5306 1696 5364 Novarieosis,
1713 5304 1837 5367 episcopus
