3758 6030
161 292 223 353 926

655 287 941 384 enarraremus
961 288 1188 354 anaxtanm
1204 270 1338 352 'saxna

1703 282 1816 367 (rami

117 456 121 464 ·
162 437 233 488 esset
247 425 378 498 iuturus,
389 424 500 503 sibique
510 424 666 486 inhibuisse
677 423 951 509 (ilnebnjasmodi
1018 424 1266 505 Presbyteroranr
1296 419 1518 492 cardinalium,
1540 431 1570 481 et
1600 430 1684 509 extra
1711 437 1815 481 versas

162 529 269 607 cuique
290 524 491 597 corrbtcretar,
505 543 539 585 aa
555 535 651 605 pastea
672 526 769 586 multis
789 537 877 602 atque
894 525 951 585 ite·
1018 528 1111 587 altare
1133 522 1337 605 praedictum,
1355 531 1386 584 et
1407 541 1462 602 pro
1483 520 1742 601 PraelatisPapae
1763 538 1812 580 as·

163 629 234 689 ratis
249 625 655 705 ricibassibiiterum,.atqae
676 628 782 686 iterum
797 624 952 704 apparatis·
1018 624 1180 688 sistentibus
1206 623 1250 683 ad,
1264 621 1410 683 sinistram
1431 622 1535 702 Papae
1561 623 1589 683 in
1610 633 1814 682 transversam

162 748 202 802 se,
224 740 253 790 et
273 727 310 787 ad
328 727 484 808 praemissa
506 729 601 808 ipsum
621 726 820 806 animaverat)
836 726 863 785 id
882 745 987 826 per-p
1017 723 1109 806 sopra
1141 724 1287 785 baoabam
1318 724 1519 784 Diaconorum
1539 722 1671 783 ordinate
1703 718 1814 801 positis,

162 841 314 908 patrasse,
342 840 428 907 atque
456 829 589 890 eamdem
612 828 784 900 Rrrsticum,
807 817 950 887 bonorum
984 836 1000 859 ··
1020 827 1076 888 88.
1098 826 1239 887 Dominus
1260 824 1295 885 N.
1314 835 1533 905 paratnsmore
1554 822 1813 902 solitoetpluriali

164 931 408 1010 persuasionibus,
433 943 497 1011 post
517 931 666 1006 delictam,
688 944 716 993 et
737 927 952 1011 praedictorum
1019 925 1225 990 lnaocentiaoo
1237 925 1448 1004 pulcherrimo,
1459 935 1489 986 et
1507 926 1593 985 mitra
1605 924 1730 983 Paulina
1746 940 1815 1001 pra·

164 1031 368 1093 rereiationem
389 1031 426 1102 ad
448 1031 652 1095 contessionem
683 1033 834 1093 indoctam
855 1031 951 1090 inisse.
1015 1031 1145 1090 eiosiare
1167 1027 1245 1088 verrit
1260 1026 1296 1086 ad
1313 1028 1473 1107 cappellam
1495 1023 1814 1106 praedictam,abista-

166 1128 230 1200 Qua
254 1131 329 1192 saeta
351 1131 446 1211 risum
467 1131 554 1193 inisse
584 1151 720 1212 squamas
746 1134 806 1194 sine
837 1141 897 1192 rete
916 1130 954 1189 ab

165 1229 257 1292 oculis
277 1231 337 1292 suis
359 1232 502 1305 cecidisse,
521 1251 556 1294 ac
576 1236 672 1294 statim
692 1252 727 1294 en
748 1231 835 1293 eorde
853 1232 954 1310 poeni·

166 1329 274 1404 tuisse,
298 1350 385 1417 seque
406 1334 577 1412 gravissima
597 1342 694 1395 morte
719 1333 839 1410 dignum
862 1348 954 1409 repn-

167 1441 252 1507 tasse,
263 1433 363 1512 sicque
373 1435 465 1514 ipsum
477 1445 606 1496 extremo
621 1434 765 1515 supplicio
780 1431 955 1492 condemna·

169 1545 244 1607 tum,
266 1535 343 1614 qnod
365 1537 459 1595 omnia
482 1534 634 1608 membra,
662 1535 725 1595 sive
742 1532 955 1594 membrorum

168 1637 350 1715 singulorum
372 1636 565 1698 extremitates
593 1635 753 1696 successise
775 1644 804 1696 et
825 1635 955 1711 interpo-

170 1738 230 1798 lato
253 1748 396 1817 tempore,
414 1736 513 1798 eadem
532 1738 626 1798 tamen
639 1735 696 1811 die,
704 1734 955 1796 abscinderentur.

169 1837 256 1899 lassu
288 1851 385 1902 autem
419 1838 567 1919 Reginae,
586 1856 621 1899 nc
639 1855 726 1898 cansa
753 1836 806 1896 sibi
835 1837 955 1897 daretur

171 1938 349 2020 desperandi,
367 1938 451 2000 datus
466 1950 508 2000 est
527 1938 578 1998 sibi
604 1941 632 1998 io
651 1938 751 2016 primis
767 1938 868 2016 gravis
883 1938 956 1996 ictus

170 2041 199 2101 in
222 2034 331 2120 capite,
353 2051 387 2101 ut
408 2041 495 2101 citius
517 2050 700 2122 moreretur,
722 2048 750 2099 et
771 2038 954 2098 sensualitate

171 2143 212 2203 sic
234 2142 320 2214 laeso,
337 2143 432 2201 minus
453 2150 601 2219 pateretur
617 2140 647 2199 in
669 2139 839 2218 abscissione
862 2157 957 2199 mem-

170 2242 303 2303 brorum.
316 2240 444 2314 Quibus,
452 2261 503 2322 per
518 2243 627 2303 litteras
639 2241 736 2321 regias
748 2258 842 2303 xxva
857 2237 957 2318 bajas,

172 2342 226 2404 88.
249 2344 374 2404 Domino
407 2341 441 2403 N.
465 2362 517 2424 per
539 2345 688 2423 episcopos
708 2342 897 2403 Parentinam
929 2353 957 2403 et

171 2443 383 2507 astoricensem
407 2443 548 2507 Oratores
582 2451 775 2525 praesentatas
803 2442 957 2507 sanctitati

102 2534 103 2537 ¹
173 2543 260 2616 Snae,
281 2544 461 2624 significatis,
479 2545 580 2606 statuit
600 2544 745 2605 Sanctitas
758 2543 826 2603 «Stra
842 2543 957 2604 Missam

172 2645 202 2704 in
222 2644 335 2705 landem
354 2645 497 2724 gloriosae
518 2644 646 2723 Virginis
675 2644 784 2705 Mariae
802 2663 856 2722 pro
887 2643 957 2703 dicti

172 2745 262 2826 Regis
281 2746 506 2807 convalescentia
527 2745 672 2807 decantari
687 2747 716 2806 in
731 2747 859 2826 cappella
878 2742 959 2826 ejas-

171 2845 236 2908 dem
252 2845 349 2908 beatae
363 2845 472 2907 Mariae
490 2846 525 2908 de
545 2847 689 2909 Febribas
707 2846 792 2924 juxta
807 2847 958 2908 Basilicam

172 2946 204 3007 8.
226 2947 306 3009 Petri
328 2946 374 3008 dia
391 2947 502 3008 sabbati
518 2965 610 3029 xxrx.
630 2949 707 3011 dicti
721 2950 827 3011 mensis
842 2950 959 3011 decem·

172 3047 253 3120 bris,
277 3060 305 3110 et
326 3069 359 3113 ea
380 3048 459 3109 finita
486 3050 603 3110 vultam
629 3051 745 3111 Domini
770 3060 799 3110 et
829 3051 958 3111 lanceam

173 3151 281 3228 popolo
310 3151 441 3223 astolidi,
470 3169 505 3210 ac
526 3151 622 3230 ipsam
651 3151 726 3212 diem
757 3151 794 3210 ab
825 3152 959 3210 omnibus

172 3247 357 3322 artificibus,
383 3269 417 3311 ac
439 3250 502 3311 aliis
523 3262 673 3329 tamqnam
698 3253 825 3313 solemne
854 3254 959 3314 iestam

172 3348 327 3423 celebrari,
347 3352 424 3429 quad
443 3362 471 3413 et
485 3353 607 3432 publice
627 3354 830 3433 proclamari,
849 3364 878 3415 et
908 3373 959 3433 per

173 3451 306 3513 scedulas
327 3453 355 3513 in
375 3452 506 3514 diversis
519 3453 637 3515 aciebus
658 3453 747 3515 Urbis
768 3455 868 3514 affixas
886 3473 961 3535 pro·

173 3555 265 3634 palari
287 3555 363 3615 iecit.
382 3553 436 3616 Die
454 3555 546 3633 igitar
568 3555 692 3628 sabbati,
715 3567 817 3636 parata
832 3554 962 3637 cappella

174 3655 321 3734 praedicta
355 3655 390 3716 da
415 3654 573 3728 Febribns,
602 3657 703 3735 pannis
729 3657 827 3717 aureis
847 3657 961 3716 cir-cum

173 3757 266 3829 circa,
284 3773 319 3816 ac
340 3757 443 3828 altare,
463 3767 492 3816 et
513 3753 589 3816 intra
607 3743 747 3816 serratam
763 3756 825 3817 sive
844 3757 962 3818 cancel·

160 3860 248 3932 lum,
270 3875 322 3920 nec
343 3875 400 3920 non
422 3858 517 3937 priam
545 3857 673 3937 cappella
697 3856 735 3916 od
753 3857 898 3916 sinistram
915 3859 962 3915 io-

130 3973 131 3976 ’
173 3960 279 4039 tractis
304 3959 415 4020 dietam
436 3956 579 4034 majorem
598 3957 759 4037 cappellam
776 3975 830 4036 pro
857 3966 962 4017 canto·

174 4063 257 4123 ribus
281 4060 460 4141 perpulchra
483 4058 624 4119 similibus
649 4057 749 4138 pannis
770 4067 912 4138 paratam,
927 4075 961 4118 ac

172 4162 239 4224 tede
265 4161 342 4240 Papa
364 4162 393 4220 in
415 4162 547 4241 opposito
579 4161 681 4220 altaris
705 4159 829 4238 praelati
857 4158 962 4219 Beatos

173 4262 283 4323 lilariae
308 4280 343 4322 aa
372 4260 487 4321 sedibus
517 4279 574 4340 pro
598 4259 803 4322 cardinalibus
835 4259 902 4320 hinc
934 4270 963 4320 et

174 4362 239 4424 inde
268 4359 352 4437 juxta
379 4360 475 4422 sedem
509 4361 627 4441 Papae,
661 4361 836 4439 competenti
865 4371 962 4422 tameo

172 4466 292 4544 spacio,
315 4462 450 4524 videlicet
483 4464 570 4523 unias
604 4482 712 4524 cannae
742 4482 810 4524 cnm
845 4461 962 4522 dImidia

174 4567 221 4645 rei
243 4564 335 4638 circa,
363 4562 535 4624 intermedio
555 4563 673 4625 dimisso
693 4584 749 4644 pro
765 4564 917 4644 Episcopis
935 4574 963 4624 et

174 4665 358 4746 Presbyter-is
388 4663 424 4723 ad
456 4663 605 4724 dexteram
630 4665 751 4744 Papae,
779 4675 809 4725 et
827 4663 964 4724 Diaconis

174 4766 377 4830 cardinalibus
407 4766 444 4825 ad
478 4765 623 4824 sittistram
664 4767 783 4844 positis,
817 4766 857 4824 ita
885 4762 964 4844 qnod

174 4867 343 4930 Cordinales
366 4867 419 4947 ipsi
441 4865 477 4925 ab
500 4882 558 4925 uno
580 4865 670 4926 latere
700 4867 810 4939 altare,
838 4864 876 4925 ab
907 4864 964 4926 aiio

177 4989 247 5031 aero
257 4968 366 5049 Papam
384 4967 593 5048 corupicerent,
611 4983 646 5026 ac
658 4985 712 5046 pro
728 4967 869 5027 Praelatis
879 4967 966 5044 qrrin-

175 5068 334 5149 taplicibas
354 5068 468 5139 scennis
489 5078 570 5129 retro
595 5067 742 5127 banabnm
768 5067 965 5128 Diacaooram

175 5168 384 5247 Cardinalium,
395 5182 425 5233 et
436 5167 614 5232 Oratoribus
629 5170 710 5231 laicis
728 5181 811 5232 retra
825 5166 964 5231 scaenam

217 5410 253 5459 (tl
267 5404 294 5452 in
311 5400 437 5461 liccardo,
453 5400 521 5450 dicit
536 5398 687 5451 inhibuisse.

1021 1131 1074 1205 tina
1092 1131 1206 1208 incepta
1225 1140 1269 1189 est
1282 1127 1367 1188 Missa
1385 1128 1487 1190 ordine
1508 1127 1605 1188 solito.
1623 1123 1815 1197 subdiaconi,

1021 1231 1186 1304 auditores,
1204 1230 1356 1309 Accolrti,
1377 1239 1406 1290 et
1427 1227 1535 1294 Clerici
1556 1226 1698 1290 Cerneres
1719 1235 1812 1286 stete·

1021 1343 1102 1405 ruat,
1123 1341 1152 1392 et
1172 1330 1310 1393 sederant
1328 1329 1365 1389 od
1383 1329 1532 1389 sinistram
1550 1326 1647 1408 Papae
1667 1342 1775 1386 versas
1788 1333 1815 1385 et

1020 1444 1088 1496 ante
1104 1433 1252 1495 Diaconos
1274 1428 1470 1507 ,Cardinale‘s3
1497 1428 1601 1490 deinde
1627 1427 1664 1486 ad
1694 1425 1814 1486 eandem

1024 1553 1143 1595 manum
1166 1551 1267 1613 rersas
1288 1533 1381 1594 altore
1400 1529 1581 1592 Cubicularii
1602 1545 1714 1597 omnes,
1744 1524 1816 1587 Pte·

1023 1635 1150 1716 sbyteris
1177 1644 1208 1695 et
1228 1632 1380 1714 Episcopis
1408 1631 1611 1694 Gardmalibas
1630 1628 1721 1691 iacies
1744 1646 1812 1688 rer·

1026 1747 1124 1799 tentes.
1150 1734 1265 1797 Nobiles
1283 1733 1319 1793 ad
1340 1733 1446 1794 solium
1472 1732 1571 1794 sedere
1592 1730 1694 1803 soliti,
1717 1728 1817 1790 etalii

1025 1838 1217 1917 quamplures
1248 1846 1391 1903 steterunt
1422 1834 1459 1894 ad
1486 1824 1624 1894 ¹deatram
1645 1831 1746 1911 Papae
1773 1848 1817 1891 re·

1026 1952 1074 2002 tro
1087 1938 1233 1999 bancbum
1255 1922 1468 2020 Episcoporam
1486 1979 1494 2008 ,
1514 1946 1543 1996 et
1564 1933 1812 2013 Presbyterornna

1024 2046 1245 2119 cardinalium
1276 2043 1416 2105 Sentiseri
1439 2043 1534 2122 Papae
1556 2051 1621 2121 post
1655 2039 1817 2098 assistentes

1025 2158 1053 2209 et
1066 2145 1425 2217 bancbaniaconornm
1447 2141 1662 2211 cardinalium,
1677 2157 1715 2198 ac
1730 2154 1824 2216 supra,

1026 2252 1170 2329 praelatos
1190 2248 1225 2307 ad
1241 2239 1388 2307 sinistram
1408 2246 1512 2325 Papae.
1528 2244 1644 2304 blissam
1661 2239 1818 2301 celebravit

1026 2350 1098 2411 Ber.
1119 2350 1148 2408 in
1170 2349 1288 2411 Christo
1309 2347 1343 2407 P.
1355 2348 1390 2407 D.
1402 2345 1645 2406 bartholomaeus
1664 2341 1817 2421 episcopas

1027 2450 1205 2512 Sutriaensis
1224 2460 1252 2511 et
1267 2448 1446 2527 Nepesinus,
1464 2445 1519 2507 88.
1536 2446 1651 2506 Domini
1669 2441 1706 2503 N.
1724 2442 1817 2521 Papae

1026 2551 1170 2614 secundas
1190 2551 1390 2622 secretarins3
1410 2546 1481 2606 dixit
1500 2547 1625 2626 primam
1656 2541 1817 2603 orationem

1027 2653 1229 2723 ordinariam,
1242 2650 1384 2723 videlicet,
1401 2649 1486 2710 Deus
1506 2646 1563 2728 psai
1581 2646 1701 2707 solatis
1718 2654 1818 2705 aeter-

1027 2774 1097 2825 nae,
1108 2753 1163 2812 snb
1174 2770 1225 2811 saa
1237 2751 1431 2812 conclusione.
1444 2749 1551 2814 Deinde
1563 2764 1618 2828 pro
1632 2744 1725 2825 Papa,
1737 2745 1818 2807 Deras

1029 2853 1233 2915 omniametc.
1255 2860 1285 2911 et
1302 2852 1390 2910 aliana
1408 2869 1463 2929 pro
1483 2836 1575 2928 tege,
1594 2847 1648 2908 snb
1660 2848 1728 2908 alia
1749 2864 1818 2907 con·

1028 2954 1181 3026 elusione,
1208 2969 1298 3032 qnam
1325 2968 1380 3031 pra
1402 2949 1483 3029 Rege
1510 2950 1631 3009 inferius
1664 2947 1817 3009 adnotabo.

1028 3055 1149 3117 Volebat
1167 3056 1256 3115 etiam
1275 3051 1421 3114 Sanctitas
1443 3051 1503 3111 Soa
1526 3049 1605 3127 quod
1632 3048 1667 3109 de
1686 3048 1816 3110 amnibus

1028 3157 1139 3218 octaris
1160 3154 1398 3217 commemoratio
1419 3151 1567 3232 ordinaria
1588 3149 1760 3223 haberetur,
1774 3149 1817 3211 sed

1028 3279 1083 3338 ega
1104 3274 1233 3319 asserens
1250 3256 1331 3316 banc
1351 3254 1468 3328 ¹illesam
1491 3253 1621 3313 satiram
1642 3272 1722 3324 esse,
1749 3271 1817 3332 pro·

1028 3373 1127 3441 pterea
1144 3357 1216 3419 ‘sibi
1245 3355 1498 3418 commemoratio
1518 3352 1689 3433 brrjnsmadi
1726 3354 1816 3414 minas

1030 3461 1197 3531 convenire,
1215 3459 1338 3518 maxine
1357 3474 1426 3517 cum
1449 3456 1596 3517 ordinaria
1621 3456 1710 3516 biissa
1737 3457 1774 3516 sit
1794 3456 1817 3514 in

1030 3562 1108 3622 dicta
1129 3560 1252 3620 basilica
1272 3576 1341 3618 eum
1361 3555 1532 3634 hujusmodi
1562 3557 1817 3618 commemoratio·

1030 3664 1115 3722 aibas
1135 3660 1302 3730 celebrata,
1324 3677 1358 3719 ac
1388 3668 1543 3739 propterea
1570 3658 1663 3738 ipsam
1695 3659 1816 3719 votivam

1029 3764 1147 3825 omissis
1179 3759 1505 3821 commemorationibus
1537 3760 1742 3820 solemniorem
1775 3759 1817 3818 ia·

1031 3875 1140 3936 turam,
1159 3860 1291 3941 persuasi
1313 3860 1467 3946 Sanctitati
1489 3861 1577 3934 Suae,
1596 3871 1630 3920 nt
1648 3861 1711 3940 ipsa
1739 3860 1816 3921 llissa

1031 3982 1098 4026 carn
1116 3963 1211 4024 tribas
1226 3961 1375 4024 dumtaxat
1386 3963 1629 4043 supranominatis
1644 3962 1817 4024 orationibus

1031 4067 1189 4139 diceretur,
1205 4060 1292 4139 cujas
1313 4062 1346 4124 S.
1362 4062 1434 4135 Sua,
1448 4063 1545 4124 habito
1556 4061 1651 4124 llere.
1667 4061 1736 4122 nt).
1749 4061 1817 4122 Soa·

1032 4167 1071 4228 cti
1093 4166 1173 4227 Petri
1206 4164 1242 4224 od
1262 4163 1408 4236 Vincula,
1430 4163 1589 4233 Senensis,
1607 4172 1649 4224 et·
1663 4161 1816 4224 camerarii

1030 4287 1117 4349 saper
1139 4266 1342 4336 haecomnia,
1357 4265 1407 4343 qai
1425 4283 1547 4325 mecam-
1562 4276 1729 4338 senserunt,
1739 4283 1817 4344 saper

1031 4371 1087 4431 boa
1106 4380 1202 4429 tamea
1223 4387 1240 4427 a
1263 4386 1308 4427 me
1330 4367 1467 4447 primitus
1488 4366 1659 4437 informati,
1678 4365 1817 4427 consensit

1032 4471 1109 4550 qaod
1125 4472 1413 4532 commemorationes
1428 4469 1593 4531 ordinariae
1607 4471 1818 4538 omitterentur.

1032 4575 1150 4634 Dictum
1168 4582 1212 4632 est
1235 4572 1350 4633 Gloria
1369 4572 1404 4631 ia
1426 4572 1571 4644 excelsis,
1588 4569 1705 4643 Credo,
1721 4583 1751 4634 et
1768 4572 1817 4631 alia

1032 4674 1129 4733 omnia
1151 4689 1233 4732 more
1249 4671 1347 4731 solito.
1359 4671 1453 4734 Finita
1469 4671 1736 4751 Missaantequom
1748 4672 1818 4750 Papa

1033 4772 1213 4833 benediceret
1225 4770 1546 4844 solemniter·,Cantores
1557 4771 1695 4833 dixerunt
1706 4789 1818 4853 prosam

1033 4875 1137 4936 beatae
1152 4873 1261 4935 Mariae
1281 4874 1407 4952 Virginis
1428 4892 1481 4953 per
1503 4872 1594 4933 ielicis
1616 4873 1820 4934 recordationis

1034 4976 1069 5037 D.
1093 4975 1208 5037 Sixtnm
1239 4975 1348 5054 Papam
1369 4992 1427 5035 nn.
1458 4973 1578 5046 editam,
1601 4973 1680 5052 Papa
1710 4974 1820 5034 interim

1033 5087 1134 5139 stante.
1150 5070 1216 5147 Qua
1237 5073 1315 5136 ilaita
1332 5075 1404 5134 dixit
1419 5075 1552 5136 Pontifex
1567 5077 1625 5136 alta
1643 5095 1718 5138 roce
1729 5077 1821 5138 Pater

1033 5159 1151 5249 noster,
1169 5176 1247 5255 quod
1266 5185 1377 5236 secrete
1391 5177 1555 5256 complevit.
1577 5173 1655 5236 Tum
1677 5175 1821 5256 subjanxit

1034 5289 1185 5357 sequentes
1209 5294 1324 5349 versus,
1343 5274 1380 5334 ad
1402 5293 1476 5353 quos
1494 5275 1637 5340 Cantores
1664 5274 1821 5358 responde·

1034 5388 1117 5453 ruat,
1137 5389 1165 5439 et
1186 5377 1346 5438 orationem
1368 5386 1425 5438 etc.
