<?xml version="1.0" encoding="UTF-8"?>
<!DOCTYPE html PUBLIC "-//W3C//DTD XHTML 1.0 Transitional//EN"
    "http://www.w3.org/TR/xhtml1/DTD/xhtml1-transitional.dtd">
<html xmlns="http://www.w3.org/1999/xhtml" xml:lang="en" lang="en">
 <head>
  <title>
</title>
<meta http-equiv="Content-Type" content="text/html;charset=utf-8" />
  <meta name='ocr-system' content='tesseract 3.04.00' />
  <meta name='ocr-capabilities' content='ocr_page ocr_carea ocr_par ocr_line ocrx_word'/>
</head>
<body>
  <div class='ocr_page' id='page_1' title='image "./johannisburchar00genngoog/johannisburchar00genngoog_0148.png"; bbox 0 0 3764 6036; ppageno 0'>
   <div class='ocr_carea' id='block_1_1' title="bbox 24 297 137 382">
    <p class='ocr_par' dir='ltr' id='par_1_1' title="bbox 24 297 137 382">
     <span class='ocr_line' id='line_1_1' title="bbox 24 297 137 382; baseline 0.009 -21"><span class='ocrx_word' id='word_1_1' title='bbox 24 297 137 382; x_wconf 78' lang='lat' dir='ltr'><strong>(tino)</strong></span> 
     </span>
    </p>
   </div>
   <div class='ocr_carea' id='block_1_2' title="bbox 490 297 1190 363">
    <p class='ocr_par' dir='ltr' id='par_1_2' title="bbox 490 297 1190 363">
     <span class='ocr_line' id='line_1_2' title="bbox 490 297 1190 363; baseline 0 -3"><span class='ocrx_word' id='word_1_2' title='bbox 490 297 772 363; x_wconf 71' lang='lat' dir='ltr'><strong>ruuuttttcitttis</strong></span> <span class='ocrx_word' id='word_1_3' title='bbox 792 297 1017 363; x_wconf 75' lang='grc' dir='ltr'><strong>ΙΝΝΟΟΕΝΤΙΙ</strong></span> <span class='ocrx_word' id='word_1_4' title='bbox 1037 297 1190 363; x_wconf 70' lang='grc' dir='ltr'><strong>ΟΟΤΛΝΙ.</strong></span> 
     </span>
    </p>
   </div>
   <div class='ocr_carea' id='block_1_3' title="bbox 1612 296 1673 360">
    <p class='ocr_par' dir='ltr' id='par_1_3' title="bbox 1612 296 1673 360">
     <span class='ocr_line' id='line_1_3' title="bbox 1612 296 1673 360; baseline 0 0"><span class='ocrx_word' id='word_1_5' title='bbox 1612 296 1673 360; x_wconf 79' lang='lat' dir='ltr'><strong>teti</strong></span> 
     </span>
    </p>
   </div>
   <div class='ocr_carea' id='block_1_4' title="bbox 26 432 1675 516">
    <p class='ocr_par' dir='ltr' id='par_1_4' title="bbox 26 432 1675 516">
     <span class='ocr_line' id='line_1_4' title="bbox 26 432 1675 516; baseline 0.001 -21"><span class='ocrx_word' id='word_1_6' title='bbox 26 438 139 497; x_wconf 82' lang='lat' dir='ltr'><strong>reseris</strong></span> <span class='ocrx_word' id='word_1_7' title='bbox 154 435 249 496; x_wconf 90' lang='lat' dir='ltr'><strong>iuturi</strong></span> <span class='ocrx_word' id='word_1_8' title='bbox 265 444 338 495; x_wconf 89' lang='lat' dir='ltr'><strong>esset</strong></span> <span class='ocrx_word' id='word_1_9' title='bbox 358 435 576 510; x_wconf 74' lang='lat' dir='ltr'><strong>consistorium,</strong></span> <span class='ocrx_word' id='word_1_10' title='bbox 589 437 626 496; x_wconf 91' lang='lat' dir='ltr'><strong>ad</strong></span> <span class='ocrx_word' id='word_1_11' title='bbox 640 432 718 515; x_wconf 89' lang='lat' dir='ltr'><strong>qnod</strong></span> <span class='ocrx_word' id='word_1_12' title='bbox 730 436 818 496; x_wconf 85' lang='lat' dir='ltr'><strong>¹San-</strong></span> <span class='ocrx_word' id='word_1_13' title='bbox 886 446 945 496; x_wconf 89' lang='lat' dir='ltr'><strong>tata</strong></span> <span class='ocrx_word' id='word_1_14' title='bbox 966 447 1033 496; x_wconf 90' lang='lat' dir='ltr'><strong>sunt</strong></span> <span class='ocrx_word' id='word_1_15' title='bbox 1054 454 1072 494; x_wconf 88' lang='lat' dir='ltr'><strong>a</strong></span> <span class='ocrx_word' id='word_1_16' title='bbox 1096 434 1287 496; x_wconf 78' lang='lat' dir='ltr'><strong>familiaribus</strong></span> <span class='ocrx_word' id='word_1_17' title='bbox 1301 436 1466 516; x_wconf 91' lang='lat' dir='ltr'><strong>praedictis,</strong></span> <span class='ocrx_word' id='word_1_18' title='bbox 1481 438 1585 516; x_wconf 90' lang='lat' dir='ltr'><strong>quibus</strong></span> <span class='ocrx_word' id='word_1_19' title='bbox 1600 437 1675 499; x_wconf 80' lang='lat' dir='ltr'>dedit</span> 
     </span>
    </p>
   </div>
   <div class='ocr_carea' id='block_1_5' title="bbox 21 535 820 2630">
    <p class='ocr_par' dir='ltr' id='par_1_5' title="bbox 21 535 820 2630">
     <span class='ocr_line' id='line_1_5' title="bbox 25 535 820 615; baseline 0.003 -21"><span class='ocrx_word' id='word_1_20' title='bbox 25 535 111 595; x_wconf 89' lang='lat' dir='ltr'><strong>etitas</strong></span> <span class='ocrx_word' id='word_1_21' title='bbox 135 535 197 595; x_wconf 84' lang='lat' dir='ltr'><strong>Suu</strong></span> <span class='ocrx_word' id='word_1_22' title='bbox 218 536 316 596; x_wconf 83' lang='lat' dir='ltr'><strong>venire</strong></span> <span class='ocrx_word' id='word_1_23' title='bbox 338 553 394 597; x_wconf 91' lang='lat' dir='ltr'><strong>nnn</strong></span> <span class='ocrx_word' id='word_1_24' title='bbox 412 537 499 597; x_wconf 90' lang='lat' dir='ltr'><strong>vellet</strong></span> <span class='ocrx_word' id='word_1_25' title='bbox 518 537 569 596; x_wconf 91' lang='lat' dir='ltr'><strong>nisi</strong></span> <span class='ocrx_word' id='word_1_26' title='bbox 590 546 741 615; x_wconf 86' lang='lat' dir='ltr'><strong>postquam</strong></span> <span class='ocrx_word' id='word_1_27' title='bbox 762 537 820 615; x_wconf 87' lang='lat' dir='ltr'><strong>ipse</strong></span> 
     </span>
     <span class='ocr_line' id='line_1_6' title="bbox 26 635 818 716; baseline 0.003 -22"><span class='ocrx_word' id='word_1_28' title='bbox 26 635 173 697; x_wconf 86' lang='lat' dir='ltr'><strong>Heraldus</strong></span> <span class='ocrx_word' id='word_1_29' title='bbox 187 635 345 716; x_wconf 88' lang='lat' dir='ltr'><strong>praedictas</strong></span> <span class='ocrx_word' id='word_1_30' title='bbox 368 635 465 697; x_wconf 91' lang='lat' dir='ltr'><strong>literas</strong></span> <span class='ocrx_word' id='word_1_31' title='bbox 487 636 818 715; x_wconf 82' lang='lat' dir='ltr'><strong>collegioCardinalium</strong></span> 
     </span>
     <span class='ocr_line' id='line_1_7' title="bbox 25 737 819 816; baseline 0.003 -23"><span class='ocrx_word' id='word_1_32' title='bbox 25 745 249 813; x_wconf 75' lang='lat' dir='ltr'><strong>praesentasset,</strong></span> <span class='ocrx_word' id='word_1_33' title='bbox 270 746 336 795; x_wconf 89' lang='lat' dir='ltr'><strong>eta</strong></span> <span class='ocrx_word' id='word_1_34' title='bbox 361 737 483 816; x_wconf 84' lang='lat' dir='ltr'><strong>collegio</strong></span> <span class='ocrx_word' id='word_1_35' title='bbox 503 737 603 799; x_wconf 89' lang='lat' dir='ltr'><strong>literae</strong></span> <span class='ocrx_word' id='word_1_36' title='bbox 631 737 706 816; x_wconf 86' lang='lat' dir='ltr'><strong>ipsae</strong></span> <span class='ocrx_word' id='word_1_37' title='bbox 729 738 819 798; x_wconf 90' lang='lat' dir='ltr'><strong>lectae</strong></span> 
     </span>
     <span class='ocr_line' id='line_1_8' title="bbox 24 834 819 915; baseline 0 -19"><span class='ocrx_word' id='word_1_38' title='bbox 24 849 126 896; x_wconf 83' lang='lat' dir='ltr'><strong>essent.</strong></span> <span class='ocrx_word' id='word_1_39' title='bbox 162 834 277 898; x_wconf 79' lang='lat' dir='ltr'><strong>Obtulit</strong></span> <span class='ocrx_word' id='word_1_40' title='bbox 306 854 422 915; x_wconf 89' lang='lat' dir='ltr'><strong>quoque</strong></span> <span class='ocrx_word' id='word_1_41' title='bbox 456 837 582 898; x_wconf 87' lang='lat' dir='ltr'><strong>Heruido</strong></span> <span class='ocrx_word' id='word_1_42' title='bbox 611 855 758 899; x_wconf 76' lang='lat' dir='ltr'><strong>nnmerum</strong></span> <span class='ocrx_word' id='word_1_43' title='bbox 791 837 819 896; x_wconf 91' lang='lat' dir='ltr'><strong>in</strong></span> 
     </span>
     <span class='ocr_line' id='line_1_9' title="bbox 24 935 818 1018; baseline 0.004 -25"><span class='ocrx_word' id='word_1_44' title='bbox 24 935 153 1005; x_wconf 87' lang='lat' dir='ltr'><strong>Palatio,</strong></span> <span class='ocrx_word' id='word_1_45' title='bbox 175 949 203 997; x_wconf 93' lang='lat' dir='ltr'><strong>et</strong></span> <span class='ocrx_word' id='word_1_46' title='bbox 230 956 379 1015; x_wconf 83' lang='lat' dir='ltr'><strong>expensas,</strong></span> <span class='ocrx_word' id='word_1_47' title='bbox 407 957 461 1018; x_wconf 93' lang='lat' dir='ltr'><strong>pro</strong></span> <span class='ocrx_word' id='word_1_48' title='bbox 490 956 548 1017; x_wconf 92' lang='lat' dir='ltr'><strong>quo</strong></span> <span class='ocrx_word' id='word_1_49' title='bbox 581 938 724 999; x_wconf 87' lang='lat' dir='ltr'><strong>Heraldus</strong></span> <span class='ocrx_word' id='word_1_50' title='bbox 763 936 818 996; x_wconf 86' lang='lat' dir='ltr'><strong>SS.</strong></span> 
     </span>
     <span class='ocr_line' id='line_1_10' title="bbox 24 1034 819 1117; baseline 0.003 -22"><span class='ocrx_word' id='word_1_51' title='bbox 24 1037 60 1095; x_wconf 88' lang='lat' dir='ltr'><strong>D.</strong></span> <span class='ocrx_word' id='word_1_52' title='bbox 75 1034 124 1107; x_wconf 76' lang='grc' dir='ltr'><strong>Ν..</strong></span> <span class='ocrx_word' id='word_1_53' title='bbox 145 1048 175 1098; x_wconf 94' lang='lat' dir='ltr'><strong>et</strong></span> <span class='ocrx_word' id='word_1_54' title='bbox 195 1037 233 1096; x_wconf 92' lang='lat' dir='ltr'><strong>ibi</strong></span> <span class='ocrx_word' id='word_1_55' title='bbox 256 1056 301 1099; x_wconf 89' lang='lat' dir='ltr'><strong>me</strong></span> <span class='ocrx_word' id='word_1_56' title='bbox 317 1037 438 1110; x_wconf 86' lang='lat' dir='ltr'><strong>dicente,</strong></span> <span class='ocrx_word' id='word_1_57' title='bbox 456 1037 565 1117; x_wconf 80' lang='lat' dir='ltr'><strong>grades</strong></span> <span class='ocrx_word' id='word_1_58' title='bbox 586 1040 655 1117; x_wconf 75' lang='lat' dir='ltr'><strong>epit,</strong></span> <span class='ocrx_word' id='word_1_59' title='bbox 674 1037 770 1098; x_wconf 91' lang='lat' dir='ltr'><strong>dicens</strong></span> <span class='ocrx_word' id='word_1_60' title='bbox 789 1056 819 1097; x_wconf 89' lang='lat' dir='ltr'><strong>se</strong></span> 
     </span>
     <span class='ocr_line' id='line_1_11' title="bbox 23 1130 819 1218; baseline 0.003 -22"><span class='ocrx_word' id='word_1_61' title='bbox 23 1137 102 1216; x_wconf 87' lang='lat' dir='ltr'><strong>apud</strong></span> <span class='ocrx_word' id='word_1_62' title='bbox 120 1138 202 1197; x_wconf 91' lang='lat' dir='ltr'><strong>liius.</strong></span> <span class='ocrx_word' id='word_1_63' title='bbox 229 1136 427 1198; x_wconf 86' lang='lat' dir='ltr'><strong>Marohionem</strong></span> <span class='ocrx_word' id='word_1_64' title='bbox 442 1130 606 1199; x_wconf 80' lang='lat' dir='ltr'><strong>¹lladensem</strong></span> <span class='ocrx_word' id='word_1_65' title='bbox 627 1140 697 1200; x_wconf 87' lang='lat' dir='ltr'><strong>bene</strong></span> <span class='ocrx_word' id='word_1_66' title='bbox 719 1139 819 1218; x_wconf 87' lang='lat' dir='ltr'><strong>bospi-</strong></span> 
     </span>
     <span class='ocr_line' id='line_1_12' title="bbox 24 1238 818 1321; baseline 0.003 -25"><span class='ocrx_word' id='word_1_67' title='bbox 24 1247 135 1298; x_wconf 89' lang='lat' dir='ltr'><strong>tatum:</strong></span> <span class='ocrx_word' id='word_1_68' title='bbox 150 1241 193 1297; x_wconf 91' lang='lat' dir='ltr'><strong>sic</strong></span> <span class='ocrx_word' id='word_1_69' title='bbox 212 1238 332 1299; x_wconf 91' lang='lat' dir='ltr'><strong>domum</strong></span> <span class='ocrx_word' id='word_1_70' title='bbox 352 1241 461 1299; x_wconf 89' lang='lat' dir='ltr'><strong>reversi</strong></span> <span class='ocrx_word' id='word_1_71' title='bbox 480 1258 582 1301; x_wconf 90' lang='lat' dir='ltr'><strong>sumus</strong></span> <span class='ocrx_word' id='word_1_72' title='bbox 601 1238 658 1321; x_wconf 78' lang='lat' dir='ltr'><strong>(l).</strong></span> <span class='ocrx_word' id='word_1_73' title='bbox 674 1238 818 1300; x_wconf 83' lang='lat' dir='ltr'><strong>Heraidus</strong></span> 
     </span>
     <span class='ocr_line' id='line_1_13' title="bbox 26 1325 760 1419; baseline 0.003 -23"><span class='ocrx_word' id='word_1_74' title='bbox 26 1341 107 1399; x_wconf 88' lang='lat' dir='ltr'><strong>renit</strong></span> <span class='ocrx_word' id='word_1_75' title='bbox 128 1339 165 1398; x_wconf 88' lang='lat' dir='ltr'><strong>ad</strong></span> <span class='ocrx_word' id='word_1_76' title='bbox 186 1339 296 1400; x_wconf 85' lang='lat' dir='ltr'><strong>Urbem</strong></span> <span class='ocrx_word' id='word_1_77' title='bbox 318 1358 386 1400; x_wconf 93' lang='lat' dir='ltr'><strong>cum</strong></span> <span class='ocrx_word' id='word_1_78' title='bbox 408 1334 468 1401; x_wconf 86' lang='lat' dir='ltr'><strong>uuo</strong></span> <span class='ocrx_word' id='word_1_79' title='bbox 486 1325 595 1402; x_wconf 80' lang='lat' dir='ltr'><strong>famulo</strong></span> <span class='ocrx_word' id='word_1_80' title='bbox 616 1350 760 1419; x_wconf 88' lang='lat' dir='ltr'><strong>equestre.</strong></span> 
     </span>
     <span class='ocr_line' id='line_1_14' title="bbox 63 1437 817 1516; baseline -0.003 -18"><span class='ocrx_word' id='word_1_81' title='bbox 63 1438 155 1498; x_wconf 89' lang='lat' dir='ltr'><strong>Feria</strong></span> <span class='ocrx_word' id='word_1_82' title='bbox 178 1450 306 1516; x_wconf 86' lang='lat' dir='ltr'><strong>quartu,</strong></span> <span class='ocrx_word' id='word_1_83' title='bbox 329 1439 377 1500; x_wconf 68' lang='grc'><strong>44.</strong></span> <span class='ocrx_word' id='word_1_84' title='bbox 409 1441 476 1501; x_wconf 88' lang='lat' dir='ltr'><strong>dieti</strong></span> <span class='ocrx_word' id='word_1_85' title='bbox 499 1443 602 1502; x_wconf 91' lang='lat' dir='ltr'><strong>mensis</strong></span> <span class='ocrx_word' id='word_1_86' title='bbox 620 1437 760 1515; x_wconf 83' lang='lat' dir='ltr'><strong>janatarii,</strong></span> <span class='ocrx_word' id='word_1_87' title='bbox 781 1437 817 1496; x_wconf 98' lang='lat' dir='ltr'><strong>D.</strong></span> 
     </span>
     <span class='ocr_line' id='line_1_15' title="bbox 23 1537 818 1619; baseline 0.003 -22"><span class='ocrx_word' id='word_1_88' title='bbox 23 1539 169 1600; x_wconf 85' lang='lat' dir='ltr'><strong>ilenricus</strong></span> <span class='ocrx_word' id='word_1_89' title='bbox 184 1537 283 1619; x_wconf 73' lang='lat' dir='ltr'><strong>meyer</strong></span> <span class='ocrx_word' id='word_1_90' title='bbox 302 1539 356 1600; x_wconf 90' lang='lat' dir='ltr'><strong>SS.</strong></span> <span class='ocrx_word' id='word_1_91' title='bbox 372 1540 407 1599; x_wconf 88' lang='lat' dir='ltr'><strong>D.</strong></span> <span class='ocrx_word' id='word_1_92' title='bbox 422 1540 457 1601; x_wconf 93' lang='grc' dir='ltr'><strong>Ν.</strong></span> <span class='ocrx_word' id='word_1_93' title='bbox 480 1540 689 1612; x_wconf 89' lang='lat' dir='ltr'><strong>cubicularius,</strong></span> <span class='ocrx_word' id='word_1_94' title='bbox 705 1539 818 1599; x_wconf 90' lang='lat' dir='ltr'><strong>nomine</strong></span> 
     </span>
     <span class='ocr_line' id='line_1_16' title="bbox 25 1636 819 1721; baseline 0.001 -24"><span class='ocrx_word' id='word_1_95' title='bbox 25 1639 193 1699; x_wconf 87' lang='lat' dir='ltr'><strong>Sanctitatis</strong></span> <span class='ocrx_word' id='word_1_96' title='bbox 212 1637 291 1698; x_wconf 87' lang='lat' dir='ltr'><strong>Suae</strong></span> <span class='ocrx_word' id='word_1_97' title='bbox 314 1644 506 1719; x_wconf 85' lang='lat' dir='ltr'><strong>praesentavit</strong></span> <span class='ocrx_word' id='word_1_98' title='bbox 531 1641 679 1721; x_wconf 89' lang='lat' dir='ltr'><strong>praedicte</strong></span> <span class='ocrx_word' id='word_1_99' title='bbox 692 1636 819 1700; x_wconf 86' lang='lat' dir='ltr'><strong>Heraldo</strong></span> 
     </span>
     <span class='ocr_line' id='line_1_17' title="bbox 24 1737 817 1822; baseline 0 -24"><span class='ocrx_word' id='word_1_100' title='bbox 24 1739 52 1798; x_wconf 91' lang='lat' dir='ltr'><strong>in</strong></span> <span class='ocrx_word' id='word_1_101' title='bbox 75 1737 163 1799; x_wconf 92' lang='lat' dir='ltr'><strong>domo</strong></span> <span class='ocrx_word' id='word_1_102' title='bbox 185 1739 219 1797; x_wconf 92' lang='lat' dir='ltr'><strong>D.</strong></span> <span class='ocrx_word' id='word_1_103' title='bbox 242 1737 342 1799; x_wconf 81' lang='lat' dir='ltr'><strong>iacobi</strong></span> <span class='ocrx_word' id='word_1_104' title='bbox 369 1740 544 1802; x_wconf 86' lang='lat' dir='ltr'><strong>illurebionis</strong></span> <span class='ocrx_word' id='word_1_105' title='bbox 566 1740 705 1822; x_wconf 88' lang='lat' dir='ltr'><strong>praedicti</strong></span> <span class='ocrx_word' id='word_1_106' title='bbox 731 1756 817 1798; x_wconf 91' lang='lat' dir='ltr'><strong>unam</strong></span> 
     </span>
     <span class='ocr_line' id='line_1_18' title="bbox 24 1839 817 1921; baseline 0.003 -23"><span class='ocrx_word' id='word_1_107' title='bbox 24 1839 137 1920; x_wconf 85' lang='lat' dir='ltr'><strong>buttem</strong></span> <span class='ocrx_word' id='word_1_108' title='bbox 155 1839 213 1897; x_wconf 88' lang='lat' dir='ltr'><strong>vini</strong></span> <span class='ocrx_word' id='word_1_109' title='bbox 227 1839 343 1914; x_wconf 89' lang='lat' dir='ltr'><strong>corsici,</strong></span> <span class='ocrx_word' id='word_1_110' title='bbox 364 1840 462 1902; x_wconf 90' lang='lat' dir='ltr'><strong>decem</strong></span> <span class='ocrx_word' id='word_1_111' title='bbox 479 1843 570 1902; x_wconf 91' lang='lat' dir='ltr'><strong>rubra</strong></span> <span class='ocrx_word' id='word_1_112' title='bbox 589 1843 707 1921; x_wconf 89' lang='lat' dir='ltr'><strong>speltae,</strong></span> <span class='ocrx_word' id='word_1_113' title='bbox 726 1857 817 1900; x_wconf 92' lang='lat' dir='ltr'><strong>uuum</strong></span> 
     </span>
     <span class='ocr_line' id='line_1_19' title="bbox 25 1940 817 2020; baseline 0.004 -23"><span class='ocrx_word' id='word_1_114' title='bbox 25 1941 156 2012; x_wconf 83' lang='lat' dir='ltr'><strong>vituium</strong></span> <span class='ocrx_word' id='word_1_115' title='bbox 177 1957 226 2000; x_wconf 80' lang='lat' dir='ltr'><strong>scr</strong></span> <span class='ocrx_word' id='word_1_116' title='bbox 247 1940 291 2000; x_wconf 92' lang='lat' dir='ltr'><strong>vel</strong></span> <span class='ocrx_word' id='word_1_117' title='bbox 312 1951 421 2020; x_wconf 85' lang='lat' dir='ltr'><strong>septem</strong></span> <span class='ocrx_word' id='word_1_118' title='bbox 437 1943 598 2015; x_wconf 91' lang='lat' dir='ltr'><strong>mensium,</strong></span> <span class='ocrx_word' id='word_1_119' title='bbox 619 1941 722 2020; x_wconf 80' lang='lat' dir='ltr'><strong>viginti</strong></span> <span class='ocrx_word' id='word_1_120' title='bbox 741 1958 817 2018; x_wconf 88' lang='lat' dir='ltr'><strong>cup·</strong></span> 
     </span>
     <span class='ocr_line' id='line_1_20' title="bbox 23 2039 817 2122; baseline 0.003 -24"><span class='ocrx_word' id='word_1_121' title='bbox 23 2045 136 2118; x_wconf 84' lang='lat' dir='ltr'><strong>pones,</strong></span> <span class='ocrx_word' id='word_1_122' title='bbox 161 2040 261 2117; x_wconf 82' lang='lat' dir='ltr'><strong>viginti</strong></span> <span class='ocrx_word' id='word_1_123' title='bbox 288 2039 346 2101; x_wconf 92' lang='lat' dir='ltr'><strong>duo</strong></span> <span class='ocrx_word' id='word_1_124' title='bbox 366 2042 509 2122; x_wconf 89' lang='lat' dir='ltr'><strong>bipiones,</strong></span> <span class='ocrx_word' id='word_1_125' title='bbox 532 2055 659 2122; x_wconf 90' lang='lat' dir='ltr'><strong>quatuor</strong></span> <span class='ocrx_word' id='word_1_126' title='bbox 680 2043 817 2116; x_wconf 84' lang='lat' dir='ltr'><strong>insanus,</strong></span> 
     </span>
     <span class='ocr_line' id='line_1_21' title="bbox 22 2141 817 2222; baseline 0.005 -24"><span class='ocrx_word' id='word_1_127' title='bbox 22 2149 90 2199; x_wconf 92' lang='lat' dir='ltr'><strong>octo</strong></span> <span class='ocrx_word' id='word_1_128' title='bbox 112 2141 260 2218; x_wconf 83' lang='lat' dir='ltr'><strong>pernices,</strong></span> <span class='ocrx_word' id='word_1_129' title='bbox 277 2152 405 2218; x_wconf 89' lang='lat' dir='ltr'><strong>quatuor·</strong></span> <span class='ocrx_word' id='word_1_130' title='bbox 429 2145 561 2222; x_wconf 90' lang='lat' dir='ltr'><strong>lepores,</strong></span> <span class='ocrx_word' id='word_1_131' title='bbox 582 2163 630 2205; x_wconf 84' lang='lat' dir='ltr'><strong>sex</strong></span> <span class='ocrx_word' id='word_1_132' title='bbox 656 2144 817 2219; x_wconf 90' lang='lat' dir='ltr'><strong>intorticia,</strong></span> 
     </span>
     <span class='ocr_line' id='line_1_22' title="bbox 22 2239 818 2329; baseline 0.008 -32"><span class='ocrx_word' id='word_1_133' title='bbox 22 2239 97 2299; x_wconf 90' lang='lat' dir='ltr'><strong>duos</strong></span> <span class='ocrx_word' id='word_1_134' title='bbox 116 2239 279 2300; x_wconf 85' lang='lat' dir='ltr'><strong>-lasciculus</strong></span> <span class='ocrx_word' id='word_1_135' title='bbox 311 2240 520 2317; x_wconf 76' lang='lat' dir='ltr'><strong>candelarum,</strong></span> <span class='ocrx_word' id='word_1_136' title='bbox 547 2243 664 2306; x_wconf 78' lang='lat' dir='ltr'><strong>circiter</strong></span> <span class='ocrx_word' id='word_1_137' title='bbox 697 2263 744 2329; x_wconf 82' lang='lat' dir='ltr'><strong>sex</strong></span> <span class='ocrx_word' id='word_1_138' title='bbox 766 2243 818 2303; x_wconf 92' lang='lat' dir='ltr'><strong>de·</strong></span> 
     </span>
     <span class='ocr_line' id='line_1_23' title="bbox 23 2339 820 2422; baseline 0.003 -20"><span class='ocrx_word' id='word_1_139' title='bbox 23 2360 123 2402; x_wconf 89' lang='lat' dir='ltr'><strong>mensa</strong></span> <span class='ocrx_word' id='word_1_140' title='bbox 149 2339 210 2422; x_wconf 83' lang='lat' dir='ltr'><strong>(i),</strong></span> <span class='ocrx_word' id='word_1_141' title='bbox 231 2353 261 2405; x_wconf 83' lang='lat' dir='ltr'><strong>ct</strong></span> <span class='ocrx_word' id='word_1_142' title='bbox 287 2354 411 2421; x_wconf 91' lang='lat' dir='ltr'><strong>quatuor</strong></span> <span class='ocrx_word' id='word_1_143' title='bbox 432 2348 569 2406; x_wconf 91' lang='lat' dir='ltr'><strong>scattuias</strong></span> <span class='ocrx_word' id='word_1_144' title='bbox 590 2346 820 2420; x_wconf 76' lang='lat' dir='ltr'><strong>confectionum,</strong></span> 
     </span>
     <span class='ocr_line' id='line_1_24' title="bbox 22 2445 818 2526; baseline 0.006 -25"><span class='ocrx_word' id='word_1_145' title='bbox 22 2461 99 2520; x_wconf 88' lang='lat' dir='ltr'><strong>quae</strong></span> <span class='ocrx_word' id='word_1_146' title='bbox 112 2446 218 2503; x_wconf 83' lang='lat' dir='ltr'><strong>omnia</strong></span> <span class='ocrx_word' id='word_1_147' title='bbox 239 2445 395 2505; x_wconf 76' lang='lat' dir='ltr'><strong>familiares</strong></span> <span class='ocrx_word' id='word_1_148' title='bbox 414 2445 516 2506; x_wconf 85' lang='lat' dir='ltr'><strong>Palatii</strong></span> <span class='ocrx_word' id='word_1_149' title='bbox 538 2458 738 2526; x_wconf 84' lang='lat' dir='ltr'><strong>portaverunt.</strong></span> <span class='ocrx_word' id='word_1_150' title='bbox 753 2448 818 2509; x_wconf 82' lang='lat' dir='ltr'><strong>Vini</strong></span> 
     </span>
     <span class='ocr_line' id='line_1_25' title="bbox 21 2544 818 2630; baseline 0.008 -26"><span class='ocrx_word' id='word_1_151' title='bbox 21 2554 52 2604; x_wconf 90' lang='lat' dir='ltr'><strong>et</strong></span> <span class='ocrx_word' id='word_1_152' title='bbox 71 2545 181 2623; x_wconf 88' lang='lat' dir='ltr'><strong>speltae</strong></span> <span class='ocrx_word' id='word_1_153' title='bbox 196 2544 332 2630; x_wconf 83' lang='lat' dir='ltr'><strong>descripti</strong></span> <span class='ocrx_word' id='word_1_154' title='bbox 354 2545 382 2603; x_wconf 94' lang='lat' dir='ltr'><strong>in</strong></span> <span class='ocrx_word' id='word_1_155' title='bbox 403 2547 496 2623; x_wconf 87' lang='lat' dir='ltr'><strong>equis,</strong></span> <span class='ocrx_word' id='word_1_156' title='bbox 510 2557 538 2607; x_wconf 90' lang='lat' dir='ltr'><strong>et</strong></span> <span class='ocrx_word' id='word_1_157' title='bbox 557 2549 688 2608; x_wconf 89' lang='lat' dir='ltr'><strong>caruccis</strong></span> <span class='ocrx_word' id='word_1_158' title='bbox 709 2566 818 2629; x_wconf 91' lang='lat' dir='ltr'><strong>appor-</strong></span> 
     </span>
    </p>
   </div>
   <div class='ocr_carea' id='block_1_6' title="bbox 22 2686 820 5262">
    <p class='ocr_par' dir='ltr' id='par_1_6' title="bbox 22 2686 820 5262">
     <span class='ocr_line' id='line_1_26' title="bbox 29 2686 820 2725; baseline 0.013 -28"><span class='ocrx_word' id='word_1_159' title='bbox 29 2686 820 2725; x_wconf 64' lang='grc'><strong>-.--.....-,-,..</strong></span> 
     </span>
     <span class='ocr_line' id='line_1_27' title="bbox 55 2755 818 2823; baseline 0.005 -17"><span class='ocrx_word' id='word_1_160' title='bbox 55 2757 92 2816; x_wconf 88' lang='lat' dir='ltr'><strong>(i)</strong></span> <span class='ocrx_word' id='word_1_161' title='bbox 105 2755 437 2809; x_wconf 75' lang='lat' dir='ltr'><strong>«Bemardostichdraido</strong></span> <span class='ocrx_word' id='word_1_162' title='bbox 447 2758 818 2823; x_wconf 77' lang='lat' dir='ltr'><strong>dii&#39;edericoiiiimperators</strong></span> 
     </span>
     <span class='ocr_line' id='line_1_28' title="bbox 23 2832 818 2901; baseline 0.003 -18"><span class='ocrx_word' id='word_1_163' title='bbox 23 2834 104 2895; x_wconf 82' lang='lat' dir='ltr'><strong>porte</strong></span> <span class='ocrx_word' id='word_1_164' title='bbox 122 2832 220 2883; x_wconf 90' lang='lat' dir='ltr'><strong>lettere</strong></span> <span class='ocrx_word' id='word_1_165' title='bbox 237 2834 279 2883; x_wconf 89' lang='lat' dir='ltr'><strong>dei</strong></span> <span class='ocrx_word' id='word_1_166' title='bbox 297 2847 345 2885; x_wconf 90' lang='lat' dir='ltr'><strong>suo</strong></span> <span class='ocrx_word' id='word_1_167' title='bbox 363 2837 466 2899; x_wconf 81' lang='lat' dir='ltr'><strong>signore</strong></span> <span class='ocrx_word' id='word_1_168' title='bbox 477 2839 499 2887; x_wconf 94' lang='lat' dir='ltr'><strong>ai</strong></span> <span class='ocrx_word' id='word_1_169' title='bbox 517 2838 583 2901; x_wconf 86' lang='lat' dir='ltr'><strong>Papa</strong></span> <span class='ocrx_word' id='word_1_170' title='bbox 602 2852 616 2889; x_wconf 90' lang='lat' dir='ltr'><strong>e</strong></span> <span class='ocrx_word' id='word_1_171' title='bbox 634 2840 658 2887; x_wconf 88' lang='lat' dir='ltr'><strong>ai</strong></span> <span class='ocrx_word' id='word_1_172' title='bbox 676 2838 818 2898; x_wconf 86' lang='lat' dir='ltr'><strong>Cardinaii,</strong></span> 
     </span>
     <span class='ocr_line' id='line_1_29' title="bbox 22 2910 819 2979; baseline 0.008 -19"><span class='ocrx_word' id='word_1_173' title='bbox 22 2910 141 2961; x_wconf 86' lang='lat' dir='ltr'><strong>essendo</strong></span> <span class='ocrx_word' id='word_1_174' title='bbox 167 2916 369 2974; x_wconf 82' lang='lat' dir='ltr'><strong>accompagnato</strong></span> <span class='ocrx_word' id='word_1_175' title='bbox 386 2927 400 2962; x_wconf 87' lang='lat' dir='ltr'><strong>a</strong></span> <span class='ocrx_word' id='word_1_176' title='bbox 416 2915 467 2964; x_wconf 87' lang='lat' dir='ltr'><strong>Sua</strong></span> <span class='ocrx_word' id='word_1_177' title='bbox 488 2915 587 2966; x_wconf 76' lang='lat' dir='ltr'><strong>Santitd</strong></span> <span class='ocrx_word' id='word_1_178' title='bbox 612 2917 645 2967; x_wconf 88' lang='lat' dir='ltr'><strong>de</strong></span> <span class='ocrx_word' id='word_1_179' title='bbox 672 2919 772 2979; x_wconf 87' lang='lat' dir='ltr'><strong>Jacopo</strong></span> <span class='ocrx_word' id='word_1_180' title='bbox 791 2916 819 2966; x_wconf 92' lang='lat' dir='ltr'><strong>il-</strong></span> 
     </span>
     <span class='ocr_line' id='line_1_30' title="bbox 23 2988 820 3055; baseline 0.011 -21"><span class='ocrx_word' id='word_1_181' title='bbox 23 2989 122 3049; x_wconf 84' lang='lat' dir='ltr'><strong>giiuoio</strong></span> <span class='ocrx_word' id='word_1_182' title='bbox 140 2988 171 3050; x_wconf 85' lang='lat' dir='ltr'><strong>di</strong></span> <span class='ocrx_word' id='word_1_183' title='bbox 184 2988 332 3040; x_wconf 86' lang='lat' dir='ltr'><strong>Cristoiano</strong></span> <span class='ocrx_word' id='word_1_184' title='bbox 356 2992 492 3044; x_wconf 85' lang='lat' dir='ltr'><strong>ldarcirese</strong></span> <span class='ocrx_word' id='word_1_185' title='bbox 510 2995 535 3044; x_wconf 92' lang='lat' dir='ltr'><strong>di</strong></span> <span class='ocrx_word' id='word_1_186' title='bbox 553 2995 640 3045; x_wconf 79' lang='lat' dir='ltr'><strong>baden</strong></span> <span class='ocrx_word' id='word_1_187' title='bbox 651 3009 691 3055; x_wconf 88' lang='lat' dir='ltr'><strong>,e</strong></span> <span class='ocrx_word' id='word_1_188' title='bbox 711 2999 820 3045; x_wconf 86' lang='lat' dir='ltr'><strong>trevan-</strong></span> 
     </span>
     <span class='ocr_line' id='line_1_31' title="bbox 23 3066 818 3136; baseline 0.01 -21"><span class='ocrx_word' id='word_1_189' title='bbox 23 3066 82 3116; x_wconf 89' lang='lat' dir='ltr'><strong>desi</strong></span> <span class='ocrx_word' id='word_1_190' title='bbox 102 3080 233 3130; x_wconf 87' lang='lat' dir='ltr'><strong>appresso</strong></span> <span class='ocrx_word' id='word_1_191' title='bbox 251 3070 274 3117; x_wconf 88' lang='lat' dir='ltr'><strong>ai</strong></span> <span class='ocrx_word' id='word_1_192' title='bbox 292 3069 359 3132; x_wconf 87' lang='lat' dir='ltr'><strong>Papa</strong></span> <span class='ocrx_word' id='word_1_193' title='bbox 382 3076 489 3133; x_wconf 90' lang='lat' dir='ltr'><strong>quattro</strong></span> <span class='ocrx_word' id='word_1_194' title='bbox 506 3073 650 3124; x_wconf 82' lang='lat' dir='ltr'><strong>cardinali.</strong></span> <span class='ocrx_word' id='word_1_195' title='bbox 668 3075 702 3124; x_wconf 83' lang='lat' dir='ltr'><strong>Fu</strong></span> <span class='ocrx_word' id='word_1_196' title='bbox 719 3076 760 3136; x_wconf 85' lang='lat' dir='ltr'><strong>poi</strong></span> <span class='ocrx_word' id='word_1_197' title='bbox 777 3075 818 3123; x_wconf 93' lang='lat' dir='ltr'><strong>iu·</strong></span> 
     </span>
     <span class='ocr_line' id='line_1_32' title="bbox 23 3147 818 3216; baseline 0.015 -24"><span class='ocrx_word' id='word_1_198' title='bbox 23 3148 162 3195; x_wconf 86' lang='lat' dir='ltr'><strong>tromesso</strong></span> <span class='ocrx_word' id='word_1_199' title='bbox 179 3147 205 3194; x_wconf 91' lang='lat' dir='ltr'><strong>in</strong></span> <span class='ocrx_word' id='word_1_200' title='bbox 222 3148 375 3198; x_wconf 88' lang='lat' dir='ltr'><strong>concistoro</strong></span> <span class='ocrx_word' id='word_1_201' title='bbox 392 3155 516 3209; x_wconf 86' lang='lat' dir='ltr'><strong>secreto,</strong></span> <span class='ocrx_word' id='word_1_202' title='bbox 533 3154 575 3202; x_wconf 91' lang='lat' dir='ltr'><strong>nei</strong></span> <span class='ocrx_word' id='word_1_203' title='bbox 592 3155 669 3216; x_wconf 89' lang='lat' dir='ltr'><strong>quale</strong></span> <span class='ocrx_word' id='word_1_204' title='bbox 694 3154 771 3204; x_wconf 91' lang='lat' dir='ltr'><strong>diede</strong></span> <span class='ocrx_word' id='word_1_205' title='bbox 793 3156 818 3204; x_wconf 90' lang='lat' dir='ltr'><strong>ai</strong></span> 
     </span>
     <span class='ocr_line' id='line_1_33' title="bbox 24 3222 818 3288; baseline 0.014 -17"><span class='ocrx_word' id='word_1_206' title='bbox 24 3222 170 3274; x_wconf 88' lang='lat' dir='ltr'><strong>Cardinaie</strong></span> <span class='ocrx_word' id='word_1_207' title='bbox 196 3227 418 3288; x_wconf 80' lang='lat' dir='ltr'><strong>vicecanceliiuro</strong></span> <span class='ocrx_word' id='word_1_208' title='bbox 436 3232 460 3281; x_wconf 90' lang='lat' dir='ltr'><strong>ie</strong></span> <span class='ocrx_word' id='word_1_209' title='bbox 477 3232 572 3282; x_wconf 87' lang='lat' dir='ltr'><strong>lettere</strong></span> <span class='ocrx_word' id='word_1_210' title='bbox 591 3235 684 3283; x_wconf 85' lang='lat' dir='ltr'><strong>scritta</strong></span> <span class='ocrx_word' id='word_1_211' title='bbox 701 3233 818 3284; x_wconf 85' lang='lat' dir='ltr'><strong>daii&#39;im·</strong></span> 
     </span>
     <span class='ocr_line' id='line_1_34' title="bbox 23 3305 817 3372; baseline 0.013 -19"><span class='ocrx_word' id='word_1_212' title='bbox 23 3309 153 3364; x_wconf 82' lang='lat' dir='ltr'><strong>peratore</strong></span> <span class='ocrx_word' id='word_1_213' title='bbox 170 3319 185 3353; x_wconf 88' lang='lat' dir='ltr'><strong>a</strong></span> <span class='ocrx_word' id='word_1_214' title='bbox 201 3305 236 3355; x_wconf 84' lang='lat' dir='ltr'><strong>iie</strong></span> <span class='ocrx_word' id='word_1_215' title='bbox 254 3306 296 3355; x_wconf 90' lang='lat' dir='ltr'><strong>de&#39;</strong></span> <span class='ocrx_word' id='word_1_216' title='bbox 306 3308 413 3357; x_wconf 82' lang='lat' dir='ltr'><strong>Romani</strong></span> <span class='ocrx_word' id='word_1_217' title='bbox 431 3323 445 3359; x_wconf 89' lang='lat' dir='ltr'><strong>a</strong></span> <span class='ocrx_word' id='word_1_218' title='bbox 462 3309 594 3360; x_wconf 87' lang='lat' dir='ltr'><strong>Cardinaii</strong></span> <span class='ocrx_word' id='word_1_219' title='bbox 607 3349 615 3371; x_wconf 94' lang='lat'><strong>,</strong></span> <span class='ocrx_word' id='word_1_220' title='bbox 628 3313 677 3362; x_wconf 85' lang='lat' dir='ltr'><strong>cire</strong></span> <span class='ocrx_word' id='word_1_221' title='bbox 695 3314 717 3362; x_wconf 90' lang='lat' dir='ltr'><strong>ie</strong></span> <span class='ocrx_word' id='word_1_222' title='bbox 735 3314 817 3372; x_wconf 90' lang='lat' dir='ltr'><strong>iesse,</strong></span> 
     </span>
     <span class='ocr_line' id='line_1_35' title="bbox 24 3383 817 3450; baseline 0.015 -21"><span class='ocrx_word' id='word_1_223' title='bbox 24 3383 100 3444; x_wconf 89' lang='lat' dir='ltr'><strong>epoi</strong></span> <span class='ocrx_word' id='word_1_224' title='bbox 117 3384 145 3431; x_wconf 91' lang='lat' dir='ltr'><strong>di</strong></span> <span class='ocrx_word' id='word_1_225' title='bbox 163 3395 241 3432; x_wconf 86' lang='lat' dir='ltr'><strong>mano</strong></span> <span class='ocrx_word' id='word_1_226' title='bbox 268 3385 294 3434; x_wconf 91' lang='lat' dir='ltr'><strong>iu</strong></span> <span class='ocrx_word' id='word_1_227' title='bbox 322 3398 399 3435; x_wconf 89' lang='lat' dir='ltr'><strong>maao</strong></span> <span class='ocrx_word' id='word_1_228' title='bbox 417 3387 486 3450; x_wconf 84' lang='lat' dir='ltr'><strong>dagli</strong></span> <span class='ocrx_word' id='word_1_229' title='bbox 505 3389 566 3438; x_wconf 92' lang='lat' dir='ltr'><strong>altri</strong></span> <span class='ocrx_word' id='word_1_230' title='bbox 583 3389 715 3439; x_wconf 87' lang='lat' dir='ltr'><strong>Cardinaii</strong></span> <span class='ocrx_word' id='word_1_231' title='bbox 738 3392 755 3440; x_wconf 86' lang='lat' dir='ltr'><strong>i&#39;</strong></span> <span class='ocrx_word' id='word_1_232' title='bbox 767 3405 817 3441; x_wconf 90' lang='lat' dir='ltr'><strong>uno</strong></span> 
     </span>
     <span class='ocr_line' id='line_1_36' title="bbox 23 3459 818 3530; baseline 0.018 -25"><span class='ocrx_word' id='word_1_233' title='bbox 23 3459 94 3521; x_wconf 88' lang='lat' dir='ltr'><strong>dopo</strong></span> <span class='ocrx_word' id='word_1_234' title='bbox 117 3460 134 3507; x_wconf 90' lang='lat' dir='ltr'><strong>i’</strong></span> <span class='ocrx_word' id='word_1_235' title='bbox 147 3460 215 3508; x_wconf 86' lang='lat' dir='ltr'><strong>altro</strong></span> <span class='ocrx_word' id='word_1_236' title='bbox 237 3461 332 3511; x_wconf 76' lang='lat' dir='ltr'><strong>turono</strong></span> <span class='ocrx_word' id='word_1_237' title='bbox 356 3464 429 3514; x_wconf 90' lang='lat' dir='ltr'><strong>lette.</strong></span> <span class='ocrx_word' id='word_1_238' title='bbox 443 3465 477 3515; x_wconf 81' lang='lat' dir='ltr'><strong>Le</strong></span> <span class='ocrx_word' id='word_1_239' title='bbox 494 3467 557 3516; x_wconf 88' lang='lat' dir='ltr'><strong>date</strong></span> <span class='ocrx_word' id='word_1_240' title='bbox 584 3469 607 3516; x_wconf 91' lang='lat' dir='ltr'><strong>ai</strong></span> <span class='ocrx_word' id='word_1_241' title='bbox 635 3468 701 3530; x_wconf 80' lang='lat' dir='ltr'><strong>Papa</strong></span> <span class='ocrx_word' id='word_1_242' title='bbox 724 3470 818 3520; x_wconf 81' lang='lat' dir='ltr'><strong>turono</strong></span> 
     </span>
     <span class='ocr_line' id='line_1_37' title="bbox 24 3539 818 3602; baseline 0.014 -16"><span class='ocrx_word' id='word_1_243' title='bbox 24 3543 186 3600; x_wconf 84' lang='lat' dir='ltr'><strong>cousegneie</strong></span> <span class='ocrx_word' id='word_1_244' title='bbox 203 3541 226 3588; x_wconf 90' lang='lat' dir='ltr'><strong>ai</strong></span> <span class='ocrx_word' id='word_1_245' title='bbox 239 3539 389 3602; x_wconf 80' lang='lat' dir='ltr'><strong>secretarii,</strong></span> <span class='ocrx_word' id='word_1_246' title='bbox 406 3544 448 3592; x_wconf 88' lang='lat' dir='ltr'><strong>oir’</strong></span> <span class='ocrx_word' id='word_1_247' title='bbox 456 3558 538 3593; x_wconf 87' lang='lat' dir='ltr'><strong>erano</strong></span> <span class='ocrx_word' id='word_1_248' title='bbox 555 3546 687 3596; x_wconf 86' lang='lat' dir='ltr'><strong>Giroiamo</strong></span> <span class='ocrx_word' id='word_1_249' title='bbox 709 3547 818 3598; x_wconf 87' lang='lat' dir='ltr'><strong>Baibaui</strong></span> 
     </span>
     <span class='ocr_line' id='line_1_38' title="bbox 24 3617 815 3681; baseline 0.014 -16"><span class='ocrx_word' id='word_1_250' title='bbox 24 3617 170 3674; x_wconf 76' lang='lat' dir='ltr'><strong>Lucenses,</strong></span> <span class='ocrx_word' id='word_1_251' title='bbox 190 3629 205 3666; x_wconf 86' lang='lat' dir='ltr'><strong>e</strong></span> <span class='ocrx_word' id='word_1_252' title='bbox 222 3618 321 3669; x_wconf 83' lang='lat' dir='ltr'><strong>Gloran</strong></span> <span class='ocrx_word' id='word_1_253' title='bbox 338 3620 424 3671; x_wconf 87' lang='lat' dir='ltr'><strong>Pietro</strong></span> <span class='ocrx_word' id='word_1_254' title='bbox 441 3623 755 3681; x_wconf 79' lang='lat' dir='ltr'><strong>Arrivabene.Dicevauo</strong></span> <span class='ocrx_word' id='word_1_255' title='bbox 767 3626 815 3678; x_wconf 89' lang='lat' dir='ltr'><strong>che</strong></span> 
     </span>
     <span class='ocr_line' id='line_1_39' title="bbox 27 3696 819 3761; baseline 0.014 -17"><span class='ocrx_word' id='word_1_256' title='bbox 27 3697 129 3747; x_wconf 85' lang='lat' dir='ltr'><strong>avendo</strong></span> <span class='ocrx_word' id='word_1_257' title='bbox 141 3696 378 3761; x_wconf 83' lang='lat' dir='ltr'><strong>esso&#39;imperatore</strong></span> <span class='ocrx_word' id='word_1_258' title='bbox 396 3703 482 3751; x_wconf 87' lang='lat' dir='ltr'><strong>auimo</strong></span> <span class='ocrx_word' id='word_1_259' title='bbox 500 3703 524 3752; x_wconf 86' lang='lat' dir='ltr'><strong>d&#39;</strong></span> <span class='ocrx_word' id='word_1_260' title='bbox 535 3704 618 3754; x_wconf 83' lang='lat' dir='ltr'><strong>undar</strong></span> <span class='ocrx_word' id='word_1_261' title='bbox 629 3708 721 3754; x_wconf 91' lang='lat' dir='ltr'><strong>contro</strong></span> <span class='ocrx_word' id='word_1_262' title='bbox 733 3706 741 3754; x_wconf 89' lang='lat' dir='ltr'><strong>i</strong></span> <span class='ocrx_word' id='word_1_263' title='bbox 754 3705 819 3756; x_wconf 87' lang='lat' dir='ltr'><strong>Tur·</strong></span> 
     </span>
     <span class='ocr_line' id='line_1_40' title="bbox 27 3776 817 3845; baseline 0.016 -22"><span class='ocrx_word' id='word_1_264' title='bbox 27 3776 90 3836; x_wconf 83' lang='lat' dir='ltr'><strong>ciri,</strong></span> <span class='ocrx_word' id='word_1_265' title='bbox 118 3789 172 3825; x_wconf 90' lang='lat' dir='ltr'><strong>uon</strong></span> <span class='ocrx_word' id='word_1_266' title='bbox 200 3780 292 3838; x_wconf 84' lang='lat' dir='ltr'><strong>putea,</strong></span> <span class='ocrx_word' id='word_1_267' title='bbox 309 3790 339 3827; x_wconf 89' lang='lat' dir='ltr'><strong>se</strong></span> <span class='ocrx_word' id='word_1_268' title='bbox 367 3793 418 3830; x_wconf 89' lang='lat' dir='ltr'><strong>nou</strong></span> <span class='ocrx_word' id='word_1_269' title='bbox 444 3784 466 3831; x_wconf 91' lang='lat' dir='ltr'><strong>si</strong></span> <span class='ocrx_word' id='word_1_270' title='bbox 490 3783 631 3845; x_wconf 86' lang='lat' dir='ltr'><strong>paciiicava</strong></span> <span class='ocrx_word' id='word_1_271' title='bbox 656 3797 716 3835; x_wconf 88' lang='lat' dir='ltr'><strong>seco</strong></span> <span class='ocrx_word' id='word_1_272' title='bbox 739 3785 756 3834; x_wconf 98' lang='lat' dir='ltr'><strong>ii</strong></span> <span class='ocrx_word' id='word_1_273' title='bbox 782 3788 817 3836; x_wconf 87' lang='lat' dir='ltr'><strong>ite</strong></span> 
     </span>
     <span class='ocr_line' id='line_1_41' title="bbox 28 3854 818 3925; baseline 0.014 -21"><span class='ocrx_word' id='word_1_274' title='bbox 28 3854 49 3904; x_wconf 88' lang='lat' dir='ltr'><strong>d’</strong></span> <span class='ocrx_word' id='word_1_275' title='bbox 61 3854 208 3918; x_wconf 74' lang='lat' dir='ltr'><strong>lingheria,</strong></span> <span class='ocrx_word' id='word_1_276' title='bbox 225 3856 274 3906; x_wconf 87' lang='lat' dir='ltr'><strong>obe</strong></span> <span class='ocrx_word' id='word_1_277' title='bbox 291 3856 399 3918; x_wconf 77' lang='lat' dir='ltr'><strong>affatio,</strong></span> <span class='ocrx_word' id='word_1_278' title='bbox 415 3872 465 3910; x_wconf 91' lang='lat' dir='ltr'><strong>con</strong></span> <span class='ocrx_word' id='word_1_279' title='bbox 478 3863 613 3925; x_wconf 73' lang='lat' dir='ltr'><strong>ia&#39;guerra</strong></span> <span class='ocrx_word' id='word_1_280' title='bbox 629 3864 678 3914; x_wconf 85' lang='lat' dir='ltr'><strong>cite</strong></span> <span class='ocrx_word' id='word_1_281' title='bbox 695 3865 712 3913; x_wconf 93' lang='lat' dir='ltr'><strong>ii</strong></span> <span class='ocrx_word' id='word_1_282' title='bbox 732 3865 818 3923; x_wconf 80' lang='lat' dir='ltr'><strong>facea,</strong></span> 
     </span>
     <span class='ocr_line' id='line_1_42' title="bbox 29 3934 818 4006; baseline 0.015 -25"><span class='ocrx_word' id='word_1_283' title='bbox 29 3934 50 3982; x_wconf 92' lang='lat' dir='ltr'><strong>io</strong></span> <span class='ocrx_word' id='word_1_284' title='bbox 76 3935 219 3997; x_wconf 79' lang='lat' dir='ltr'><strong>distogiiua</strong></span> <span class='ocrx_word' id='word_1_285' title='bbox 246 3935 279 3984; x_wconf 90' lang='lat' dir='ltr'><strong>da</strong></span> <span class='ocrx_word' id='word_1_286' title='bbox 296 3935 350 3985; x_wconf 90' lang='lat' dir='ltr'><strong>cosi</strong></span> <span class='ocrx_word' id='word_1_287' title='bbox 368 3941 444 3987; x_wconf 88' lang='lat' dir='ltr'><strong>santo</strong></span> <span class='ocrx_word' id='word_1_288' title='bbox 461 3943 685 4002; x_wconf 83' lang='lat' dir='ltr'><strong>proponimentos</strong></span> <span class='ocrx_word' id='word_1_289' title='bbox 711 3956 726 3993; x_wconf 90' lang='lat' dir='ltr'><strong>e</strong></span> <span class='ocrx_word' id='word_1_290' title='bbox 753 3943 818 4006; x_wconf 87' lang='lat' dir='ltr'><strong>perd</strong></span> 
     </span>
     <span class='ocr_line' id='line_1_43' title="bbox 29 4014 816 4084; baseline 0.013 -23"><span class='ocrx_word' id='word_1_291' title='bbox 29 4025 141 4076; x_wconf 79' lang='lat' dir='ltr'><strong>pregara</strong></span> <span class='ocrx_word' id='word_1_292' title='bbox 160 4014 219 4062; x_wconf 60' lang='lat' dir='ltr'><strong>1Sua</strong></span> <span class='ocrx_word' id='word_1_293' title='bbox 247 4014 365 4073; x_wconf 84' lang='lat' dir='ltr'><strong>Santitd,</strong></span> <span class='ocrx_word' id='word_1_294' title='bbox 382 4017 406 4065; x_wconf 85' lang='lat' dir='ltr'><strong>la</strong></span> <span class='ocrx_word' id='word_1_295' title='bbox 423 4020 464 4066; x_wconf 90' lang='lat' dir='ltr'><strong>cui</strong></span> <span class='ocrx_word' id='word_1_296' title='bbox 482 4021 538 4067; x_wconf 89' lang='lat' dir='ltr'><strong>sola</strong></span> <span class='ocrx_word' id='word_1_297' title='bbox 562 4020 675 4071; x_wconf 83' lang='lat' dir='ltr'><strong>autoritd</strong></span> <span class='ocrx_word' id='word_1_298' title='bbox 695 4022 729 4070; x_wconf 91' lang='lat' dir='ltr'><strong>da</strong></span> <span class='ocrx_word' id='word_1_299' title='bbox 757 4023 816 4084; x_wconf 87' lang='lat' dir='ltr'><strong>ogni</strong></span> 
     </span>
     <span class='ocr_line' id='line_1_44' title="bbox 31 4086 817 4162; baseline 0.015 -25"><span class='ocrx_word' id='word_1_300' title='bbox 31 4090 144 4155; x_wconf 81' lang='lat' dir='ltr'><strong>Principe</strong></span> <span class='ocrx_word' id='word_1_301' title='bbox 171 4093 303 4143; x_wconf 85' lang='lat' dir='ltr'><strong>Crisiiano</strong></span> <span class='ocrx_word' id='word_1_302' title='bbox 329 4107 375 4144; x_wconf 87' lang='lat' dir='ltr'><strong>era</strong></span> <span class='ocrx_word' id='word_1_303' title='bbox 399 4100 528 4155; x_wconf 89' lang='lat' dir='ltr'><strong>onorata,</strong></span> <span class='ocrx_word' id='word_1_304' title='bbox 544 4098 592 4147; x_wconf 83' lang='lat' dir='ltr'><strong>cire</strong></span> <span class='ocrx_word' id='word_1_305' title='bbox 610 4100 631 4148; x_wconf 88' lang='lat' dir='ltr'><strong>s’</strong></span> <span class='ocrx_word' id='word_1_306' title='bbox 643 4086 817 4162; x_wconf 77' lang='lat' dir='ltr'><strong>imptegasse,</strong></span> 
     </span>
     <span class='ocr_line' id='line_1_45' title="bbox 34 4171 817 4239; baseline 0.013 -22"><span class='ocrx_word' id='word_1_307' title='bbox 34 4171 167 4221; x_wconf 76' lang='lat' dir='ltr'><strong>acciocche</strong></span> <span class='ocrx_word' id='word_1_308' title='bbox 183 4175 226 4221; x_wconf 88' lang='lat' dir='ltr'><strong>tru</strong></span> <span class='ocrx_word' id='word_1_309' title='bbox 243 4173 300 4221; x_wconf 87' lang='lat' dir='ltr'><strong>iore</strong></span> <span class='ocrx_word' id='word_1_310' title='bbox 319 4173 334 4220; x_wconf 90' lang='lat' dir='ltr'><strong>i’</strong></span> <span class='ocrx_word' id='word_1_311' title='bbox 347 4174 462 4224; x_wconf 89' lang='lat' dir='ltr'><strong>accordo</strong></span> <span class='ocrx_word' id='word_1_312' title='bbox 480 4187 494 4224; x_wconf 86' lang='lat' dir='ltr'><strong>s</strong></span> <span class='ocrx_word' id='word_1_313' title='bbox 511 4176 535 4224; x_wconf 90' lang='lat' dir='ltr'><strong>ia</strong></span> <span class='ocrx_word' id='word_1_314' title='bbox 552 4189 617 4238; x_wconf 88' lang='lat' dir='ltr'><strong>pace</strong></span> <span class='ocrx_word' id='word_1_315' title='bbox 635 4179 760 4239; x_wconf 83' lang='lat' dir='ltr'><strong>segnisse.</strong></span> <span class='ocrx_word' id='word_1_316' title='bbox 777 4179 817 4230; x_wconf 87' lang='lat' dir='ltr'><strong>nt·</strong></span> 
     </span>
     <span class='ocr_line' id='line_1_46' title="bbox 36 4249 815 4315; baseline 0.017 -20"><span class='ocrx_word' id='word_1_317' title='bbox 36 4259 105 4309; x_wconf 87' lang='lat' dir='ltr'><strong>spese</strong></span> <span class='ocrx_word' id='word_1_318' title='bbox 130 4251 147 4299; x_wconf 92' lang='lat' dir='ltr'><strong>ii</strong></span> <span class='ocrx_word' id='word_1_319' title='bbox 168 4249 238 4313; x_wconf 86' lang='lat' dir='ltr'><strong>Papa</strong></span> <span class='ocrx_word' id='word_1_320' title='bbox 263 4250 312 4300; x_wconf 86' lang='lat' dir='ltr'><strong>cite</strong></span> <span class='ocrx_word' id='word_1_321' title='bbox 327 4251 403 4302; x_wconf 72' lang='lat' dir='ltr'><strong>&#39;faria</strong></span> <span class='ocrx_word' id='word_1_322' title='bbox 427 4256 485 4315; x_wconf 75' lang='lat' dir='ltr'><strong>ogni</strong></span> <span class='ocrx_word' id='word_1_323' title='bbox 508 4255 611 4315; x_wconf 84' lang='lat' dir='ltr'><strong>slorzo,</strong></span> <span class='ocrx_word' id='word_1_324' title='bbox 634 4257 772 4308; x_wconf 77' lang='lat' dir='ltr'><strong>acciocche</strong></span> <span class='ocrx_word' id='word_1_325' title='bbox 793 4257 815 4308; x_wconf 88' lang='lat' dir='ltr'><strong>si</strong></span> 
     </span>
     <span class='ocr_line' id='line_1_47' title="bbox 38 4330 816 4395; baseline 0.015 -20"><span class='ocrx_word' id='word_1_326' title='bbox 38 4334 103 4379; x_wconf 84' lang='lat' dir='ltr'><strong>santa</strong></span> <span class='ocrx_word' id='word_1_327' title='bbox 124 4343 224 4391; x_wconf 88' lang='lat' dir='ltr'><strong>opera,</strong></span> <span class='ocrx_word' id='word_1_328' title='bbox 245 4330 331 4382; x_wconf 77' lang='lat' dir='ltr'><strong>com’e</strong></span> <span class='ocrx_word' id='word_1_329' title='bbox 356 4332 379 4380; x_wconf 86' lang='lat' dir='ltr'><strong>ia</strong></span> <span class='ocrx_word' id='word_1_330' title='bbox 404 4345 471 4394; x_wconf 86' lang='lat' dir='ltr'><strong>pace</strong></span> <span class='ocrx_word' id='word_1_331' title='bbox 493 4337 534 4384; x_wconf 83' lang='lat' dir='ltr'><strong>tra</strong></span> <span class='ocrx_word' id='word_1_332' title='bbox 561 4337 699 4395; x_wconf 82' lang='lat' dir='ltr'><strong>cristiani,</strong></span> <span class='ocrx_word' id='word_1_333' title='bbox 721 4349 816 4387; x_wconf 83' lang='lat' dir='ltr'><strong>arasse</strong></span> 
     </span>
     <span class='ocr_line' id='line_1_48' title="bbox 40 4405 816 4477; baseline 0.018 -23"><span class='ocrx_word' id='word_1_334' title='bbox 40 4405 97 4472; x_wconf 86' lang='lat' dir='ltr'><strong>buon</strong></span> <span class='ocrx_word' id='word_1_335' title='bbox 122 4408 194 4468; x_wconf 87' lang='lat' dir='ltr'><strong>iiue,</strong></span> <span class='ocrx_word' id='word_1_336' title='bbox 211 4422 239 4477; x_wconf 26' lang='lat' dir='ltr'><strong>&#39;e</strong></span> <span class='ocrx_word' id='word_1_337' title='bbox 262 4409 295 4459; x_wconf 86' lang='lat' dir='ltr'><strong>da</strong></span> <span class='ocrx_word' id='word_1_338' title='bbox 323 4410 486 4462; x_wconf 87' lang='lat' dir='ltr'><strong>ileruardino</strong></span> <span class='ocrx_word' id='word_1_339' title='bbox 513 4413 643 4465; x_wconf 84' lang='lat' dir='ltr'><strong>Gambera</strong></span> <span class='ocrx_word' id='word_1_340' title='bbox 670 4415 704 4465; x_wconf 82' lang='lat' dir='ltr'><strong>ie’</strong></span> <span class='ocrx_word' id='word_1_341' title='bbox 716 4416 816 4468; x_wconf 88' lang='lat' dir='ltr'><strong>donare</strong></span> 
     </span>
     <span class='ocr_line' id='line_1_49' title="bbox 45 4483 820 4559; baseline 0.015 -27"><span class='ocrx_word' id='word_1_342' title='bbox 45 4483 177 4536; x_wconf 81' lang='lat' dir='ltr'><strong>aii&#39;traido</strong></span> <span class='ocrx_word' id='word_1_343' title='bbox 200 4487 318 4537; x_wconf 82' lang='lat' dir='ltr'><strong>braccati</strong></span> <span class='ocrx_word' id='word_1_344' title='bbox 344 4488 429 4538; x_wconf 82' lang='lat' dir='ltr'><strong>d’oro</strong></span> <span class='ocrx_word' id='word_1_345' title='bbox 452 4490 479 4539; x_wconf 93' lang='lat' dir='ltr'><strong>di</strong></span> <span class='ocrx_word' id='word_1_346' title='bbox 502 4493 589 4541; x_wconf 88' lang='lat' dir='ltr'><strong>molto·</strong></span> <span class='ocrx_word' id='word_1_347' title='bbox 604 4505 717 4559; x_wconf 78' lang='lat' dir='ltr'><strong>prezao,</strong></span> <span class='ocrx_word' id='word_1_348' title='bbox 742 4506 756 4544; x_wconf 90' lang='lat' dir='ltr'><strong>e</strong></span> <span class='ocrx_word' id='word_1_349' title='bbox 783 4483 820 4544; x_wconf 86' lang='lat' dir='ltr'><strong>da</strong></span> 
     </span>
     <span class='ocr_line' id='line_1_50' title="bbox 48 4562 817 4634; baseline 0.018 -27"><span class='ocrx_word' id='word_1_350' title='bbox 48 4562 115 4614; x_wconf 90' lang='lat' dir='ltr'><strong>alcuni</strong></span> <span class='ocrx_word' id='word_1_351' title='bbox 139 4566 289 4616; x_wconf 87' lang='lat' dir='ltr'><strong>baiestrieri</strong></span> <span class='ocrx_word' id='word_1_352' title='bbox 308 4567 378 4624; x_wconf 70' lang='lat' dir='ltr'><strong>(saue</strong></span> <span class='ocrx_word' id='word_1_353' title='bbox 401 4568 484 4618; x_wconf 90' lang='lat' dir='ltr'><strong>aliora</strong></span> <span class='ocrx_word' id='word_1_354' title='bbox 501 4582 581 4620; x_wconf 88' lang='lat' dir='ltr'><strong>erano</strong></span> <span class='ocrx_word' id='word_1_355' title='bbox 598 4573 622 4620; x_wconf 90' lang='lat' dir='ltr'><strong>ia</strong></span> <span class='ocrx_word' id='word_1_356' title='bbox 644 4571 752 4634; x_wconf 79' lang='lat' dir='ltr'><strong>guardia</strong></span> <span class='ocrx_word' id='word_1_357' title='bbox 774 4571 817 4622; x_wconf 95' lang='lat' dir='ltr'><strong>dei</strong></span> 
     </span>
     <span class='ocr_line' id='line_1_51' title="bbox 49 4640 817 4714; baseline 0.017 -25"><span class='ocrx_word' id='word_1_358' title='bbox 49 4640 120 4701; x_wconf 81' lang='lat' dir='ltr'><strong>ispa)</strong></span> <span class='ocrx_word' id='word_1_359' title='bbox 135 4644 152 4691; x_wconf 90' lang='lat' dir='ltr'><strong>ii</strong></span> <span class='ocrx_word' id='word_1_360' title='bbox 170 4644 228 4693; x_wconf 85' lang='lat' dir='ltr'><strong>icco</strong></span> <span class='ocrx_word' id='word_1_361' title='bbox 257 4656 464 4708; x_wconf 83' lang='lat' dir='ltr'><strong>accompagnars</strong></span> <span class='ocrx_word' id='word_1_362' title='bbox 481 4662 495 4697; x_wconf 85' lang='lat' dir='ltr'><strong>a</strong></span> <span class='ocrx_word' id='word_1_363' title='bbox 511 4649 623 4711; x_wconf 87' lang='lat' dir='ltr'><strong>Nepoti,</strong></span> <span class='ocrx_word' id='word_1_364' title='bbox 644 4650 714 4701; x_wconf 85' lang='lat' dir='ltr'><strong>dove</strong></span> <span class='ocrx_word' id='word_1_365' title='bbox 740 4651 817 4714; x_wconf 87' lang='lat' dir='ltr'><strong>portd</strong></span> 
     </span>
     <span class='ocr_line' id='line_1_52' title="bbox 51 4714 818 4789; baseline 0.022 -25"><span class='ocrx_word' id='word_1_366' title='bbox 51 4714 125 4770; x_wconf 88' lang='lat' dir='ltr'><strong>lettere</strong></span> <span class='ocrx_word' id='word_1_367' title='bbox 141 4724 182 4773; x_wconf 89' lang='lat' dir='ltr'><strong>de’</strong></span> <span class='ocrx_word' id='word_1_368' title='bbox 195 4723 312 4773; x_wconf 89' lang='lat' dir='ltr'><strong>suddetii</strong></span> <span class='ocrx_word' id='word_1_369' title='bbox 329 4726 490 4788; x_wconf 87' lang='lat' dir='ltr'><strong>imperatore</strong></span> <span class='ocrx_word' id='word_1_370' title='bbox 507 4742 522 4779; x_wconf 88' lang='lat' dir='ltr'><strong>e</strong></span> <span class='ocrx_word' id='word_1_371' title='bbox 540 4731 590 4789; x_wconf 87' lang='lat' dir='ltr'><strong>Re,</strong></span> <span class='ocrx_word' id='word_1_372' title='bbox 603 4732 705 4781; x_wconf 89' lang='lat' dir='ltr'><strong>arendo</strong></span> <span class='ocrx_word' id='word_1_373' title='bbox 725 4733 748 4781; x_wconf 90' lang='lat' dir='ltr'><strong>ie</strong></span> <span class='ocrx_word' id='word_1_374' title='bbox 766 4733 818 4780; x_wconf 91' lang='lat' dir='ltr'><strong>im·</strong></span> 
     </span>
     <span class='ocr_line' id='line_1_53' title="bbox 51 4799 818 4870; baseline 0.02 -26"><span class='ocrx_word' id='word_1_375' title='bbox 51 4799 123 4851; x_wconf 76' lang='lat' dir='ltr'><strong>berlaii</strong></span> <span class='ocrx_word' id='word_1_376' title='bbox 138 4805 232 4864; x_wconf 90' lang='lat' dir='ltr'><strong>questo</strong></span> <span class='ocrx_word' id='word_1_377' title='bbox 253 4808 426 4864; x_wconf 83' lang='lat' dir='ltr'><strong>suprascritto</strong></span> <span class='ocrx_word' id='word_1_378' title='bbox 445 4825 455 4846; x_wconf 87' lang='lat'>·</span> <span class='ocrx_word' id='word_1_379' title='bbox 475 4806 504 4855; x_wconf 77' lang='lat' dir='ltr'><strong>At</strong></span> <span class='ocrx_word' id='word_1_380' title='bbox 523 4808 685 4858; x_wconf 82' lang='lat' dir='ltr'><strong>serenissimo</strong></span> <span class='ocrx_word' id='word_1_381' title='bbox 701 4805 818 4870; x_wconf 79' lang='lat' dir='ltr'><strong>Principe</strong></span> 
     </span>
     <span class='ocr_line' id='line_1_54' title="bbox 51 4867 816 4951; baseline 0.018 -28"><span class='ocrx_word' id='word_1_382' title='bbox 51 4867 156 4929; x_wconf 68' lang='lat' dir='ltr'><strong>terendo</strong></span> <span class='ocrx_word' id='word_1_383' title='bbox 167 4880 199 4929; x_wconf 87' lang='lat' dir='ltr'><strong>ile</strong></span> <span class='ocrx_word' id='word_1_384' title='bbox 210 4880 332 4930; x_wconf 78' lang='lat' dir='ltr'><strong>distritio</strong></span> <span class='ocrx_word' id='word_1_385' title='bbox 347 4881 446 4943; x_wconf 71' lang='lat' dir='ltr'><strong>[retello</strong></span> <span class='ocrx_word' id='word_1_386' title='bbox 462 4889 549 4934; x_wconf 83' lang='lat' dir='ltr'><strong>nestro</strong></span> <span class='ocrx_word' id='word_1_387' title='bbox 564 4888 698 4938; x_wconf 84' lang='lat' dir='ltr'><strong>carissimo</strong></span> <span class='ocrx_word' id='word_1_388' title='bbox 710 4909 720 4930; x_wconf 74' lang='grc' dir='ltr'>ι</span> <span class='ocrx_word' id='word_1_389' title='bbox 732 4905 742 4951; x_wconf 89' lang='lat'><strong>,·</strong></span> <span class='ocrx_word' id='word_1_390' title='bbox 757 4900 772 4936; x_wconf 93' lang='lat' dir='ltr'><strong>e</strong></span> <span class='ocrx_word' id='word_1_391' title='bbox 793 4889 816 4938; x_wconf 89' lang='lat' dir='ltr'><strong>ie</strong></span> 
     </span>
     <span class='ocr_line' id='line_1_55' title="bbox 53 4947 817 5026; baseline 0.027 -31"><span class='ocrx_word' id='word_1_392' title='bbox 53 4947 84 5000; x_wconf 85' lang='lat' dir='ltr'><strong>dei</strong></span> <span class='ocrx_word' id='word_1_393' title='bbox 97 4956 126 5007; x_wconf 85' lang='lat' dir='ltr'><strong>ite</strong></span> <span class='ocrx_word' id='word_1_394' title='bbox 148 4959 306 5010; x_wconf 84' lang='lat' dir='ltr'><strong>ds‘iiomani</strong></span> <span class='ocrx_word' id='word_1_395' title='bbox 327 4973 446 5012; x_wconf 86' lang='lat' dir='ltr'><strong>avevano</strong></span> <span class='ocrx_word' id='word_1_396' title='bbox 464 4963 490 5013; x_wconf 91' lang='lat' dir='ltr'><strong>di</strong></span> <span class='ocrx_word' id='word_1_397' title='bbox 508 4965 550 5026; x_wconf 83' lang='lat' dir='ltr'><strong>piis</strong></span> <span class='ocrx_word' id='word_1_398' title='bbox 567 4967 598 5017; x_wconf 87' lang='lat' dir='ltr'><strong>lie</strong></span> <span class='ocrx_word' id='word_1_399' title='bbox 614 4967 640 5016; x_wconf 86' lang='lat' dir='ltr'><strong>di</strong></span> <span class='ocrx_word' id='word_1_400' title='bbox 655 4966 817 5017; x_wconf 82' lang='lat' dir='ltr'><strong>Geruseiem·</strong></span> 
     </span>
     <span class='ocr_line' id='line_1_56' title="bbox 53 5037 816 5105; baseline 0.014 -23"><span class='ocrx_word' id='word_1_401' title='bbox 53 5037 95 5090; x_wconf 82' lang='lat' dir='ltr'><strong>nc,·</strong></span> <span class='ocrx_word' id='word_1_402' title='bbox 108 5048 144 5085; x_wconf 90' lang='lat' dir='ltr'><strong>ma</strong></span> <span class='ocrx_word' id='word_1_403' title='bbox 161 5039 185 5087; x_wconf 87' lang='lat' dir='ltr'><strong>ie</strong></span> <span class='ocrx_word' id='word_1_404' title='bbox 202 5037 347 5088; x_wconf 79' lang='lat' dir='ltr'><strong>d&#39;Aiberto</strong></span> <span class='ocrx_word' id='word_1_405' title='bbox 364 5040 433 5090; x_wconf 89' lang='lat' dir='ltr'><strong>Duce</strong></span> <span class='ocrx_word' id='word_1_406' title='bbox 449 5041 475 5090; x_wconf 88' lang='lat' dir='ltr'><strong>di</strong></span> <span class='ocrx_word' id='word_1_407' title='bbox 491 5042 630 5102; x_wconf 77' lang='lat' dir='ltr'><strong>saissonis,</strong></span> <span class='ocrx_word' id='word_1_408' title='bbox 648 5056 745 5105; x_wconf 82' lang='lat' dir='ltr'><strong>genero</strong></span> <span class='ocrx_word' id='word_1_409' title='bbox 761 5044 816 5094; x_wconf 90' lang='lat' dir='ltr'><strong>dei·</strong></span> 
     </span>
     <span class='ocr_line' id='line_1_57' title="bbox 55 5101 817 5185; baseline 0.017 -24"><span class='ocrx_word' id='word_1_410' title='bbox 55 5101 228 5177; x_wconf 66' lang='lat' dir='ltr'><strong>¹&#39;litttteratorq</strong></span> <span class='ocrx_word' id='word_1_411' title='bbox 245 5131 326 5168; x_wconf 88' lang='lat' dir='ltr'><strong>erano</strong></span> <span class='ocrx_word' id='word_1_412' title='bbox 343 5132 392 5168; x_wconf 90' lang='lat' dir='ltr'><strong>con</strong></span> <span class='ocrx_word' id='word_1_413' title='bbox 410 5122 484 5170; x_wconf 90' lang='lat' dir='ltr'><strong>titolo</strong></span> <span class='ocrx_word' id='word_1_414' title='bbox 497 5123 564 5171; x_wconf 86' lang='lat' dir='ltr'><strong>assai</strong></span> <span class='ocrx_word' id='word_1_415' title='bbox 582 5122 624 5184; x_wconf 86' lang='lat' dir='ltr'><strong>pisi</strong></span> <span class='ocrx_word' id='word_1_416' title='bbox 640 5121 736 5182; x_wconf 88' lang='lat' dir='ltr'><strong>basso,</strong></span> <span class='ocrx_word' id='word_1_417' title='bbox 752 5136 817 5185; x_wconf 88' lang='lat' dir='ltr'><strong>per·</strong></span> 
     </span>
     <span class='ocr_line' id='line_1_58' title="bbox 54 5179 817 5262; baseline 0.018 -24"><span class='ocrx_word' id='word_1_418' title='bbox 54 5179 90 5231; x_wconf 72' lang='lat' dir='ltr'><strong>tbi</strong></span> <span class='ocrx_word' id='word_1_419' title='bbox 102 5189 228 5245; x_wconf 75' lang='lat' dir='ltr'><strong>dicevauoa</strong></span> <span class='ocrx_word' id='word_1_420' title='bbox 242 5218 251 5238; x_wconf 89' lang='lat'><strong>·</strong></span> <span class='ocrx_word' id='word_1_421' title='bbox 265 5196 489 5250; x_wconf 84' lang='lat' dir='ltr'><strong>oii’lllusirirsimo</strong></span> <span class='ocrx_word' id='word_1_422' title='bbox 504 5201 619 5262; x_wconf 85' lang='lat' dir='ltr'><strong>principe</strong></span> <span class='ocrx_word' id='word_1_423' title='bbox 640 5201 769 5251; x_wconf 82' lang='lat' dir='ltr'><strong>Ferrundo</strong></span> <span class='ocrx_word' id='word_1_424' title='bbox 784 5201 817 5252; x_wconf 84' lang='lat' dir='ltr'><strong>ite</strong></span> 
     </span>
    </p>
   </div>
   <div class='ocr_carea' id='block_1_7' title="bbox 882 524 1678 5220">
    <p class='ocr_par' dir='ltr' id='par_1_7' title="bbox 885 524 1673 713">
     <span class='ocr_line' id='line_1_59' title="bbox 885 524 1673 618; baseline 0.005 -23"><span class='ocrx_word' id='word_1_425' title='bbox 885 535 1029 596; x_wconf 87' lang='lat' dir='ltr'><strong>Heraidus</strong></span> <span class='ocrx_word' id='word_1_426' title='bbox 1050 554 1142 596; x_wconf 93' lang='lat' dir='ltr'><strong>unum</strong></span> <span class='ocrx_word' id='word_1_427' title='bbox 1164 535 1234 597; x_wconf 92' lang='lat' dir='ltr'><strong>duc.</strong></span> <span class='ocrx_word' id='word_1_428' title='bbox 1253 538 1301 599; x_wconf 88' lang='lat' dir='ltr'><strong>sed</strong></span> <span class='ocrx_word' id='word_1_429' title='bbox 1324 539 1405 599; x_wconf 92' lang='lat' dir='ltr'><strong>nulio</strong></span> <span class='ocrx_word' id='word_1_430' title='bbox 1421 546 1507 618; x_wconf 87' lang='lat' dir='ltr'><strong>pacto</strong></span> <span class='ocrx_word' id='word_1_431' title='bbox 1525 524 1609 598; x_wconf 83' lang='lat' dir='ltr'><strong>ilium</strong></span> <span class='ocrx_word' id='word_1_432' title='bbox 1624 556 1673 599; x_wconf 88' lang='lat' dir='ltr'><strong>re·</strong></span> 
     </span>
     <span class='ocr_line' id='line_1_60' title="bbox 886 635 1241 713; baseline 0.017 -20"><span class='ocrx_word' id='word_1_433' title='bbox 886 635 983 713; x_wconf 90' lang='lat' dir='ltr'><strong>cipere</strong></span> <span class='ocrx_word' id='word_1_434' title='bbox 1004 636 1171 696; x_wconf 84' lang='lat' dir='ltr'><strong>voluerunt.</strong></span> <span class='ocrx_word' id='word_1_435' title='bbox 1239 690 1241 699; x_wconf 92' lang='lat'><strong>.</strong></span> 
     </span>
    </p>

    <p class='ocr_par' dir='ltr' id='par_1_8' title="bbox 882 728 1678 3098">
     <span class='ocr_line' id='line_1_61' title="bbox 928 728 1674 816; baseline 0.003 -22"><span class='ocrx_word' id='word_1_436' title='bbox 928 734 1014 796; x_wconf 84' lang='lat' dir='ltr'><strong>Feria</strong></span> <span class='ocrx_word' id='word_1_437' title='bbox 1024 745 1113 807; x_wconf 82' lang='lat' dir='ltr'><strong>serta,</strong></span> <span class='ocrx_word' id='word_1_438' title='bbox 1128 733 1181 794; x_wconf 70' lang='lat' dir='ltr'><strong>uti.</strong></span> <span class='ocrx_word' id='word_1_439' title='bbox 1193 735 1266 795; x_wconf 90' lang='lat' dir='ltr'><strong>dicti</strong></span> <span class='ocrx_word' id='word_1_440' title='bbox 1288 737 1394 797; x_wconf 89' lang='lat' dir='ltr'><strong>mensis</strong></span> <span class='ocrx_word' id='word_1_441' title='bbox 1406 734 1546 813; x_wconf 88' lang='lat' dir='ltr'><strong>januarii,</strong></span> <span class='ocrx_word' id='word_1_442' title='bbox 1557 728 1674 816; x_wconf 89' lang='lat' dir='ltr'><strong>praedi·</strong></span> 
     </span>
     <span class='ocr_line' id='line_1_62' title="bbox 885 822 1673 907; baseline 0.001 -13"><span class='ocrx_word' id='word_1_443' title='bbox 885 843 950 894; x_wconf 88' lang='lat' dir='ltr'><strong>ctus</strong></span> <span class='ocrx_word' id='word_1_444' title='bbox 963 833 1118 906; x_wconf 86' lang='lat' dir='ltr'><strong>lieraldus,</strong></span> <span class='ocrx_word' id='word_1_445' title='bbox 1137 822 1268 907; x_wconf 86' lang='lat' dir='ltr'><strong>vocatus,</strong></span> <span class='ocrx_word' id='word_1_446' title='bbox 1289 836 1455 896; x_wconf 88' lang='lat' dir='ltr'><strong>intravitad</strong></span> <span class='ocrx_word' id='word_1_447' title='bbox 1475 836 1673 897; x_wconf 88' lang='lat' dir='ltr'><strong>consistorium</strong></span> 
     </span>
     <span class='ocr_line' id='line_1_63' title="bbox 884 935 1673 1014; baseline 0 -20"><span class='ocrx_word' id='word_1_448' title='bbox 884 944 1028 994; x_wconf 88' lang='lat' dir='ltr'><strong>secretum</strong></span> <span class='ocrx_word' id='word_1_449' title='bbox 1046 977 1055 1006; x_wconf 98' lang='lat'><strong>,</strong></span> <span class='ocrx_word' id='word_1_450' title='bbox 1076 943 1194 993; x_wconf 87' lang='lat' dir='ltr'><strong>etcum</strong></span> <span class='ocrx_word' id='word_1_451' title='bbox 1215 953 1250 995; x_wconf 93' lang='lat' dir='ltr'><strong>eo</strong></span> <span class='ocrx_word' id='word_1_452' title='bbox 1271 935 1440 1014; x_wconf 91' lang='lat' dir='ltr'><strong>praedictus</strong></span> <span class='ocrx_word' id='word_1_453' title='bbox 1461 935 1616 1008; x_wconf 76' lang='lat' dir='ltr'><strong>tter-sirie,</strong></span> <span class='ocrx_word' id='word_1_454' title='bbox 1643 945 1673 996; x_wconf 91' lang='lat' dir='ltr'><strong>et</strong></span> 
     </span>
     <span class='ocr_line' id='line_1_64' title="bbox 882 1033 1675 1111; baseline -0.001 -18"><span class='ocrx_word' id='word_1_455' title='bbox 882 1050 952 1094; x_wconf 69' lang='lat' dir='ltr'><strong>‘cum</strong></span> <span class='ocrx_word' id='word_1_456' title='bbox 973 1052 1009 1094; x_wconf 90' lang='lat' dir='ltr'><strong>eu</strong></span> <span class='ocrx_word' id='word_1_457' title='bbox 1029 1051 1092 1111; x_wconf 79' lang='lat' dir='ltr'><strong>ego.</strong></span> <span class='ocrx_word' id='word_1_458' title='bbox 1114 1033 1339 1094; x_wconf 85' lang='lat' dir='ltr'><strong>ln&#39;consistorio</strong></span> <span class='ocrx_word' id='word_1_459' title='bbox 1357 1034 1486 1095; x_wconf 76' lang='lat' dir='ltr'><strong>Pontifex</strong></span> <span class='ocrx_word' id='word_1_460' title='bbox 1506 1034 1631 1107; x_wconf 84' lang='lat' dir='ltr'><strong>sedebat,</strong></span> <span class='ocrx_word' id='word_1_461' title='bbox 1645 1041 1675 1094; x_wconf 91' lang='lat' dir='ltr'><strong>et</strong></span> 
     </span>
     <span class='ocr_line' id='line_1_65' title="bbox 884 1132 1674 1207; baseline -0.004 -12"><span class='ocrx_word' id='word_1_462' title='bbox 884 1132 1053 1195; x_wconf 86' lang='lat' dir='ltr'><strong>Cardinales</strong></span> <span class='ocrx_word' id='word_1_463' title='bbox 1074 1132 1175 1194; x_wconf 91' lang='lat' dir='ltr'><strong>ordine</strong></span> <span class='ocrx_word' id='word_1_464' title='bbox 1190 1144 1336 1195; x_wconf 89' lang='lat' dir='ltr'><strong>consueto.</strong></span> <span class='ocrx_word' id='word_1_465' title='bbox 1344 1134 1433 1195; x_wconf 82' lang='lat' dir='ltr'><strong>Facta</strong></span> <span class='ocrx_word' id='word_1_466' title='bbox 1441 1134 1674 1207; x_wconf 80' lang='lat' dir='ltr'><strong>Pontifici,ertra</strong></span> 
     </span>
     <span class='ocr_line' id='line_1_66' title="bbox 885 1232 1676 1308; baseline 0.001 -15"><span class='ocrx_word' id='word_1_467' title='bbox 885 1232 1676 1308; x_wconf 84' lang='lat' dir='ltr'><strong>sediliaCardinalium,reverentia,mlnimeretroCer·</strong></span> 
     </span>
     <span class='ocr_line' id='line_1_67' title="bbox 884 1333 1674 1412; baseline 0.003 -20"><span class='ocrx_word' id='word_1_468' title='bbox 884 1333 1008 1405; x_wconf 87' lang='lat' dir='ltr'><strong>dinaies‚</strong></span> <span class='ocrx_word' id='word_1_469' title='bbox 1023 1334 1160 1412; x_wconf 87' lang='lat' dir='ltr'><strong>processit</strong></span> <span class='ocrx_word' id='word_1_470' title='bbox 1177 1351 1267 1411; x_wconf 90' lang='lat' dir='ltr'><strong>usque</strong></span> <span class='ocrx_word' id='word_1_471' title='bbox 1282 1335 1317 1394; x_wconf 90' lang='lat' dir='ltr'><strong>ad</strong></span> <span class='ocrx_word' id='word_1_472' title='bbox 1332 1335 1610 1397; x_wconf 74' lang='lat' dir='ltr'><strong>vicecancellarium</strong></span> <span class='ocrx_word' id='word_1_473' title='bbox 1620 1351 1674 1395; x_wconf 90' lang='lat' dir='ltr'><strong>eo·</strong></span> 
     </span>
     <span class='ocr_line' id='line_1_68' title="bbox 884 1427 1671 1514; baseline 0.001 -21"><span class='ocrx_word' id='word_1_474' title='bbox 884 1427 951 1493; x_wconf 92' lang='lat' dir='ltr'><strong>rum</strong></span> <span class='ocrx_word' id='word_1_475' title='bbox 963 1432 1107 1505; x_wconf 89' lang='lat' dir='ltr'><strong>Priorem,</strong></span> <span class='ocrx_word' id='word_1_476' title='bbox 1122 1434 1171 1493; x_wconf 93' lang='lat' dir='ltr'><strong>cui</strong></span> <span class='ocrx_word' id='word_1_477' title='bbox 1186 1433 1339 1494; x_wconf 53' lang='lat' dir='ltr'><strong>&#39;Heraidus</strong></span> <span class='ocrx_word' id='word_1_478' title='bbox 1357 1436 1550 1514; x_wconf 88' lang='lat' dir='ltr'><strong>praesentarit</strong></span> <span class='ocrx_word' id='word_1_479' title='bbox 1571 1435 1671 1496; x_wconf 89' lang='lat' dir='ltr'><strong>literas</strong></span> 
     </span>
     <span class='ocr_line' id='line_1_69' title="bbox 885 1533 1672 1613; baseline 0.003 -21"><span class='ocrx_word' id='word_1_480' title='bbox 885 1533 1059 1613; x_wconf 88' lang='lat' dir='ltr'><strong>imperiales,</strong></span> <span class='ocrx_word' id='word_1_481' title='bbox 1079 1545 1109 1593; x_wconf 90' lang='lat' dir='ltr'><strong>et</strong></span> <span class='ocrx_word' id='word_1_482' title='bbox 1128 1534 1267 1613; x_wconf 77' lang='lat' dir='ltr'><strong>Regales3</strong></span> <span class='ocrx_word' id='word_1_483' title='bbox 1287 1545 1357 1594; x_wconf 89' lang='lat' dir='ltr'><strong>tunc</strong></span> <span class='ocrx_word' id='word_1_484' title='bbox 1372 1535 1553 1606; x_wconf 84' lang='lat' dir='ltr'><strong>recessimus,</strong></span> <span class='ocrx_word' id='word_1_485' title='bbox 1566 1545 1672 1596; x_wconf 81' lang='lat' dir='ltr'><strong>etus·</strong></span> 
     </span>
     <span class='ocr_line' id='line_1_70' title="bbox 884 1618 1673 1711; baseline 0.001 -18"><span class='ocrx_word' id='word_1_486' title='bbox 884 1650 941 1711; x_wconf 89' lang='lat' dir='ltr'><strong>que</strong></span> <span class='ocrx_word' id='word_1_487' title='bbox 962 1634 1038 1693; x_wconf 90' lang='lat' dir='ltr'><strong>iuter</strong></span> <span class='ocrx_word' id='word_1_488' title='bbox 1058 1618 1165 1693; x_wconf 90' lang='lat' dir='ltr'><strong>ostium</strong></span> <span class='ocrx_word' id='word_1_489' title='bbox 1187 1644 1216 1695; x_wconf 88' lang='lat' dir='ltr'><strong>et</strong></span> <span class='ocrx_word' id='word_1_490' title='bbox 1234 1634 1334 1695; x_wconf 86' lang='lat' dir='ltr'><strong>sedilia</strong></span> <span class='ocrx_word' id='word_1_491' title='bbox 1348 1635 1546 1696; x_wconf 84' lang='lat' dir='ltr'><strong>Cardinalium</strong></span> <span class='ocrx_word' id='word_1_492' title='bbox 1562 1635 1673 1695; x_wconf 78' lang='lat' dir='ltr'><strong>reversi</strong></span> 
     </span>
     <span class='ocr_line' id='line_1_71' title="bbox 884 1733 1675 1816; baseline 0.006 -24"><span class='ocrx_word' id='word_1_493' title='bbox 884 1751 998 1807; x_wconf 87' lang='lat' dir='ltr'><strong>sumus,</strong></span> <span class='ocrx_word' id='word_1_494' title='bbox 1016 1733 1066 1793; x_wconf 93' lang='lat' dir='ltr'><strong>ubi</strong></span> <span class='ocrx_word' id='word_1_495' title='bbox 1088 1734 1123 1793; x_wconf 94' lang='lat' dir='ltr'><strong>ad</strong></span> <span class='ocrx_word' id='word_1_496' title='bbox 1145 1734 1316 1797; x_wconf 87' lang='lat' dir='ltr'><strong>Pontificem</strong></span> <span class='ocrx_word' id='word_1_497' title='bbox 1336 1755 1439 1796; x_wconf 86' lang='lat' dir='ltr'><strong>versus</strong></span> <span class='ocrx_word' id='word_1_498' title='bbox 1460 1735 1675 1816; x_wconf 83' lang='lat' dir='ltr'><strong>genufleximus.</strong></span> 
     </span>
     <span class='ocr_line' id='line_1_72' title="bbox 884 1833 1676 1914; baseline 0.003 -20"><span class='ocrx_word' id='word_1_499' title='bbox 884 1833 1145 1894; x_wconf 77' lang='lat' dir='ltr'><strong>vicecancellarius</strong></span> <span class='ocrx_word' id='word_1_500' title='bbox 1173 1836 1286 1914; x_wconf 88' lang='lat' dir='ltr'><strong>accepit</strong></span> <span class='ocrx_word' id='word_1_501' title='bbox 1315 1836 1437 1909; x_wconf 90' lang='lat' dir='ltr'><strong>literas,</strong></span> <span class='ocrx_word' id='word_1_502' title='bbox 1463 1848 1492 1897; x_wconf 89' lang='lat' dir='ltr'><strong>ot</strong></span> <span class='ocrx_word' id='word_1_503' title='bbox 1518 1855 1566 1897; x_wconf 90' lang='lat' dir='ltr'><strong>eus</strong></span> <span class='ocrx_word' id='word_1_504' title='bbox 1598 1834 1676 1896; x_wconf 89' lang='lat' dir='ltr'><strong>dedit</strong></span> 
     </span>
     <span class='ocr_line' id='line_1_73' title="bbox 884 1932 1675 2014; baseline 0.003 -21"><span class='ocrx_word' id='word_1_505' title='bbox 884 1932 1073 2014; x_wconf 85' lang='lat' dir='ltr'><strong>Neapolitano</strong></span> <span class='ocrx_word' id='word_1_506' title='bbox 1098 1935 1253 2012; x_wconf 79' lang='lat' dir='ltr'><strong>legendas,</strong></span> <span class='ocrx_word' id='word_1_507' title='bbox 1274 1933 1477 2014; x_wconf 84' lang='lat' dir='ltr'><strong>Neapolitanus</strong></span> <span class='ocrx_word' id='word_1_508' title='bbox 1505 1934 1537 1996; x_wconf 84' lang='lat' dir='ltr'><strong>S.</strong></span> <span class='ocrx_word' id='word_1_509' title='bbox 1559 1935 1675 2008; x_wconf 88' lang='lat' dir='ltr'><strong>iliarci,</strong></span> 
     </span>
     <span class='ocr_line' id='line_1_74' title="bbox 883 2022 1678 2119; baseline 0 -26"><span class='ocrx_word' id='word_1_510' title='bbox 883 2043 913 2093; x_wconf 90' lang='lat' dir='ltr'><strong>et</strong></span> <span class='ocrx_word' id='word_1_511' title='bbox 933 2036 974 2094; x_wconf 92' lang='lat' dir='ltr'><strong>sic</strong></span> <span class='ocrx_word' id='word_1_512' title='bbox 996 2022 1192 2119; x_wconf 80' lang='lat' dir='ltr'><strong>perordinem</strong></span> <span class='ocrx_word' id='word_1_513' title='bbox 1208 2033 1290 2095; x_wconf 91' lang='lat' dir='ltr'><strong>datae</strong></span> <span class='ocrx_word' id='word_1_514' title='bbox 1306 2045 1374 2094; x_wconf 90' lang='lat' dir='ltr'><strong>sunt</strong></span> <span class='ocrx_word' id='word_1_515' title='bbox 1386 2052 1538 2112; x_wconf 88' lang='lat' dir='ltr'><strong>quousque</strong></span> <span class='ocrx_word' id='word_1_516' title='bbox 1556 2034 1593 2094; x_wconf 89' lang='lat' dir='ltr'><strong>ud</strong></span> <span class='ocrx_word' id='word_1_517' title='bbox 1607 2053 1678 2094; x_wconf 90' lang='lat' dir='ltr'><strong>ma·</strong></span> 
     </span>
     <span class='ocr_line' id='line_1_75' title="bbox 884 2133 1675 2213; baseline -0.001 -19"><span class='ocrx_word' id='word_1_518' title='bbox 884 2152 938 2194; x_wconf 91' lang='lat' dir='ltr'><strong>nus</strong></span> <span class='ocrx_word' id='word_1_519' title='bbox 960 2133 1102 2207; x_wconf 80' lang='lat' dir='ltr'><strong>Senensis3</strong></span> <span class='ocrx_word' id='word_1_520' title='bbox 1125 2134 1200 2211; x_wconf 92' lang='lat' dir='ltr'><strong>qui,</strong></span> <span class='ocrx_word' id='word_1_521' title='bbox 1222 2144 1311 2213; x_wconf 87' lang='lat' dir='ltr'><strong>caput</strong></span> <span class='ocrx_word' id='word_1_522' title='bbox 1329 2144 1357 2196; x_wconf 91' lang='lat' dir='ltr'><strong>et</strong></span> <span class='ocrx_word' id='word_1_523' title='bbox 1378 2134 1460 2213; x_wconf 91' lang='lat' dir='ltr'><strong>prior</strong></span> <span class='ocrx_word' id='word_1_524' title='bbox 1479 2135 1675 2195; x_wconf 90' lang='lat' dir='ltr'><strong>Diaconorum</strong></span> 
     </span>
     <span class='ocr_line' id='line_1_76' title="bbox 882 2235 1676 2314; baseline -0.001 -18"><span class='ocrx_word' id='word_1_525' title='bbox 882 2235 1100 2306; x_wconf 82' lang='lat' dir='ltr'><strong>Cardinulium,</strong></span> <span class='ocrx_word' id='word_1_526' title='bbox 1121 2235 1184 2295; x_wconf 91' lang='lat' dir='ltr'><strong>illas</strong></span> <span class='ocrx_word' id='word_1_527' title='bbox 1205 2235 1303 2295; x_wconf 86' lang='lat' dir='ltr'><strong>literas</strong></span> <span class='ocrx_word' id='word_1_528' title='bbox 1322 2235 1458 2313; x_wconf 88' lang='lat' dir='ltr'><strong>aperuit,</strong></span> <span class='ocrx_word' id='word_1_529' title='bbox 1486 2244 1516 2295; x_wconf 89' lang='lat' dir='ltr'><strong>et</strong></span> <span class='ocrx_word' id='word_1_530' title='bbox 1537 2243 1676 2314; x_wconf 87' lang='lat' dir='ltr'><strong>cooperto</strong></span> 
     </span>
     <span class='ocr_line' id='line_1_77' title="bbox 884 2333 1675 2417; baseline -0.001 -23"><span class='ocrx_word' id='word_1_531' title='bbox 884 2336 978 2414; x_wconf 91' lang='lat' dir='ltr'><strong>capite</strong></span> <span class='ocrx_word' id='word_1_532' title='bbox 999 2334 1099 2396; x_wconf 89' lang='lat' dir='ltr'><strong>sedens</strong></span> <span class='ocrx_word' id='word_1_533' title='bbox 1118 2335 1198 2417; x_wconf 77' lang='lat' dir='ltr'><strong>legit,</strong></span> <span class='ocrx_word' id='word_1_534' title='bbox 1210 2334 1292 2396; x_wconf 89' lang='lat' dir='ltr'><strong>nobis</strong></span> <span class='ocrx_word' id='word_1_535' title='bbox 1314 2335 1461 2395; x_wconf 88' lang='lat' dir='ltr'><strong>continuo·</strong></span> <span class='ocrx_word' id='word_1_536' title='bbox 1475 2352 1567 2413; x_wconf 88' lang='lat' dir='ltr'><strong>usque</strong></span> <span class='ocrx_word' id='word_1_537' title='bbox 1581 2334 1618 2394; x_wconf 91' lang='lat' dir='ltr'><strong>ad</strong></span> <span class='ocrx_word' id='word_1_538' title='bbox 1636 2333 1675 2393; x_wconf 90' lang='lat' dir='ltr'><strong>u·</strong></span> 
     </span>
     <span class='ocr_line' id='line_1_78' title="bbox 885 2433 1675 2514; baseline -0.001 -19"><span class='ocrx_word' id='word_1_539' title='bbox 885 2454 949 2496; x_wconf 92' lang='lat' dir='ltr'><strong>nem</strong></span> <span class='ocrx_word' id='word_1_540' title='bbox 988 2437 1118 2496; x_wconf 89' lang='lat' dir='ltr'><strong>iecturae</strong></span> <span class='ocrx_word' id='word_1_541' title='bbox 1143 2434 1421 2514; x_wconf 57' lang='lat' dir='ltr'><strong>genuflectentibus.</strong></span> <span class='ocrx_word' id='word_1_542' title='bbox 1452 2433 1549 2496; x_wconf 84' lang='lat' dir='ltr'><strong>Lectis</strong></span> <span class='ocrx_word' id='word_1_543' title='bbox 1582 2435 1675 2497; x_wconf 89' lang='lat' dir='ltr'><strong>literis</strong></span> 
     </span>
     <span class='ocr_line' id='line_1_79' title="bbox 885 2534 1675 2615; baseline 0.001 -22"><span class='ocrx_word' id='word_1_544' title='bbox 885 2534 940 2595; x_wconf 86' lang='lat' dir='ltr'><strong>SS.</strong></span> <span class='ocrx_word' id='word_1_545' title='bbox 963 2535 999 2594; x_wconf 90' lang='lat' dir='ltr'><strong>D.</strong></span> <span class='ocrx_word' id='word_1_546' title='bbox 1021 2534 1055 2595; x_wconf 94' lang='grc' dir='ltr'><strong>Ν.</strong></span> <span class='ocrx_word' id='word_1_547' title='bbox 1077 2535 1159 2594; x_wconf 89' lang='lat' dir='ltr'><strong>nobis</strong></span> <span class='ocrx_word' id='word_1_548' title='bbox 1189 2535 1260 2595; x_wconf 82' lang='lat' dir='ltr'><strong>dixit</strong></span> <span class='ocrx_word' id='word_1_549' title='bbox 1280 2534 1359 2613; x_wconf 91' lang='lat' dir='ltr'><strong>quod</strong></span> <span class='ocrx_word' id='word_1_550' title='bbox 1379 2553 1467 2615; x_wconf 89' lang='lat' dir='ltr'><strong>super</strong></span> <span class='ocrx_word' id='word_1_551' title='bbox 1499 2535 1675 2597; x_wconf 85' lang='lat' dir='ltr'><strong>curatiuentia</strong></span> 
     </span>
     <span class='ocr_line' id='line_1_80' title="bbox 884 2634 1675 2699; baseline 0.003 -2"><span class='ocrx_word' id='word_1_552' title='bbox 884 2637 1036 2697; x_wconf 92' lang='lat' dir='ltr'><strong>literarum</strong></span> <span class='ocrx_word' id='word_1_553' title='bbox 1058 2653 1126 2696; x_wconf 92' lang='lat' dir='ltr'><strong>cum</strong></span> <span class='ocrx_word' id='word_1_554' title='bbox 1148 2635 1291 2694; x_wconf 87' lang='lat' dir='ltr'><strong>iratribus</strong></span> <span class='ocrx_word' id='word_1_555' title='bbox 1311 2636 1371 2695; x_wconf 92' lang='lat' dir='ltr'><strong>suis</strong></span> <span class='ocrx_word' id='word_1_556' title='bbox 1396 2634 1600 2696; x_wconf 80' lang='lat' dir='ltr'><strong>cardinalibus</strong></span> <span class='ocrx_word' id='word_1_557' title='bbox 1621 2635 1675 2699; x_wconf 89' lang='lat' dir='ltr'><strong>de·</strong></span> 
     </span>
     <span class='ocr_line' id='line_1_81' title="bbox 884 2735 1678 2815; baseline 0.003 -19"><span class='ocrx_word' id='word_1_558' title='bbox 884 2737 1060 2797; x_wconf 88' lang='lat' dir='ltr'><strong>liberaturus</strong></span> <span class='ocrx_word' id='word_1_559' title='bbox 1083 2746 1179 2806; x_wconf 91' lang='lat' dir='ltr'><strong>esset,</strong></span> <span class='ocrx_word' id='word_1_560' title='bbox 1196 2745 1226 2795; x_wconf 90' lang='lat' dir='ltr'><strong>et</strong></span> <span class='ocrx_word' id='word_1_561' title='bbox 1250 2754 1419 2815; x_wconf 88' lang='lat' dir='ltr'><strong>responsum</strong></span> <span class='ocrx_word' id='word_1_562' title='bbox 1441 2735 1581 2797; x_wconf 88' lang='lat' dir='ltr'><strong>daturus:</strong></span> <span class='ocrx_word' id='word_1_563' title='bbox 1604 2748 1678 2798; x_wconf 81' lang='lat' dir='ltr'><strong>tunc¹</strong></span> 
     </span>
     <span class='ocr_line' id='line_1_82' title="bbox 884 2834 1675 2908; baseline -0.001 -12"><span class='ocrx_word' id='word_1_564' title='bbox 884 2835 1045 2896; x_wconf 79' lang='lat' dir='ltr'><strong>exivimus.</strong></span> <span class='ocrx_word' id='word_1_565' title='bbox 1083 2834 1198 2897; x_wconf 83' lang='lat' dir='ltr'><strong>Literae</strong></span> <span class='ocrx_word' id='word_1_566' title='bbox 1233 2836 1332 2897; x_wconf 90' lang='lat' dir='ltr'><strong>eadem</strong></span> <span class='ocrx_word' id='word_1_567' title='bbox 1366 2837 1427 2898; x_wconf 90' lang='lat' dir='ltr'><strong>iere</strong></span> <span class='ocrx_word' id='word_1_568' title='bbox 1466 2835 1675 2908; x_wconf 89' lang='lat' dir='ltr'><strong>continebant,</strong></span> 
     </span>
     <span class='ocr_line' id='line_1_83' title="bbox 885 2935 1674 3016; baseline 0 -20"><span class='ocrx_word' id='word_1_569' title='bbox 885 2956 958 3014; x_wconf 91' lang='lat' dir='ltr'><strong>qnae</strong></span> <span class='ocrx_word' id='word_1_570' title='bbox 986 2947 1015 2996; x_wconf 86' lang='lat' dir='ltr'><strong>et</strong></span> <span class='ocrx_word' id='word_1_571' title='bbox 1050 2936 1125 2999; x_wconf 89' lang='lat' dir='ltr'><strong>aliue</strong></span> <span class='ocrx_word' id='word_1_572' title='bbox 1146 2936 1295 3016; x_wconf 88' lang='lat' dir='ltr'><strong>praedicto</strong></span> <span class='ocrx_word' id='word_1_573' title='bbox 1320 2935 1375 2998; x_wconf 85' lang='lat' dir='ltr'><strong>SS.</strong></span> <span class='ocrx_word' id='word_1_574' title='bbox 1403 2937 1438 2996; x_wconf 93' lang='lat' dir='ltr'><strong>D.</strong></span> <span class='ocrx_word' id='word_1_575' title='bbox 1473 2935 1506 2996; x_wconf 96' lang='grc' dir='ltr'><strong>Ν.</strong></span> <span class='ocrx_word' id='word_1_576' title='bbox 1531 2953 1674 3016; x_wconf 88' lang='lat' dir='ltr'><strong>praeseu-</strong></span> 
     </span>
     <span class='ocr_line' id='line_1_84' title="bbox 887 3049 970 3098; baseline -0.012 -1"><span class='ocrx_word' id='word_1_577' title='bbox 887 3049 970 3098; x_wconf 88' lang='lat' dir='ltr'><strong>tutae.</strong></span> 
     </span>
    </p>

    <p class='ocr_par' dir='ltr' id='par_1_9' title="bbox 882 3137 1676 4622">
     <span class='ocr_line' id='line_1_85' title="bbox 926 3137 1670 3218; baseline 0.001 -21"><span class='ocrx_word' id='word_1_578' title='bbox 926 3139 1087 3209; x_wconf 91' lang='lat' dir='ltr'><strong>Dominica,</strong></span> <span class='ocrx_word' id='word_1_579' title='bbox 1110 3137 1158 3198; x_wconf 85' lang='lat' dir='ltr'><strong>tt.</strong></span> <span class='ocrx_word' id='word_1_580' title='bbox 1181 3137 1249 3199; x_wconf 89' lang='lat' dir='ltr'><strong>dicti</strong></span> <span class='ocrx_word' id='word_1_581' title='bbox 1279 3139 1383 3200; x_wconf 89' lang='lat' dir='ltr'><strong>mensis</strong></span> <span class='ocrx_word' id='word_1_582' title='bbox 1401 3137 1546 3218; x_wconf 89' lang='lat' dir='ltr'><strong>junuarii,</strong></span> <span class='ocrx_word' id='word_1_583' title='bbox 1566 3138 1670 3199; x_wconf 76' lang='lat' dir='ltr'><strong>iustum</strong></span> 
     </span>
     <span class='ocr_line' id='line_1_86' title="bbox 887 3239 1676 3320; baseline -0.003 -19"><span class='ocrx_word' id='word_1_584' title='bbox 887 3241 918 3301; x_wconf 87' lang='lat' dir='ltr'><strong>S.</strong></span> <span class='ocrx_word' id='word_1_585' title='bbox 940 3240 1037 3310; x_wconf 88' lang='lat' dir='ltr'><strong>Pauli,</strong></span> <span class='ocrx_word' id='word_1_586' title='bbox 1058 3240 1094 3300; x_wconf 86' lang='lat' dir='ltr'><strong>it.</strong></span> <span class='ocrx_word' id='word_1_587' title='bbox 1115 3240 1149 3299; x_wconf 87' lang='lat' dir='ltr'><strong>P.</strong></span> <span class='ocrx_word' id='word_1_588' title='bbox 1166 3239 1201 3300; x_wconf 88' lang='lat' dir='ltr'><strong>D.</strong></span> <span class='ocrx_word' id='word_1_589' title='bbox 1221 3239 1365 3301; x_wconf 89' lang='lat' dir='ltr'><strong>Jobannes</strong></span> <span class='ocrx_word' id='word_1_590' title='bbox 1386 3240 1537 3320; x_wconf 88' lang='lat' dir='ltr'><strong>episcopus</strong></span> <span class='ocrx_word' id='word_1_591' title='bbox 1558 3239 1676 3300; x_wconf 85' lang='lat' dir='ltr'><strong>Torna-</strong></span> 
     </span>
     <span class='ocr_line' id='line_1_87' title="bbox 886 3338 1672 3419; baseline -0.003 -17"><span class='ocrx_word' id='word_1_592' title='bbox 886 3342 976 3402; x_wconf 88' lang='lat' dir='ltr'><strong>censis</strong></span> <span class='ocrx_word' id='word_1_593' title='bbox 999 3340 1052 3400; x_wconf 88' lang='lat' dir='ltr'><strong>SS.</strong></span> <span class='ocrx_word' id='word_1_594' title='bbox 1073 3340 1109 3399; x_wconf 89' lang='lat' dir='ltr'><strong>D.</strong></span> <span class='ocrx_word' id='word_1_595' title='bbox 1126 3338 1160 3400; x_wconf 91' lang='grc' dir='ltr'><strong>Ν.</strong></span> <span class='ocrx_word' id='word_1_596' title='bbox 1180 3340 1319 3419; x_wconf 83' lang='lat' dir='ltr'><strong>Magister</strong></span> <span class='ocrx_word' id='word_1_597' title='bbox 1330 3341 1453 3414; x_wconf 87' lang='lat' dir='ltr'><strong>Domus,</strong></span> <span class='ocrx_word' id='word_1_598' title='bbox 1475 3361 1510 3403; x_wconf 81' lang='lat' dir='ltr'><strong>ea</strong></span> <span class='ocrx_word' id='word_1_599' title='bbox 1532 3340 1672 3402; x_wconf 90' lang='lat' dir='ltr'><strong>commis·</strong></span> 
     </span>
     <span class='ocr_line' id='line_1_88' title="bbox 885 3441 1674 3522; baseline 0 -20"><span class='ocrx_word' id='word_1_600' title='bbox 885 3444 961 3504; x_wconf 88' lang='lat' dir='ltr'><strong>sione</strong></span> <span class='ocrx_word' id='word_1_601' title='bbox 973 3443 1027 3502; x_wconf 86' lang='lat' dir='ltr'><strong>SS.</strong></span> <span class='ocrx_word' id='word_1_602' title='bbox 1048 3442 1083 3501; x_wconf 89' lang='lat' dir='ltr'><strong>D.</strong></span> <span class='ocrx_word' id='word_1_603' title='bbox 1100 3441 1133 3502; x_wconf 95' lang='grc' dir='ltr'><strong>Ν.</strong></span> <span class='ocrx_word' id='word_1_604' title='bbox 1150 3441 1267 3504; x_wconf 88' lang='lat' dir='ltr'><strong>donarit</strong></span> <span class='ocrx_word' id='word_1_605' title='bbox 1278 3444 1407 3504; x_wconf 87' lang='lat' dir='ltr'><strong>Heruido</strong></span> <span class='ocrx_word' id='word_1_606' title='bbox 1426 3444 1576 3522; x_wconf 87' lang='lat' dir='ltr'><strong>praedicto</strong></span> <span class='ocrx_word' id='word_1_607' title='bbox 1588 3461 1674 3503; x_wconf 91' lang='lat' dir='ltr'><strong>uuam</strong></span> 
     </span>
     <span class='ocr_line' id='line_1_89' title="bbox 887 3542 1674 3627; baseline 0.003 -26"><span class='ocrx_word' id='word_1_608' title='bbox 887 3552 994 3603; x_wconf 85' lang='lat' dir='ltr'><strong>restent</strong></span> <span class='ocrx_word' id='word_1_609' title='bbox 1015 3542 1130 3622; x_wconf 79' lang='lat' dir='ltr'><strong>longam</strong></span> <span class='ocrx_word' id='word_1_610' title='bbox 1153 3543 1303 3627; x_wconf 81' lang='lat' dir='ltr'><strong>usquead</strong></span> <span class='ocrx_word' id='word_1_611' title='bbox 1325 3555 1444 3615; x_wconf 89' lang='lat' dir='ltr'><strong>terram,</strong></span> <span class='ocrx_word' id='word_1_612' title='bbox 1457 3545 1503 3605; x_wconf 90' lang='lat' dir='ltr'><strong>vel</strong></span> <span class='ocrx_word' id='word_1_613' title='bbox 1519 3543 1615 3621; x_wconf 88' lang='lat' dir='ltr'><strong>quasi,</strong></span> <span class='ocrx_word' id='word_1_614' title='bbox 1639 3562 1674 3604; x_wconf 84' lang='lat' dir='ltr'><strong>ex</strong></span> 
     </span>
     <span class='ocr_line' id='line_1_90' title="bbox 884 3642 1672 3721; baseline 0.001 -20"><span class='ocrx_word' id='word_1_615' title='bbox 884 3642 1008 3702; x_wconf 89' lang='lat' dir='ltr'><strong>brucato</strong></span> <span class='ocrx_word' id='word_1_616' title='bbox 1017 3660 1107 3702; x_wconf 89' lang='lat' dir='ltr'><strong>aureo</strong></span> <span class='ocrx_word' id='word_1_617' title='bbox 1122 3642 1280 3716; x_wconf 86' lang='lat' dir='ltr'><strong>remisticn,</strong></span> <span class='ocrx_word' id='word_1_618' title='bbox 1292 3643 1415 3721; x_wconf 89' lang='lat' dir='ltr'><strong>pellibus</strong></span> <span class='ocrx_word' id='word_1_619' title='bbox 1426 3645 1553 3703; x_wconf 92' lang='lat' dir='ltr'><strong>marturi</strong></span> <span class='ocrx_word' id='word_1_620' title='bbox 1565 3642 1672 3702; x_wconf 88' lang='lat' dir='ltr'><strong>suliul-</strong></span> 
     </span>
     <span class='ocr_line' id='line_1_91' title="bbox 886 3732 1673 3821; baseline 0.001 -20"><span class='ocrx_word' id='word_1_621' title='bbox 886 3743 997 3814; x_wconf 88' lang='lat' dir='ltr'><strong>tu,duc.</strong></span> <span class='ocrx_word' id='word_1_622' title='bbox 1006 3740 1055 3803; x_wconf 89' lang='grc'><strong>60.</strong></span> <span class='ocrx_word' id='word_1_623' title='bbox 1063 3760 1209 3821; x_wconf 82' lang='lat' dir='ltr'><strong>expensae,</strong></span> <span class='ocrx_word' id='word_1_624' title='bbox 1217 3753 1250 3801; x_wconf 94' lang='lat' dir='ltr'><strong>ut</strong></span> <span class='ocrx_word' id='word_1_625' title='bbox 1260 3743 1436 3815; x_wconf 72' lang='lat' dir='ltr'><strong>asserebam</strong></span> <span class='ocrx_word' id='word_1_626' title='bbox 1447 3743 1495 3803; x_wconf 90' lang='lat' dir='ltr'><strong>sed</strong></span> <span class='ocrx_word' id='word_1_627' title='bbox 1508 3760 1563 3803; x_wconf 91' lang='lat' dir='ltr'><strong>non</strong></span> <span class='ocrx_word' id='word_1_628' title='bbox 1575 3732 1673 3814; x_wconf 81' lang='lat' dir='ltr'><strong>credo,</strong></span> 
     </span>
     <span class='ocr_line' id='line_1_92' title="bbox 885 3841 1673 3904; baseline -0.003 -2"><span class='ocrx_word' id='word_1_629' title='bbox 885 3861 953 3903; x_wconf 91' lang='lat' dir='ltr'><strong>cnm</strong></span> <span class='ocrx_word' id='word_1_630' title='bbox 974 3841 1010 3901; x_wconf 90' lang='lat' dir='ltr'><strong>D.</strong></span> <span class='ocrx_word' id='word_1_631' title='bbox 1032 3841 1230 3904; x_wconf 79' lang='lat' dir='ltr'><strong>bernardinus</strong></span> <span class='ocrx_word' id='word_1_632' title='bbox 1251 3841 1404 3904; x_wconf 88' lang='lat' dir='ltr'><strong>Gamberia</strong></span> <span class='ocrx_word' id='word_1_633' title='bbox 1436 3854 1565 3904; x_wconf 88' lang='lat' dir='ltr'><strong>secretus</strong></span> <span class='ocrx_word' id='word_1_634' title='bbox 1586 3841 1673 3903; x_wconf 91' lang='lat' dir='ltr'><strong>cubi·</strong></span> 
     </span>
     <span class='ocr_line' id='line_1_93' title="bbox 885 3938 1672 4021; baseline 0.003 -19"><span class='ocrx_word' id='word_1_635' title='bbox 885 3944 1014 4003; x_wconf 91' lang='lat' dir='ltr'><strong>cularius</strong></span> <span class='ocrx_word' id='word_1_636' title='bbox 1035 3942 1109 4002; x_wconf 82' lang='lat' dir='ltr'><strong>milri</strong></span> <span class='ocrx_word' id='word_1_637' title='bbox 1132 3942 1242 4003; x_wconf 90' lang='lat' dir='ltr'><strong>diceret</strong></span> <span class='ocrx_word' id='word_1_638' title='bbox 1264 3961 1319 4020; x_wconf 93' lang='lat' dir='ltr'><strong>pro</strong></span> <span class='ocrx_word' id='word_1_639' title='bbox 1348 3953 1425 4003; x_wconf 85' lang='lat' dir='ltr'><strong>veste</strong></span> <span class='ocrx_word' id='word_1_640' title='bbox 1448 3943 1531 4021; x_wconf 90' lang='lat' dir='ltr'><strong>ipsa,</strong></span> <span class='ocrx_word' id='word_1_641' title='bbox 1551 3953 1580 4004; x_wconf 90' lang='lat' dir='ltr'><strong>ct</strong></span> <span class='ocrx_word' id='word_1_642' title='bbox 1607 3938 1672 4017; x_wconf 82' lang='lat' dir='ltr'><strong>ejus</strong></span> 
     </span>
     <span class='ocr_line' id='line_1_94' title="bbox 884 4040 1673 4121; baseline 0.001 -21"><span class='ocrx_word' id='word_1_643' title='bbox 884 4040 1083 4114; x_wconf 83' lang='lat' dir='ltr'><strong>subductum,</strong></span> <span class='ocrx_word' id='word_1_644' title='bbox 1103 4042 1169 4102; x_wconf 85' lang='lat' dir='ltr'><strong>duc.</strong></span> <span class='ocrx_word' id='word_1_645' title='bbox 1197 4053 1315 4101; x_wconf 89' lang='lat' dir='ltr'><strong>centum</strong></span> <span class='ocrx_word' id='word_1_646' title='bbox 1348 4060 1408 4102; x_wconf 88' lang='lat' dir='ltr'><strong>esse</strong></span> <span class='ocrx_word' id='word_1_647' title='bbox 1428 4058 1583 4121; x_wconf 79' lang='lat' dir='ltr'><strong>expensos3</strong></span> <span class='ocrx_word' id='word_1_648' title='bbox 1617 4059 1673 4118; x_wconf 94' lang='lat' dir='ltr'><strong>qua</strong></span> 
     </span>
     <span class='ocr_line' id='line_1_95' title="bbox 886 4139 1673 4213; baseline -0.003 -11"><span class='ocrx_word' id='word_1_649' title='bbox 886 4152 963 4202; x_wconf 88' lang='lat' dir='ltr'><strong>veste</strong></span> <span class='ocrx_word' id='word_1_650' title='bbox 975 4141 1049 4202; x_wconf 92' lang='lat' dir='ltr'><strong>idem</strong></span> <span class='ocrx_word' id='word_1_651' title='bbox 1070 4140 1214 4200; x_wconf 88' lang='lat' dir='ltr'><strong>Heraldus</strong></span> <span class='ocrx_word' id='word_1_652' title='bbox 1228 4139 1360 4200; x_wconf 88' lang='lat' dir='ltr'><strong>adstatirn</strong></span> <span class='ocrx_word' id='word_1_653' title='bbox 1381 4141 1500 4201; x_wconf 89' lang='lat' dir='ltr'><strong>indutus</strong></span> <span class='ocrx_word' id='word_1_654' title='bbox 1520 4151 1573 4213; x_wconf 91' lang='lat' dir='ltr'><strong>est,</strong></span> <span class='ocrx_word' id='word_1_655' title='bbox 1591 4151 1621 4202; x_wconf 88' lang='lat' dir='ltr'><strong>ct</strong></span> <span class='ocrx_word' id='word_1_656' title='bbox 1643 4141 1673 4200; x_wconf 94' lang='lat' dir='ltr'><strong>in</strong></span> 
     </span>
     <span class='ocr_line' id='line_1_96' title="bbox 883 4240 1673 4319; baseline 0.001 -18"><span class='ocrx_word' id='word_1_657' title='bbox 883 4260 928 4315; x_wconf 86' lang='lat' dir='ltr'><strong>eu,</strong></span> <span class='ocrx_word' id='word_1_658' title='bbox 949 4242 979 4301; x_wconf 95' lang='lat' dir='ltr'><strong>in</strong></span> <span class='ocrx_word' id='word_1_659' title='bbox 1004 4241 1122 4301; x_wconf 86' lang='lat' dir='ltr'><strong>basilica</strong></span> <span class='ocrx_word' id='word_1_660' title='bbox 1145 4240 1176 4300; x_wconf 86' lang='lat' dir='ltr'><strong>S.</strong></span> <span class='ocrx_word' id='word_1_661' title='bbox 1199 4240 1280 4302; x_wconf 89' lang='lat' dir='ltr'><strong>Petri</strong></span> <span class='ocrx_word' id='word_1_662' title='bbox 1301 4240 1420 4319; x_wconf 80' lang='lat' dir='ltr'><strong>Missam</strong></span> <span class='ocrx_word' id='word_1_663' title='bbox 1448 4240 1573 4301; x_wconf 88' lang='lat' dir='ltr'><strong>audivit.</strong></span> <span class='ocrx_word' id='word_1_664' title='bbox 1597 4242 1673 4302; x_wconf 87' lang='lat' dir='ltr'><strong>Vul-</strong></span> 
     </span>
     <span class='ocr_line' id='line_1_97' title="bbox 884 4340 1673 4422; baseline 0.003 -20"><span class='ocrx_word' id='word_1_665' title='bbox 884 4351 948 4402; x_wconf 92' lang='lat' dir='ltr'><strong>tum</strong></span> <span class='ocrx_word' id='word_1_666' title='bbox 970 4340 1111 4401; x_wconf 90' lang='lat' dir='ltr'><strong>Sauctum</strong></span> <span class='ocrx_word' id='word_1_667' title='bbox 1142 4341 1284 4415; x_wconf 92' lang='lat' dir='ltr'><strong>Domini,</strong></span> <span class='ocrx_word' id='word_1_668' title='bbox 1311 4343 1361 4420; x_wconf 91' lang='lat' dir='ltr'><strong>qui</strong></span> <span class='ocrx_word' id='word_1_669' title='bbox 1393 4344 1528 4403; x_wconf 89' lang='lat' dir='ltr'><strong>omnibus</strong></span> <span class='ocrx_word' id='word_1_670' title='bbox 1556 4342 1673 4422; x_wconf 89' lang='lat' dir='ltr'><strong>publice</strong></span> 
     </span>
     <span class='ocr_line' id='line_1_98' title="bbox 883 4442 1673 4524; baseline 0.001 -20"><span class='ocrx_word' id='word_1_671' title='bbox 883 4452 1012 4504; x_wconf 88' lang='lat' dir='ltr'><strong>ostensus</strong></span> <span class='ocrx_word' id='word_1_672' title='bbox 1032 4453 1086 4516; x_wconf 91' lang='lat' dir='ltr'><strong>est,</strong></span> <span class='ocrx_word' id='word_1_673' title='bbox 1109 4442 1193 4514; x_wconf 83' lang='lat' dir='ltr'><strong>sidit,</strong></span> <span class='ocrx_word' id='word_1_674' title='bbox 1215 4442 1315 4505; x_wconf 92' lang='lat' dir='ltr'><strong>deinde</strong></span> <span class='ocrx_word' id='word_1_675' title='bbox 1337 4443 1455 4505; x_wconf 91' lang='lat' dir='ltr'><strong>domum</strong></span> <span class='ocrx_word' id='word_1_676' title='bbox 1478 4445 1632 4524; x_wconf 89' lang='lat' dir='ltr'><strong>equitavit,</strong></span> <span class='ocrx_word' id='word_1_677' title='bbox 1644 4455 1673 4507; x_wconf 89' lang='lat' dir='ltr'><strong>et</strong></span> 
     </span>
     <span class='ocr_line' id='line_1_99' title="bbox 882 4543 1506 4622; baseline 0.005 -19"><span class='ocrx_word' id='word_1_678' title='bbox 882 4562 900 4603; x_wconf 90' lang='lat' dir='ltr'><strong>a</strong></span> <span class='ocrx_word' id='word_1_679' title='bbox 921 4543 1088 4604; x_wconf 82' lang='lat' dir='ltr'><strong>diarchione</strong></span> <span class='ocrx_word' id='word_1_680' title='bbox 1107 4544 1254 4622; x_wconf 88' lang='lat' dir='ltr'><strong>praedicto</strong></span> <span class='ocrx_word' id='word_1_681' title='bbox 1276 4545 1434 4606; x_wconf 88' lang='lat' dir='ltr'><strong>associatus</strong></span> <span class='ocrx_word' id='word_1_682' title='bbox 1453 4556 1506 4606; x_wconf 88' lang='lat' dir='ltr'><strong>est.</strong></span> 
     </span>
    </p>

    <p class='ocr_par' dir='ltr' id='par_1_10' title="bbox 882 4642 1673 5220">
     <span class='ocr_line' id='line_1_100' title="bbox 924 4642 1672 4724; baseline 0 -20"><span class='ocrx_word' id='word_1_683' title='bbox 924 4645 1008 4705; x_wconf 82' lang='lat' dir='ltr'><strong>Feriu</strong></span> <span class='ocrx_word' id='word_1_684' title='bbox 1027 4645 1123 4713; x_wconf 91' lang='lat' dir='ltr'><strong>tertia,</strong></span> <span class='ocrx_word' id='word_1_685' title='bbox 1137 4643 1193 4704; x_wconf 85' lang='grc'><strong>49.</strong></span> <span class='ocrx_word' id='word_1_686' title='bbox 1208 4643 1278 4705; x_wconf 91' lang='lat' dir='ltr'><strong>dicti</strong></span> <span class='ocrx_word' id='word_1_687' title='bbox 1301 4647 1405 4706; x_wconf 89' lang='lat' dir='ltr'><strong>mensis</strong></span> <span class='ocrx_word' id='word_1_688' title='bbox 1423 4642 1562 4720; x_wconf 87' lang='lat' dir='ltr'><strong>janttarii,</strong></span> <span class='ocrx_word' id='word_1_689' title='bbox 1584 4662 1672 4724; x_wconf 87' lang='lat' dir='ltr'><strong>prae·</strong></span> 
     </span>
     <span class='ocr_line' id='line_1_101' title="bbox 883 4743 1673 4825; baseline -0.003 -21"><span class='ocrx_word' id='word_1_690' title='bbox 883 4746 977 4805; x_wconf 89' lang='lat' dir='ltr'><strong>dictus</strong></span> <span class='ocrx_word' id='word_1_691' title='bbox 998 4743 1141 4805; x_wconf 87' lang='lat' dir='ltr'><strong>Heraldus</strong></span> <span class='ocrx_word' id='word_1_692' title='bbox 1162 4746 1303 4823; x_wconf 77' lang='lat' dir='ltr'><strong>equitavit</strong></span> <span class='ocrx_word' id='word_1_693' title='bbox 1324 4745 1473 4825; x_wconf 87' lang='lat' dir='ltr'><strong>Neapolim</strong></span> <span class='ocrx_word' id='word_1_694' title='bbox 1495 4763 1563 4805; x_wconf 93' lang='lat' dir='ltr'><strong>cum</strong></span> <span class='ocrx_word' id='word_1_695' title='bbox 1579 4743 1673 4804; x_wconf 88' lang='lat' dir='ltr'><strong>literis</strong></span> 
     </span>
     <span class='ocr_line' id='line_1_102' title="bbox 883 4844 1671 4925; baseline -0.004 -20"><span class='ocrx_word' id='word_1_696' title='bbox 883 4846 1071 4925; x_wconf 86' lang='lat' dir='ltr'><strong>imperatoris</strong></span> <span class='ocrx_word' id='word_1_697' title='bbox 1092 4854 1120 4906; x_wconf 93' lang='lat' dir='ltr'><strong>et</strong></span> <span class='ocrx_word' id='word_1_698' title='bbox 1147 4844 1236 4923; x_wconf 84' lang='lat' dir='ltr'><strong>Regis</strong></span> <span class='ocrx_word' id='word_1_699' title='bbox 1258 4845 1481 4917; x_wconf 86' lang='lat' dir='ltr'><strong>Romanorum,</strong></span> <span class='ocrx_word' id='word_1_700' title='bbox 1502 4863 1536 4906; x_wconf 89' lang='lat' dir='ltr'><strong>ac</strong></span> <span class='ocrx_word' id='word_1_701' title='bbox 1557 4844 1671 4904; x_wconf 78' lang='lat' dir='ltr'><strong>Alberti</strong></span> 
     </span>
     <span class='ocr_line' id='line_1_103' title="bbox 883 4943 1672 5033; baseline -0.003 -28"><span class='ocrx_word' id='word_1_702' title='bbox 883 4946 973 5007; x_wconf 91' lang='lat' dir='ltr'><strong>Ducis</strong></span> <span class='ocrx_word' id='word_1_703' title='bbox 993 4945 1146 5017; x_wconf 75' lang='lat' dir='ltr'><strong>Baras-lue,</strong></span> <span class='ocrx_word' id='word_1_704' title='bbox 1168 4946 1204 5033; x_wconf 85' lang='lat' dir='ltr'><strong>ud</strong></span> <span class='ocrx_word' id='word_1_705' title='bbox 1224 4945 1333 5025; x_wconf 82' lang='lat' dir='ltr'><strong>Regem</strong></span> <span class='ocrx_word' id='word_1_706' title='bbox 1355 4945 1582 5024; x_wconf 84' lang='lat' dir='ltr'><strong>Neapolitanum.</strong></span> <span class='ocrx_word' id='word_1_707' title='bbox 1597 4943 1672 5006; x_wconf 84' lang='lat' dir='ltr'><strong>Cum</strong></span> 
     </span>
     <span class='ocr_line' id='line_1_104' title="bbox 882 5044 1672 5123; baseline -0.004 -15"><span class='ocrx_word' id='word_1_708' title='bbox 882 5066 916 5108; x_wconf 90' lang='lat' dir='ltr'><strong>eo</strong></span> <span class='ocrx_word' id='word_1_709' title='bbox 937 5048 1106 5123; x_wconf 91' lang='lat' dir='ltr'><strong>equitarunt</strong></span> <span class='ocrx_word' id='word_1_710' title='bbox 1128 5045 1163 5105; x_wconf 89' lang='grc' dir='ltr'><strong>Ι).</strong></span> <span class='ocrx_word' id='word_1_711' title='bbox 1189 5044 1324 5106; x_wconf 84' lang='lat' dir='ltr'><strong>Nicoluus</strong></span> <span class='ocrx_word' id='word_1_712' title='bbox 1346 5045 1536 5117; x_wconf 86' lang='lat' dir='ltr'><strong>Berebeusis,</strong></span> <span class='ocrx_word' id='word_1_713' title='bbox 1555 5054 1584 5106; x_wconf 90' lang='lat' dir='ltr'><strong>ei</strong></span> <span class='ocrx_word' id='word_1_714' title='bbox 1612 5044 1672 5105; x_wconf 90' lang='lat' dir='ltr'><strong>dno</strong></span> 
     </span>
     <span class='ocr_line' id='line_1_105' title="bbox 883 5145 1672 5220; baseline -0.001 -14"><span class='ocrx_word' id='word_1_715' title='bbox 883 5149 932 5207; x_wconf 92' lang='lat' dir='ltr'><strong>aiii</strong></span> <span class='ocrx_word' id='word_1_716' title='bbox 947 5145 1145 5220; x_wconf 87' lang='lat' dir='ltr'><strong>ecclesiastici,</strong></span> <span class='ocrx_word' id='word_1_717' title='bbox 1163 5159 1191 5208; x_wconf 93' lang='lat' dir='ltr'><strong>et</strong></span> <span class='ocrx_word' id='word_1_718' title='bbox 1207 5148 1361 5208; x_wconf 78' lang='lat' dir='ltr'><strong>familiaris</strong></span> <span class='ocrx_word' id='word_1_719' title='bbox 1377 5166 1457 5207; x_wconf 90' lang='lat' dir='ltr'><strong>suus.</strong></span> <span class='ocrx_word' id='word_1_720' title='bbox 1480 5146 1553 5207; x_wconf 94' lang='lat' dir='ltr'><strong>ltem</strong></span> <span class='ocrx_word' id='word_1_721' title='bbox 1568 5156 1596 5205; x_wconf 89' lang='lat' dir='ltr'><strong>et</strong></span> <span class='ocrx_word' id='word_1_722' title='bbox 1612 5156 1672 5206; x_wconf 88' lang='lat' dir='ltr'><strong>tres</strong></span> 
     </span>
    </p>
   </div>
   <div class='ocr_carea' id='block_1_8' title="bbox 55 5244 1673 5348">
    <p class='ocr_par' dir='ltr' id='par_1_11' title="bbox 55 5244 1673 5348">
     <span class='ocr_line' id='line_1_106' title="bbox 55 5244 1673 5348; baseline 0.001 -44"><span class='ocrx_word' id='word_1_723' title='bbox 55 5257 166 5330; x_wconf 64' lang='lat' dir='ltr'><strong>ttmpoq</strong></span> <span class='ocrx_word' id='word_1_724' title='bbox 182 5275 288 5339; x_wconf 59' lang='lat' dir='ltr'><strong>sem,</strong></span> <span class='ocrx_word' id='word_1_725' title='bbox 309 5290 321 5328; x_wconf 50' lang='grc' dir='ltr'><strong><em>ο</em></strong></span> <span class='ocrx_word' id='word_1_726' title='bbox 342 5281 428 5330; x_wconf 64' lang='lat' dir='ltr'><strong>mm„</strong></span> <span class='ocrx_word' id='word_1_727' title='bbox 444 5279 586 5331; x_wconf 45' lang='lat' dir='ltr'><strong>„qm-mo,</strong></span> <span class='ocrx_word' id='word_1_728' title='bbox 601 5280 758 5346; x_wconf 51' lang='lat' dir='ltr'><strong>,vum</strong></span> <span class='ocrx_word' id='word_1_729' title='bbox 774 5296 814 5348; x_wconf 70' lang='lat'><strong>⁰9·</strong></span> <span class='ocrx_word' id='word_1_730' title='bbox 883 5247 1021 5308; x_wconf 88' lang='lat' dir='ltr'><strong>balistarii</strong></span> <span class='ocrx_word' id='word_1_731' title='bbox 1038 5246 1071 5309; x_wconf 92' lang='lat' dir='ltr'><strong>de</strong></span> <span class='ocrx_word' id='word_1_732' title='bbox 1087 5246 1220 5307; x_wconf 89' lang='lat' dir='ltr'><strong>custodie</strong></span> <span class='ocrx_word' id='word_1_733' title='bbox 1242 5245 1297 5306; x_wconf 86' lang='lat' dir='ltr'><strong>SS.</strong></span> <span class='ocrx_word' id='word_1_734' title='bbox 1320 5245 1356 5307; x_wconf 90' lang='lat' dir='ltr'><strong>D.</strong></span> <span class='ocrx_word' id='word_1_735' title='bbox 1378 5245 1412 5306; x_wconf 92' lang='grc' dir='ltr'><strong>Ν.</strong></span> <span class='ocrx_word' id='word_1_736' title='bbox 1435 5265 1528 5325; x_wconf 88' lang='lat' dir='ltr'><strong>usque</strong></span> <span class='ocrx_word' id='word_1_737' title='bbox 1544 5245 1579 5305; x_wconf 91' lang='lat' dir='ltr'><strong>ad</strong></span> <span class='ocrx_word' id='word_1_738' title='bbox 1594 5244 1673 5307; x_wconf 82' lang='lat' dir='ltr'><strong>Ter-</strong></span> 
     </span>
    </p>
   </div>
   <div class='ocr_carea' id='block_1_9' title="bbox 56 5334 180 5406">
    <p class='ocr_par' dir='ltr' id='par_1_12' title="bbox 56 5334 180 5406">
     <span class='ocr_line' id='line_1_107' title="bbox 56 5334 180 5406; baseline -0.04 0"><span class='ocrx_word' id='word_1_739' title='bbox 56 5334 94 5399; x_wconf 79' lang='lat' dir='ltr'><strong>eu,</strong></span> <span class='ocrx_word' id='word_1_740' title='bbox 108 5359 129 5406; x_wconf 83' lang='lat' dir='ltr'><strong>r.</strong></span> <span class='ocrx_word' id='word_1_741' title='bbox 144 5354 180 5403; x_wconf 80' lang='lat' dir='ltr'><strong>ss.</strong></span> 
     </span>
    </p>
   </div>
   <div class='ocr_carea' id='block_1_10' title="bbox 883 5346 1671 5428">
    <p class='ocr_par' dir='ltr' id='par_1_13' title="bbox 883 5346 1671 5428">
     <span class='ocr_line' id='line_1_108' title="bbox 883 5346 1671 5428; baseline -0.004 -19"><span class='ocrx_word' id='word_1_742' title='bbox 883 5347 1021 5409; x_wconf 90' lang='lat' dir='ltr'><strong>racinam.</strong></span> <span class='ocrx_word' id='word_1_743' title='bbox 1048 5346 1182 5409; x_wconf 87' lang='lat' dir='ltr'><strong>Perturit</strong></span> <span class='ocrx_word' id='word_1_744' title='bbox 1205 5346 1304 5408; x_wconf 89' lang='lat' dir='ltr'><strong>literas</strong></span> <span class='ocrx_word' id='word_1_745' title='bbox 1325 5347 1401 5428; x_wconf 80' lang='lat' dir='ltr'><strong>Regi</strong></span> <span class='ocrx_word' id='word_1_746' title='bbox 1426 5346 1671 5428; x_wconf 54' lang='lat' dir='ltr'><strong>tiespotttamm</strong></span> 
     </span>
    </p>
   </div>
   <div class='ocr_carea' id='block_1_11' title="bbox 0 0 1886 6036">
    <p class='ocr_par' dir='ltr' id='par_1_14' title="bbox 0 0 1886 6036">
     <span class='ocr_line' id='line_1_109' title="bbox 0 0 1886 6036; baseline 0 0"><span class='ocrx_word' id='word_1_747' title='bbox 0 0 1886 6036; x_wconf 95' lang='lat' dir='ltr'><strong> </strong></span> 
     </span>
    </p>
   </div>
  </div>
 </body>
</html>
