3758 6030
162 271 225 331 998

655 259 938 326 rourrrtctrus
960 250 1185 325 atmxantun
1207 262 1333 326 sexu.

1703 266 1816 353 (arsa)

166 406 299 469 Maximis
317 421 368 486 per
387 400 666 482 campanulum,
686 400 810 478 plateam
826 397 954 459 iudaeo-
1024 416 1092 477 ceps
1114 399 1235 459 intrarit
1254 400 1414 471 triremem,
1439 410 1467 460 et
1484 402 1618 477 recessit,
1637 405 1766 467 remissis
1779 409 1816 469 ad

164 528 256 580 ram,
277 518 305 566 et
332 515 448 586 portam
476 502 576 562 Sancti
604 501 689 562 Paali
714 500 803 561 exivit
830 497 953 571 Urbem,

168 610 279 690 galeam
309 610 338 667 in
368 609 446 666 solta
470 605 501 664 S.
530 603 640 675 Pauli,
662 620 729 662 eum
751 602 863 661 duabus
891 600 954 660 aliis

166 713 256 791 galeis
288 709 391 768 ibidem
423 725 479 786 pro
508 705 615 765 familia
641 722 694 764 sua
723 703 830 783 paratis
857 703 952 782 ipsum

163 823 370 894 expectantem,
386 820 413 870 et
429 808 481 867 sibi
504 817 634 886 paratam
657 807 832 875 intraturus,
853 813 882 863 et
899 821 952 883 per

166 931 246 973 mare
266 910 414 990 lieapalint
436 909 593 969 rediturus.
610 906 649 966 Et
666 924 733 965 cum
748 905 819 965 ttev.
837 903 952 964 Domini

163 1014 331 1077 cardinales
346 1009 550 1090 Neapolitanus
561 1020 589 1069 et
611 1006 754 1080 &nensis
765 1005 852 1085 Regis
865 1023 953 1084 prae·
969 1013 971 1017 '

163 1115 231 1175 dicti
249 1125 278 1177 et
299 1115 342 1173 sui
364 1112 526 1190 singulares
554 1109 639 1187 amici
654 1152 662 1177 ‚
679 1109 728 1186 qai
751 1108 832 1186 prius
859 1107 952 1167 nrulas

164 1234 230 1276 cunr
250 1214 310 1272 sais
332 1211 443 1271 familiis
461 1209 666 1281 ascenderant,
687 1218 715 1270 et
734 1205 818 1283 jurata
838 1216 951 1285 portam

163 1316 260 1377 Sancti
291 1313 375 1383 Pauli
408 1310 473 1388 ejus
507 1329 653 1372 recessum
679 1308 888 1389 expectabant,
920 1318 954 1367 ut

162 1415 227 1476 inde
256 1419 349 1494 ipsam
375 1412 411 1472 ad
432 1413 529 1491 galeas
563 1411 724 1491 praedictas
752 1409 950 1479 associarent,

163 1519 363 1578 intellexerunt
386 1516 500 1573 nullum
521 1513 618 1574 adesse
636 1532 670 1573 ex
684 1511 748 1571 lili.
765 1511 828 1571 DD.
844 1509 953 1570 cardi·

162 1619 275 1680 nalibns
297 1618 410 1676 nornine
432 1615 553 1693 collegii
572 1614 772 1675 cardinalium
803 1625 832 1674 et
860 1629 952 1688 neque

159 1721 265 1781 Montis
284 1719 416 1797 Regalis,
437 1717 711 1800 nequenscanium,
736 1717 786 1794 qui
806 1713 877 1774 alias
894 1729 951 1792 pro

162 1824 327 1901 receptione
347 1819 486 1879 adrentus
503 1817 599 1876 suiad
616 1817 671 1877 bac
693 1816 814 1876 luerunt
828 1832 878 1892 per
895 1811 951 1872 SS.

160 1922 196 1981 D.
219 1917 253 1980 Ν.
276 1931 303 1981 et
322 1919 484 1997 Collegium
508 1918 689 1996 praedictum
712 1915 853 1995 deputati,
871 1932 953 1973 cam-

161 2022 303 2082 miserunt
316 2020 398 2092 mibi,
411 2031 550 2097 qnatenus
561 2019 597 2078 ad
608 2014 759 2097 ‘palatium
772 2015 950 2095 praedictum

161 2123 197 2182 ad
224 2122 375 2202 Apostolos
403 2120 588 2198 equitarem,
608 2132 637 2181 et
659 2121 812 2181 veritatem
828 2118 880 2176 'rei
904 2117 951 2175 in·

162 2226 321 2303 telligeretn
344 2237 380 2280 an
405 2232 433 2282 et
461 2218 519 2299 qui
541 2221 709 2282 cardinales
730 2222 825 2300 ipsum
859 2227 952 2279 essent

160 2325 283 2403 Collegii
305 2325 418 2384 nomiae
444 2340 535 2400 usque
558 2324 595 2381 ad
623 2322 710 2383 Urbis
731 2330 953 2401 portam‘asso·

163 2426 269 2486 ciatnri
294 2443 350 2505 pro
379 2441 461 2485 more
476 2446 486 2496 3
514 2423 563 2482 ubi
590 2441 658 2483 cam
689 2421 885 2482 intellexissem
915 2419 950 2478 ab

160 2528 241 2587 illus.
268 2526 467 2586 Dominatione
499 2543 550 2584 sna
584 2526 673 2604 ipsam
699 2524 785 2583 “circa
819 2523 950 2599 quintam

56 2691 59 2696 Δ
161 2629 264 2690 borant
288 2627 380 2687 noctis
401 2629 572 2706 praeteritae
591 2648 607 2685 a
631 2626 662 2686 S.
687 2626 722 2684 D.
743 2623 778 2684 tl.
806 2623 950 2684 licentiam

161 2732 315 2810 recepisse,
334 2741 364 2792 et
384 2747 475 2806 neque
498 2740 578 2800 tunc,
599 2746 691 2806 neque
711 2716 850 2805 usquein
870 2728 950 2785 illam

161 2849 292 2893 recessus
322 2831 367 2891 sui
400 2831 580 2892 intellexisset
601 2831 727 2908 aliquem
750 2849 783 2890 ex
805 2827 950 2891 cardina·

161 2933 236 2993 libus
254 2935 347 3013 ipsunt
368 2932 579 2993 associatorum
596 2977 604 3005 ,
622 2932 783 3012 significari
806 2931 832 2991 id
856 2931 949 2991 llere.

161 3033 292 3095 Dominis
322 3030 509 3113 lleapottana
527 3046 554 3094 et
576 3034 692 3096 Senensi
723 3032 949 3107 cardinalibus,

162 3138 236 3195 intra
252 3134 371 3194 Portam
386 3134 473 3196 Urbis
482 3131 567 3210 juata
579 3135 715 3206 Dantem,
726 3135 858 3195 omnibus
871 3147 949 3194 terra

161 3235 385 3314 expsectontibas,
397 3237 447 3312 qui
461 3234 655 3296 decreverunt
676 3235 841 3314 Principem
863 3253 951 3314 prae·

161 3337 251 3395 latura
291 3336 391 3395 subtus
422 3337 582 3396 eeclesiam
606 3337 705 3396 Sancti
741 3337 831 3397 Alexii
864 3334 948 3415 juxta

162 3435 267 3496 ssrrrrren
290 3436 420 3515 recipere
439 3480 446 3506 ‚
467 3449 495 3497 et
517 3449 548 3496 nt
573 3438 769 3516 praemittitur
794 3437 948 3497 associare.

161 3535 225 3614 ligo
246 3535 283 3595 ad
303 3535 467 3616 Principem
492 3536 586 3609 redii,
608 3547 636 3597 et
658 3535 792 3597 ordinato
807 3537 870 3615 ejus
898 3554 948 3594 re·

159 3654 253 3710 cassu,
274 3646 414 3716 perverrto
435 3636 471 3695 ad
492 3619 589 3697 iocum
617 3638 823 3717 praedictum,
842 3637 949 3699 cardi·

160 3737 237 3796 uales
268 3735 391 3816 praelati
420 3737 522 3811 ibidem
560 3739 654 3817 ipsam
692 3751 891 3818 receperant,
920 3750 949 3799 et

158 3837 234 3898 inter
253 3857 282 3898 se
304 3839 431 3900 medium
453 3838 633 3901 deduxerunt
654 3858 748 3918 usqne
776 3839 811 3899 ad
839 3841 949 3918 galeas,

160 3943 188 4002 in
209 3946 274 4005 loco
295 3963 385 4024 supra
407 3941 570 4023 specificato
592 3946 687 4023 ipsum
710 3953 899 4025 expectantes.
917 3942 950 4002 ln

161 4044 234 4104 locis
255 4047 365 4106 strictis
386 4045 541 4126 praecessit
562 4044 710 4125 Princeps,
732 4055 762 4106 et
780 4043 949 4107 cardinales

161 4147 254 4224 ipsum
276 4146 367 4207 secuti
388 4156 466 4217 sunt,
478 4145 553 4205 iacta
575 4158 667 4207 taurea
683 4166 733 4225 per
749 4147 843 4224 ipsam
859 4145 948 4206 Prin·

160 4247 252 4323 cipem
273 4245 471 4307 honestissima
494 4249 661 4329 resistentia.
678 4248 842 4307 Associatus
857 4246 913 4308 luit
931 4268 947 4308 o

160 4346 277 4407 larniliis
308 4356 337 4405 et
363 4348 499 4425 praelatis
529 4349 657 4406 onmium
692 4347 890 4413 cardinalium
920 4361 950 4410 et

160 4444 222 4505 aliis
257 4445 415 4525 praelatis,
449 4448 672 4525 quampluribus
705 4446 884 4519 curialibus,
920 4460 948 4508 et

162 4543 289 4606 Oratore
307 4546 554 4607 Florentinorurn.

202 4647 428 4708 Praecesserunt
455 4647 548 4725 ipsunt
576 4657 643 4707 octo
674 4647 756 4727 Pagii
778 4649 845 4719 sni,
868 4667 949 4711 nrorc

162 4748 328 4810 Alernanico
358 4759 387 4808 et
408 4746 578 4825 ngarico,
603 4769 637 4807 ae
660 4736 814 4810 Babemico
835 4750 947 4820 restiti,

161 4873 279 4926 arcrun,
300 4864 457 4932 scopatam,
478 4871 574 4913 ensem
593 4865 622 4914 et
642 4854 697 4913 arlia
719 4854 863 4932 quaedam
895 4874 948 4914 or·

161 4966 303 5034 narnenta,
324 4955 411 5033 perlis
429 4966 458 5015 et
477 4957 597 5032 genueris
619 4941 755 5035 preciosis
777 4967 897 5029 ornata,
918 4957 947 5016 ln

162 5055 291 5115 inanibus
312 5055 445 5117 ferentes.
464 5055 609 5117 Perrenta
631 5056 666 5115 ad
689 5057 783 5135 ripam
805 5055 947 5128 flustrinis,

162 5155 211 5221 ubi
230 5158 372 5230 triremes,
385 5159 443 5216 sire
459 5159 556 5236 galeae
571 5158 767 5237 expectabant,
779 5156 947 5220 cardinales

160 5256 291 5337 Principi
310 5258 339 5316 in
361 5258 447 5318 anatlis
467 5261 530 5319 sale
551 5259 706 5333 dixerant3
721 5259 826 5339 quibus
847 5270 946 5320 retro·
1013 5299 1124 5349 flamm

1021 499 1132 560 Urbem
1152 518 1229 576 equo
1245 516 1299 560 suo
1320 510 1349 559 et
1370 501 1453 575 aliis,
1482 505 1532 582 qui
1556 524 1606 583 per
1630 516 1743 568 terram
1766 528 1815 570 se-

1021 603 1119 676 quenti
1141 600 1186 661 die
1207 602 1303 680 ipsum
1324 605 1438 681 sequuti
1458 598 1536 666 santi

1063 700 1202 773 Sabbata,
1223 701 1392 763 duodecima
1406 704 1554 783 ¹jaanuarii,
1575 708 1648 768 bora
1673 728 1817 788 respera-

1021 819 1087 859 ram
1107 812 1248 862 venerunt
1268 819 1344 863 nora
1365 804 1438 867 Rev.
1462 806 1497 866 D.
1518 807 1663 869 cardinali
1681 809 1817 882 Senensi,

1019 899 1109 962 booae
1131 904 1286 979 memoriae
1318 907 1473 966 Antonium
1505 908 1758 972 Piccolominennr
1782 913 1816 975 de

1020 1000 1166 1082 dragous,
1189 1003 1298 1066 Ducem
1315 1007 1560 1087 Ararelpbitanum,
1580 1011 1704 1072 lratrem
1726 1031 1813 1075 suum

1020 1112 1090 1163 natu
1123 1104 1285 1185 majorem,
1309 1108 1386 1168 diem
1417 1111 1553 1173 clausisse
1587 1125 1755 1176 extremum
1787 1117 1813 1176 in

1020 1218 1104 1268 nocte
1139 1206 1269 1287 sequenti
1299 1211 1373 1272 diem
1391 1212 1483 1291 jocis·
1500 1217 1630 1295 proxime
1665 1218 1815 1296 praeteriti

1020 1306 1049 1366 iu
1053 1351 1238 1370 ........
1261 1312 1309 1371 abi
1332 1313 1376 1375 die
1398 1319 1537 1376 mercurii
1565 1320 1691 1379 secunda
1720 1317 1814 1396 bajus

1020 1408 1159 1471 inciderat
1190 1409 1384 1495 infirmitatem
1403 1417 1582 1494 quandam,
1606 1439 1642 1482 ex
1667 1439 1728 1498 qua
1750 1423 1814 1501 plus

1019 1507 1174 1586 mingebat‚
1187 1529 1274 1589 quam
1291 1513 1416 1586 bibebat,
1438 1534 1506 1576 cam
1528 1518 1608 1582 lebre
1625 1530 1730 1592 acuta,
1742 1541 1813 1600 qaae

1019 1608 1069 1667 sibi
1092 1622 1214 1671 mortem
1234 1614 1340 1685 attolit.
1363 1613 1536 1693 Requiescal
1558 1621 1586 1678 in
1609 1640 1689 1698 pace.
1717 1623 1814 1700 igitur

1020 1710 1118 1786 plures
1132 1729 1166 1770 es
1181 1709 1245 1771 RR.
1260 1712 1322 1772 DD.
1335 1714 1547 1791 cardinalibus,
1558 1720 1723 1799 praelatum
1744 1720 1813 1782 Rer.

1018 1809 1053 1868 D.
1089 1810 1269 1872 cardinalem
1306 1815 1461 1877 Seneosem
1497 1820 1640 1879 consolari
1679 1822 1812 1882 volentes

1019 1909 1111 1987 ipsam
1133 1912 1295 1986 visitarant,
1315 1915 1418 1977 diebus
1439 1929 1468 1978 et
1490 1919 1592 1981 ordine
1614 1919 1813 2001 infrascripto:

1018 2008 1160 2070 dominica
1186 2029 1267 2072 xutt.
1287 2011 1417 2090 jauuarii
1440 2029 1504 2097 past
1525 2020 1706 2099 presidium,
1735 2021 1808 2084 Res.

1017 2109 1053 2171 D.
1077 2112 1240 2177 cardinalis
1267 2114 1366 2175 Sancti
1389 2117 1523 2199 Georgii,
1551 2121 1653 2182 deinde
1675 2122 1754 2184 lice.
1776 2124 1811 2185 D.

1019 2211 1176 2273 cardinalis
1188 2213 1401 2294 Neapolitanas,
1418 2233 1479 2299 post
1500 2222 1584 2281 illum
1602 2222 1809 2285 Barbaraaten·

1018 2313 1072 2373 sis:
1093 2315 1177 2377 lunae
1205 2333 1295 2378 uun.
1313 2315 1443 2395 januarii
1469 2321 1688 2385 lienererttanus
1715 2338 1745 2387 et
1774 2326 1808 2387 de

1018 2413 1159 2475 Columna
1192 2418 1278 2479 simul
1313 2432 1378 2480 ante
1406 2423 1711 2500 prandiam.‹0uibus
1743 2446 1810 2488 com

1019 2513 1091 2575 lies.
1125 2516 1160 2576 D.
1181 2516 1299 2579 Senensi
1322 2516 1520 2597 existentibus,
1545 2535 1575 2586 et
1605 2524 1679 2586 Rev.
1710 2527 1746 2587 D.
1779 2529 1814 2590 de

1018 2614 1240 2678 columnarum
1260 2616 1377 2682 Senensi
1397 2625 1586 2685 concordiam
1606 2629 1683 2689 inter
1706 2630 1811 2691 iratres

1018 2712 1109 2777 bonae
1127 2720 1283 2782 memoriae
1305 2721 1441 2783 Jobannis
1462 2723 1606 2803 baptistae
1630 2727 1665 2789 de
1690 2732 1811 2811 ‘capra-

1019 2818 1081 2876 nica
1103 2818 1226 2898 episcopi
1253 2820 1407 2895 Firmani,
1431 2836 1460 2884 et
1482 2823 1644 2888 Oratorunt
1666 2834 1808 2890 commu·

1018 2919 1113 2978 nitatis
1134 2919 1226 2980 Firmi
1241 2918 1286 3003 (l)
1302 2924 1503 2998 tractantibus,
1516 2940 1656 2990 venerant
1668 2929 1734 2989 tta.
1751 2930 1810 2991 DD.

1608 3131 1806 3142 ...α-.-

1059 3229 1812 3294 (llFranciscusPiocolominensTudeschiaus,Cardine·

1018 3309 1051 3359 lis
1062 3310 1197 3371 Senensis,
1209 3323 1264 3360 rem
1275 3323 1376 3361 sacram
1386 3311 1566 3363 Firmanorum
1578 3314 1810 3365 administrandam

1018 3394 1135 3452 suscepit
1152 3403 1220 3440 anno
1239 3394 1299 3443 rtaa
1322 3392 1365 3442 die
1383 3393 1427 3443 XV
1441 3394 1526 3455 junii,
1542 3394 1606 3443 sixti
1625 3393 1653 3444 tv
1680 3394 1807 3446 Pontificis

1018 3471 1124 3519 Maximi
1136 3472 1311 3530 auctoritate,
1326 3471 1445 3521 tabenna
1461 3458 1579 3535 baptista
1591 3470 1739 3535 capranica
1756 3475 1810 3535 epi·

1017 3561 1097 3612 scopo
1115 3549 1200 3599 adbuc
1229 3551 1254 3599 in
1281 3552 1350 3600 rivis
1376 3551 1497 3613 degente.
1521 3552 1558 3603 Ea
1584 3566 1636 3615 qua
1671 3553 1706 3604 da
1733 3567 1808 3604 cansa

1017 3627 1165 3679 Cardinalis
1181 3629 1304 3680 Senensis
1322 3643 1382 3680 cum
1399 3631 1532 3682 Cardinali
1549 3633 1678 3682 Columna
1695 3633 1728 3687 da
1747 3646 1808 3696 paee

1017 3710 1086 3758 inter
1103 3710 1236 3758 civitatem
1264 3709 1342 3758 Firmi
1367 3714 1393 3760 et
1417 3712 1515 3761 iratres
1532 3711 1565 3761 de
1591 3711 1738 3773 Capraaica
1757 3726 1807 3763 rear

1017 3786 1135 3850 gerelmi-
1155 3787 1206 3837 Sed
1227 3788 1309 3837 rerba
1339 3790 1451 3839 sibillino
1473 3790 1618 3840 Burcbardi
1642 3792 1808 3852 explanatio·

1017 3880 1076 3917 nem
1095 3867 1257 3917 desiderant.
1273 3867 1404 3931 tosepaas
1421 3869 1581 3920 Fracassetti
1603 3871 1628 3920 io
1655 3870 1747 3920 libello
1764 3871 1809 3921 blo·

1017 3946 1077 3996 tisis
1091 3946 1199 3996 storicbe
1214 3947 1282 3996 daila
1298 3947 1358 3997 ciltd
1374 3949 1400 4000 di
1417 3948 1508 3999 Formo
1530 3951 1624 4000 ridolto
1639 3949 1666 3998 in
1689 3962 1808 4012 compca·

1017 4026 1059 4076 dio
1085 4029 1123 4076 sic
1146 4039 1202 4075 ram
1230 4030 1394 4090 perstringit.
1416 4049 1426 4068 ·
1453 4029 1500 4079 cio
1536 4030 1645 4079 Ballista
1664 4028 1807 4091 Capraaics

1018 4106 1045 4155 la
1062 4107 1104 4156 nel
1123 4107 1183 4166 1484
1202 4102 1307 4164 acciso,
1323 4119 1338 4156 a
1355 4111 1454 4170 gettato
1472 4108 1541 4158 dalle
1568 4108 1686 4158 lenestre
1703 4109 1730 4158 di
1747 4122 1804 4158 casa

1017 4185 1119 4235 adami.
1136 4187 1244 4235 {limane
1256 4186 1380 4248 alquanto
1389 4186 1487 4236 dubbia
1506 4188 1530 4236 la
1541 4188 1668 4246 ragione.
1686 4188 1736 4237 cbe
1749 4187 1806 4249 pote

1017 4264 1164 4328 spingerei
1187 4263 1238 4325 llgll
1263 4264 1289 4312 dl
1308 4264 1417 4314 Ballista
1435 4263 1543 4322 noant,
1569 4266 1674 4314 emotti
1700 4265 1805 4316 dc'snoi

1016 4345 1136 4407 parenti,
1153 4357 1167 4393 a
1194 4344 1245 4393 tate
1262 4354 1382 4393 escenso.
1408 4343 1445 4393 La
1461 4344 1623 4403 tradicione,
1640 4356 1655 4393 e
1673 4345 1806 4395 l'autoriti

1016 4424 1199 4486 dcll'Uglaellio
1216 4424 1343 4485 riportata
1359 4423 1401 4471 dal
1419 4423 1553 4482 catalani,
1570 4432 1688 4473 natrano
1705 4425 1803 4488 cb’egli

1016 4502 1086 4553 losse
1104 4514 1230 4564 sorpreso
1243 4502 1269 4551 in
1287 4503 1336 4551 mal
1350 4508 1431 4564 punto
1448 4516 1498 4553 con
1515 4517 1566 4553 una
1579 4503 1655 4553 dama
1673 4504 1700 4553 di
1719 4505 1816 4568 quella·

1016 4596 1085 4633 casa.
1113 4582 1132 4630 11
1149 4581 1271 4631 Cronista
1297 4583 1409 4632 Montani
1427 4582 1452 4631 lo
1476 4582 1534 4632 dicc
1555 4583 1745 4639 innocente.e
1771 4596 1800 4632 ne

1017 4664 1119 4711 riversa
1136 4660 1169 4710 la'
1186 4662 1263 4723 calpa
1283 4673 1362 4724 sopra
1380 4675 1413 4711 aa
1438 4660 1566 4729 bastardo
1583 4662 1653 4711 della
1679 4675 1741 4713 casa
1758 4661 1805 4711 Ca·

1016 4743 1133 4802 pranica.
1149 4740 1236 4789 Venae
1254 4753 1288 4789 un
1305 4739 1494 4799 Commissario
1509 4742 1535 4788 in
1553 4739 1646 4790 Permo
1665 4754 1714 4803 per
1731 4744 1805 4804 parte

1015 4820 1057 4870 dal
1075 4818 1221 4876 Pontellce,
1239 4819 1287 4867 ebe
1313 4832 1345 4868 nc
1363 4818 1442 4867 bandi
1459 4819 1492 4880 gli
1510 4820 1641 4877 occisori,
1658 4832 1673 4869 a
1699 4833 1733 4871 ne
1751 4821 1804 4870 lece

1016 4899 1143 4950 demolire
1156 4900 1179 4948 te
1192 4910 1264 4948 case.
1280 4897 1300 4947 E
1317 4898 1358 4947 nel
1378 4899 1452 4956 1494,
1471 4898 1595 4948 medianll
1613 4900 1687 4948 molti
1703 4900 1806 4964 gravis·

1016 4980 1075 5028 siml
1097 4978 1130 5027 ed
1148 4978 1295 5027 autorevoli
1312 4979 1477 5040 personaggi,
1496 4977 1523 5026 ia
1542 4979 1667 5040 stipolato
1686 4980 1711 5028 in
1729 4980 1805 5031 Roma

1015 5060 1124 5109 solenne
1136 5059 1293 5108 istromento
1310 5056 1336 5107 di
1347 5070 1414 5120 paca
1431 5061 1472 5106 tra
1485 5057 1491 5105 i
1509 5056 1674 5120 Capranlca,
1690 5059 1725 5120 gli
1738 5059 1806 5109 Ada-

1014 5140 1066 5198 mi,
1083 5151 1097 5186 e
1115 5139 1139 5186 le
1156 5138 1224 5187 altre
1240 5121 1362 5198 Pamigtie
1379 5135 1499 5197 complici
1516 5135 1558 5185 del
1571 5135 1676 5186 delitto.
1691 5136 1804 5186 Franco·

1014 5230 1060 5266 sco
1078 5216 1107 5265 tt·
1123 5215 1283 5270 Tadaschini
1298 5214 1481 5275 Piccqlomini,
1498 5215 1547 5264 che
1564 5215 1604 5278 gii
1622 5218 1731 5266 virente
1749 5216 1801 5267 cia.

1137 5297 1281 5360 capranica
1294 5309 1340 5346 era
1350 5299 1420 5344 stato
1432 5293 1567 5344 nominato
1576 5295 1803 5347 Amministralorc

160 5359 326 5421 cedentibus
356 5372 382 5420 et
410 5359 445 5418 ad
468 5359 579 5421 Urbem
601 5360 834 5432 revertentibus,
858 5359 945 5421 Prin·
1014 5376 1083 5428 detta
1101 5376 1197 5427 chiesa
1219 5372 1504 5431 r'aemaamoatinad
1531 5375 1681 5437 araggerta
1699 5375 1751 5438 tino
1768 5374 1804 5423 at·
