3764 6036
36 282 149 367 (¹⁴⁹⁰)

37 428 173 498 paratus,
184 428 226 485 tit,
238 418 328 485 moris
345 426 400 491 est,
413 416 491 482 venit
511 417 548 481 ad
567 414 834 510 cappellammajo·

40 536 107 581 aean
128 517 251 605 Palatii,
269 527 299 580 et
319 537 388 582 cnm
408 538 443 582 eo
464 518 692 593 medratense
712 517 834 600 praelati

41 770 236 824 straordlnarlo
248 783 262 820 a
274 774 432 835 presentare
448 771 471 819 al
488 769 555 832 Papa
572 773 648 820 cento
664 769 729 830 blorl
740 767 834 836 de'piq

37 851 135 900 ristosi
160 852 234 913 presi
256 850 283 902 in
298 863 411 914 guerra,
427 852 434 899 i
453 852 523 914 quali
540 865 554 900 a
571 850 622 900 dne
639 864 654 900 a
671 851 731 902 (lue¹
742 850 833 912 rendli

37 942 109 980 aun
136 929 281 983 medesimo
299 930 396 990 modo,
411 943 426 980 e
444 932 520 994 legati
542 943 592 981 con
614 943 711 994 -grosse
739 933 832 982 catene

37 1010 135 1060 turono
162 1010 298 1061 introdotti
329 1011 373 1060 nel
399 1010 553 1060 Concistoro
580 1022 630 1060 coa
657 1010 833 1073 grandissimo

41 1091 153 1152 piacere
170 1090 195 1140 di
212 1090 261 1139 Sua
278 1089 398 1148 sentila,
419 1090 467 1140 cbe
489 1102 596 1152 sempre
613 1092 663 1139 mai
682 1089 737 1139 isca
754 1102 833 1151 grans

36 1168 151 1219 dissime
167 1171 245 1219 slima
262 1168 287 1229 di
305 1173 401 1232 questo
423 1182 470 1227 te,
486 1182 501 1218 e
517 1170 535 1218 ii
550 1168 706 1220 concedetis
718 1167 833 1230 pidara-

37 1248 80 1300 aie
97 1249 148 1299 cbs
164 1262 179 1298 a
195 1249 273 1312 quale
290 1249 312 1297 si
330 1251 412 1311 voglia
440 1250 507 1301 altro
533 1252 669 1311 potentatu
691 1247 831 1307 cristiano.

37 1328 66 1379 Li
96 1328 192 1379 mando
208 1333 298 1378 stoocn
315 1341 331 1378 e
348 1340 409 1378 rosa
425 1327 585 1387 benedetta,
601 1327 714 1377 dandola
737 1327 786 1389 egli
805 1326 832 1376 di

37 1421 87 1458 sua
105 1409 215 1471 propria
232 1420 310 1457 mano
327 1408 369 1456 all’
381 1406 592 1470 ambasciatam,
607 1407 657 1456 che
679 1407 702 1455 la
723 1405 800 1468 porto
817 1420 834 1457 a

38 1501 103 1539 casa
120 1489 146 1548 ia
164 1500 255 1537 mezzo
280 1486 505 1538 all'arcivescovo
525 1486 607 1544 Cibo,
624 1499 638 1536 e
655 1487 679 1536 al
696 1486 832 1537 Governa-

37 1573 99 1618 tore
125 1567 151 1617 di
172 1568 252 1632 Roma
280 1565 330 1616 obe
357 1566 635 1629 l'accampagaarono.
660 1565 689 1618 Li
716 1565 794 1615 diade
815 1568 831 1616 il

38 1647 116 1696 detto
132 1646 247 1698 sussidio
264 1645 502 1705 ecclesiasticen
519 1646 560 1695 cui
581 1646 763 1698 introduarone
779 1658 831 1695 non

38 1727 62 1775 si
79 1726 95 1777 e
112 1728 156 1788 poi
173 1725 224 1774 mai
249 1725 293 1788 piis
316 1725 425 1775 lasciuia
447 1725 528 1775 cades
546 1725 573 1773 in
595 1729 667 1773 terra
689 1724 782 1782 deire
804 1724 831 1775 di
870 1733 871 1736 ’

37 1805 161 1868 Spagna,
172 1805 222 1856 cbe
238 1817 354 1867 sempre,
364 1815 412 1855 coa
429 1808 549 1866 pretesto
561 1803 603 1854 del
615 1804 729 1865 servlgio
740 1803 766 1854 di
778 1803 832 1865 Dio,

37 1884 54 1933 il
72 1884 197 1947 godone,
213 1898 227 1933 e
244 1884 283 1946 gii
300 1885 411 1940 l’laanno
427 1883 525 1946 qoduto
542 1881 585 1945 piir
602 1883 723 1932 dicento
752 1884 831 1943 anni,

40 1964 182 2013 avendone
209 1968 303 2014 cavato
327 1964 399 2013 molti
428 1963 527 2012 milioni
544 1961 569 2012 d'
580 1975 635 2011 oro.
650 1960 694 2013 Piia
705 1963 834 2019 ‚essendo

39 2050 129 2092 morto
145 2041 275 2091 dioranal
292 2041 405 2091 t‘acecco
422 2042 536 2092 llaestro
552 2040 594 2091 de'
609 2042 732 2099 cavalleri
745 2042 835 2095 disan

37 2121 160 2184 Jacopo,
179 2121 336 2172 lnnocenzio
363 2121 385 2171 si
411 2120 515 2172 riserbd
536 2122 562 2172 in
584 2133 613 2174 se
634 2123 651 2171 il
672 2122 834 2198 biaestratoq

37 2200 138 2263 perche
164 2202 308 2263 elongando
336 2203 343 2249 i
371 2198 503 2251 Caralieri
530 2202 538 2249 i
564 2202 689 2260 liaestri,
721 2206 833 2252 serente

35 2281 62 2330 n’
74 2294 158 2340 erano
175 2281 250 2331 elelti
266 2280 293 2331 di
309 2281 391 2343 quelli
413 2280 462 2331 obe
483 2280 609 2330 iacevano
635 2282 715 2334 molte
738 2294 835 2344 guerre

35 2359 90 2410 dnn
108 2364 203 2410 contro
219 2360 237 2408 li
254 2358 392 2409 medesimi
410 2373 456 2419 re,
477 2360 545 2411 onds
570 2361 642 2409 molti
660 2360 721 2410 mall
744 2362 835 2423 segui-

36 2451 123 2495 vano;
140 2449 155 2486 e
171 2437 215 2499 poi
231 2436 282 2485 Sua
297 2434 398 2487 Santiti
421 2435 498 2485 diedo
522 2437 595 2486 detto
617 2437 760 2487 Maeslreto
782 2449 834 2488 con

38 2518 131 2581 quello
148 2516 173 2567 di
189 2515 327 2565 Caletrava
345 2529 360 2565 a
375 2514 540 2567 Ferdinendo
557 2529 605 2579 per
622 2528 651 2566 se
669 2530 683 2566 e
700 2518 758 2567 suoi
775 2529 835 2568 suc·

42 2597 164 2654 caseri,
175 2595 241 2645 onde
253 2596 309 2644 lire
326 2594 353 2644 di
368 2593 470 2660 Spagua
486 2596 574 2646 banuo
591 2595 617 2644 di
634 2596 684 2646 cbe
700 2598 834 2658 premiere

39 2674 117 2726 molti
134 2673 285 2725 dell¹onore
301 2673 362 2723 dell'
373 2674 462 2732 abito,
479 2686 493 2722 e
510 2674 571 2723 dell'
583 2675 646 2723 utile
673 2672 743 2724 delle
760 2663 835 2724 conass

35 2753 136 2805 menda
161 2753 230 2804 delle
255 2754 325 2815 quali
343 2754 436 2804 alcuna
454 2766 520 2804 sono
537 2755 702 2804 riccbisslme
723 2773 743 2798 ι.
771 2753 833 2805 Vaa-

40 2842 149 2892 aaanua
165 2832 211 2883 los.
230 2833 273 2882 cit.
290 2845 351 2895 pop.
368 2833 406 2883 58.

76 2912 118 2962 Ex
139 2913 272 2972 Matiana,
290 2914 348 2964 loco
365 2915 465 2972 citato,
481 2914 515 2963 ad
532 2913 708 2976 supplendum
731 2913 834 2966 vialar-

34 2991 115 3051 dnm,
128 2992 195 3043 baec
207 2991 374 3053 adjungenda
391 2992 467 3042 nobis
480 2992 613 3042 videntur.
626 3013 636 3033 ·
651 2994 762 3056 dempti
774 2993 834 3043 Sul·

36 3075 117 3122 tanus
140 3073 355 3132 potentissimus,
379 3071 429 3131 uisi
454 3077 563 3133 incepto·
576 3071 720 3123 desisteret
742 3057 834 3122 Perdi·

37 3149 161 3210 naudus,
177 3150 262 3213 gentis
285 3149 415 3201 Mauricae
439 3150 631 3214 impugnandae
653 3149 754 3200 eisdem
783 3150 843 3199 im··

38 3226 122 3278 botae
141 3228 243 3289 sacris,
259 3229 340 3282 caede
362 3229 558 3280 vindicaturum
574 3243 604 3279 se
620 3231 756 3288 omnium,
778 3232 833 3292 qui·

40 3317 159 3369 cumque
176 3321 208 3357 ex
226 3309 327 3370 plorum
345 3310 451 3359 natione
468 3309 494 3358 ln
516 3309 637 3372 Aegypto
651 3314 741 3372 ,atque
757 3310 832 3373 Syria

44 3387 141 3450 reliqui
153 3391 238 3443 erant.
250 3387 415 3447 minabaturr
427 3400 460 3439 ne
478 3402 492 3438 a
509 3391 593 3439 sacris
610 3391 716 3452 quidem
730 3393 756 3439 el
768 3393 834 3439 tem-

38 3465 93 3528 plis
118 3471 339 3529 temperaturum.
360 3467 473 3530 Lanatus
490 3470 516 3518 in
539 3481 597 3529 eam
625 3483 681 3521 rena
703 3469 833 3520 Antonius

38 3546 163 3597 mitanas
179 3546 354 3599 Franciscano
371 3541 742 3612 monasterioiiiernsolyrnae
759 3548 834 3598 Prae·

38 3622 148 3685 iectus,
164 3625 257 3677 eadem
275 3626 437 3689 Neapolitani
459 3627 534 3688 Reeis
551 3630 662 3688 verbis,
678 3639 710 3678 eo
732 3640 766 3678 ex
790 3629 834 3678 itl-

38 3715 104 3755 nere
127 3709 274 3763 convento,
291 3705 406 3765 monuit,
428 3711 457 3756 ut
474 3708 542 3758 lama
566 3707 686 3767 terebat,
701 3708 832 3758 Mauricae

40 3783 112 3843 senti
130 3784 264 3846 aequioris
276 3797 353 3846 quarn
365 3785 503 3836 honestum
521 3791 607 3846 esset,
625 3792 651 3838 et
667 3790 706 3836 tas
721 3786 834 3853 Priapipl

37 3858 199 3912 Christiano.
217 3862 294 3914 Nulla
310 3863 405 3920 injuria
417 3869 591 3926 provocatum
608 3865 708 3915 debere
720 3864 753 3916 ab
764 3867 834 3925 inju-

36 3938 75 3987 ria
92 3943 262 4001 temperare,
277 3954 364 4005 neque
381 3954 505 4002 movere,
523 3945 593 3994 unde
610 3946 745 4006 graviores
762 3945 834 3996 cala·

35 4017 144 4067 mitates
161 4024 295 4072 extarent.
309 4022 395 4072 Sacris
410 4025 531 4085 quamvis
547 4024 754 4087 discrepantem,
769 4037 834 4088 gen·

34 4095 88 4145 tem
117 4099 219 4147 temere
245 4099 396 4150 violandam
420 4114 473 4162 non
497 4102 590 4152 videri.
612 4103 703 4165 Neque
725 4102 832 4153 barbari

36 4175 132 4239 minis,
158 4188 244 4239 neque
270 4177 438 4242 Neapolitani
461 4184 629 4245 praeceptis.
652 4181 833 4241 ferdinandus

34 4255 78 4301 est
94 4255 213 4305 territus.
231 4255 421 4314 AdSultanum
445 4255 628 4321 tamen⁴,bello
645 4267 770 4325 peracto,
786 4264 834 4314 Pe·

33 4336 93 4382 trus
122 4335 224 4400 startyr
245 4336 347 4400 legatus
365 4342 421 4397 est,
437 4339 499 4390 iacti
517 4326 647 4390 rationem
664 4342 832 4399 redditurus:

34 4413 68 4462 ad
85 4413 290 4477 Neapolitanum
308 4419 404 4482 inipso
422 4431 506 4470 novae
524 4420 701 4483 expeditionis
726 4425 834 4484 procin-

33 4495 99 4552 ctu,
114 4493 244 4544 codicillis
256 4497 406 4559 explicatae
419 4511 534 4559 causae,
546 4512 593 4549 cur
606 4507 664 4560 jure
677 4500 832 4572 christiano,

34 4572 177 4634 imperium
202 4576 296 4634 injuria
320 4576 493 4627 constitutum
515 4579 688 4643 abantiquo,
709 4584 736 4629 et
762 4581 831 4631 unde

35 4652 134 4701 multae
152 4659 275 4705 recentes
292 4655 409 4706 offensae
425 4663 622 4720 provocarent,
639 4663 762 4710 evertere
784 4661 833 4711 ho·

33 4734 141 4780 nestum
160 4732 253 4795 sasque
270 4740 341 4785 esset
360 4756 381 4784 ·.
392 4740 528 4799 ¹lltatttarts
545 4738 588 4788 to.
601 4738 673 4790 itti.
684 4752 740 4801 cap.
752 4740 800 4790 XV.

73 4813 260 4863 dissuasurus
275 4815 382 4885 zoaras
394 4817 421 4868 ia
436 4818 551 4868 Historia
566 4819 605 4868 det
627 4818 678 4878 tter
696 4820 752 4870 Dos
767 4820 832 4870 ller-

33 4890 117 4938 rondo
133 4890 156 4941 el
174 4889 304 4943 Collatino
320 4894 350 4945 de
366 4895 404 4945 lus
421 4909 564 4959 empresos,
580 4910 596 4956 p
612 4898 675 4961 tipus
698 4899 727 4949 ds
741 4898 831 4950 tutta,

34 4968 99 5018 inm.
115 4968 143 5018 V.
160 4982 221 5033 arcp.
237 4975 276 5023 22
293 4976 334 5024 23.
351 4974 416 5026 baec
433 4975 543 5026 subdit·
558 4975 756 5026 considerando
773 4982 831 5026 esto

38 5046 61 5093 at
77 5046 178 5111 liempn
205 5064 257 5114 que
284 5053 369 5104 murio
398 5054 451 5105 don
479 5056 556 5105 (larci
580 5054 668 5118 bopez
684 5055 718 5104 de
737 5055 832 5105 Padilla

37 5124 150 5175 ldaestre
172 5129 206 5174 dn
229 5130 370 5187 calatrava
397 5146 562 5197 procuraron
587 5147 638 5197 que
656 5146 684 5183 se
702 5133 831 5185 diesseal

38 5201 91 5268 Rei
113 5217 164 5267 lior
187 5205 212 5253 ¹8
236 5204 302 5256 Sede
327 5214 480 5276 apostoliea
506 5216 530 5264 la
556 5205 772 5265 administraclon
799 5214 832 5264 de

43 5285 115 5344 aquel
141 5284 320 5348 liaestradgos
342 5295 401 5352 yet
419 5293 489 5357 Papa
505 5295 644 5346 lnocanoio
667 5293 791 5344 concedio
808 5294 832 5349 la

46 5361 256 5419 administracion
271 5372 400 5431 perpetua
425 5369 459 5427 de
474 5375 515 5426 tos
533 5379 588 5426 tres
607 5373 788 5438 ttaestradgos
804 5375 830 5425 al

514 278 799 345 routmtcntus
820 278 1046 346 mdocbtttn
1066 281 1218 348 octava.
1628 292 1688 354 ibi

904 417 934 480 ia
958 423 1056 502 cappis
1082 422 1144 508 suis
1164 432 1221 485 etc.
1242 424 1333 485 Facta
1353 437 1397 488 est
1422 431 1568 509 processio
1590 431 1691 512 suaque

903 519 939 581 ad
961 519 1204 604 tobiamlilextra
1224 543 1361 604 magnam
1381 529 1478 589 aulam
1500 530 1614 606 Palatii,
1639 533 1691 594 ubi

902 619 1033 685 Pontifex
1056 618 1183 703 projecit
1201 626 1333 690 candelas
1353 632 1477 710 populo;
1499 634 1603 717 quibus
1617 655 1692 717 pro·

899 719 986 798 jectis
1007 743 1144 788 reversus
1163 740 1206 789 eat
1226 728 1263 789 ed
1284 733 1462 810 cappellam,
1478 733 1539 809 ubi,
1555 736 1691 817 depositis

902 836 953 903 pet
982 826 1149 890 Cardinales
1177 841 1206 891 et
1226 834 1377 911 praelatos
1396 839 1590 915 paramentis,
1612 831 1690 900 dicta
1773 912 1774 917 γ

901 937 945 987 est
966 927 1052 988 missa
1073 947 1155 992 more
1174 932 1269 1004 solito,
1284 943 1313 994 et
1334 951 1390 995 non
1408 936 1468 997 init
1484 956 1603 1012 sermo-3
1618 956 1691 1001 can·

903 1027 980 1089 delas
993 1028 1065 1108 duas
1076 1049 1196 1109 magnas
1211 1033 1302 1094 tenuit
1311 1035 1485 1098 Franciscns
1495 1037 1568 1101 Cibo
1583 1058 1692 1120 supra·

902 1127 1010 1202 dictus,
1033 1128 1111 1191 iilius
1133 1132 1229 1212 Papae
1246 1152 1264 1193 a
1285 1135 1404 1211 dextris,
1424 1148 1454 1199 et
1475 1140 1616 1202 Antonius
1632 1142 1691 1201 tti-

903 1230 1051 1307 randulae,
1063 1244 1120 1296 etc.
1138 1234 1240 1295 Comes
1259 1253 1276 1294 a
1295 1238 1428 1323 sinistris.
1445 1242 1488 1302 lid
1505 1243 1689 1323 evangelium

903 1329 992 1411 Papa,
1013 1331 1203 1409 cardinales,
1231 1347 1262 1396 et
1290 1337 1340 1397 alii
1373 1350 1527 1402 tenuerunt
1557 1343 1690 1405 candelas
1763 1375 1765 1380 ·

869 1484 870 1487 ,
902 1450 990 1506 suasa
1012 1434 1144 1496 similiter
1166 1447 1195 1498 et
1214 1437 1252 1497 ad
1277 1439 1464 1502 elevationem
1486 1443 1668 1505 Sacramenti
1678 1466 1690 1519 3

903 1533 1020 1594 interim
1035 1542 1130 1596 nmen
1145 1555 1228 1599 aerae
1240 1540 1583 1611 scutiferorum—*inerunt
1593 1547 1692 1607 extin-

903 1641 991 1705 ctae,
1010 1633 1060 1694 sed
1084 1635 1122 1694 ab
1141 1638 1300 1700 elevatione
1321 1659 1413 1719 usque
1444 1657 1509 1724 post
1538 1648 1692 1710 comunio-

902 1750 967 1794 nem
993 1724 1191 1811 celebrantis,
1219 1741 1349 1804 scutiferi
1375 1755 1531 1807 tenuerunt
1557 1746 1691 1809 candelas

870 1860 871 1888 3
902 1837 977 1916 ipsas
993 1836 1143 1912 ardentes,
1163 1850 1233 1901 tuuc
1252 1861 1299 1904 aas
1318 1845 1512 1908 extinxerunt.
1527 1847 1624 1908 Finita
1640 1848 1693 1910 be·

902 1938 1062 2000 indictione
1091 1930 1302 2018 candelarum,
1330 1946 1387 2007 boe
1423 1966 1508 2009 mane
1549 1947 1612 2010 dedi
1646 1950 1694 2010 lo-

903 2061 972 2103 earn
988 2046 1146 2106 venerabili
1159 2047 1275 2109 domino
1289 2047 1419 2113 Eroaldo
1435 2051 1476 2117 de¹
1489 2050 1693 2114 Settenbroder

903 2144 1075 2227 Praeposito
1089 2149 1226 2215 ecclesiae
1246 2149 1446 2226 Elesionensis,
1458 2151 1578 2215 Oratori
1601 2152 1692 2214 Sere·

903 2247 1011 2309 nissimi
1031 2249 1119 2331 Regia
1138 2251 1243 2314 Daciae
1264 2253 1293 2312 in
1312 2256 1442 2334 cappella
1463 2255 1611 2336 praedicta
1627 2266 1693 2334 post

904 2348 1065 2414 Oratorem
1094 2352 1173 2433 regis
1192 2354 1341 2429 Potoniae‚
1360 2356 1395 2417 de
1416 2356 1552 2416 mandato
1571 2354 1626 2417 SS.
1656 2355 1692 2415 D.

903 2449 938 2511 tt.
960 2451 1067 2532 Papae,
1085 2474 1120 2516 ex
1139 2455 1256 2517 consilio
1280 2455 1343 2517 att.
1365 2456 1428 2518 DD.
1448 2454 1693 2532 vicecancellarii,

903 2553 1092 2636 Neapolitani,
1113 2568 1142 2616 et
1163 2555 1264 2619 Sancti
1281 2556 1373 2633 Marci
1395 2557 1604 2633 cardinalium,
1622 2558 1692 2618 mibi

903 2655 981 2717 iacto
993 2678 1003 2729 3
1027 2673 1114 2734 quem
1137 2657 1234 2718 locum
1268 2658 1400 2720 domiuus
1427 2660 1573 2722 Eroaldus
1604 2678 1693 2731 acce-

903 2759 1006 2837 ptavit,
1026 2759 1093 2818 licet
1113 2757 1196 2837 prius
1215 2760 1285 2819 mihi
1307 2759 1422 2822 dixisset
1443 2773 1471 2823 et
1488 2762 1585 2822 iocum
1605 2779 1691 2821 suum

903 2879 964 2920 esse
985 2859 1147 2941 immediate
1166 2872 1230 2940 post
1252 2857 1409 2922 Oratorem
1431 2863 1507 2942 regis
1526 2861 1677 2923 Franciae.

945 2961 1032 3023 Faria
1051 2962 1148 3038 tertia,
1163 2981 1237 3023 nona
1255 2963 1406 3038 februarii,
1420 2964 1465 3027 die
1487 2965 1599 3036 martis,
1616 2963 1696 3026 venit

904 3063 940 3123 ad
962 3063 1073 3126 Urbem
1095 3062 1131 3123 D.
1153 3064 1290 3125 albertus
1310 3065 1410 3127 Blesus
1429 3064 1546 3137 doctor,
1564 3074 1593 3123 et
1612 3062 1695 3121 miles

903 3164 1100 3250 Coloniensis‚
1120 3161 1230 3224 Orator
1258 3165 1429 3226 serenissimi
1461 3165 1578 3246 Imperii
1600 3161 1694 3224 nostri

903 3284 955 3346 per
987 3263 1023 3325 D.
1052 3264 1248 3324 Raimundum
1281 3264 1417 3326 Petandii
1435 3262 1694 3327 Prothonotarium

905 3366 1118 3446 apostoticam,
1131 3375 1160 3425 et
1182 3364 1324 3426 Nuntium
1342 3365 1417 3446 apud
1439 3366 1573 3428 eumdem
1595 3363 1693 3444 lmpe-

904 3478 1032 3530 ratorem
1053 3468 1218 3529 existentem
1246 3467 1470 3542 subordinatus,
1493 3468 1543 3546 qui
1573 3465 1695 3526 intravit

904 3568 983 3628 circa
1005 3568 1108 3628 horem
1140 3569 1281 3630 decimam
1303 3587 1408 3629 nonam
1430 3588 1483 3650 per
1505 3580 1620 3650 portam
1640 3568 1693 3628 vt-

904 3669 1026 3743 ridarii,
1046 3669 1156 3731 medius
1176 3670 1251 3740 inter
1272 3670 1439 3750 episcopum
1458 3670 1696 3742 Τοοοοοοοεοιο,

903 3773 1077 3852 Magistrum
1086 3773 1191 3835 domrn
1201 3775 1300 3853 palatii
1318 3775 1478 3854 apostolici,
1493 3792 1510 3833 a
1525 3774 1695 3844 dexterinat

904 3876 984 3936 llius.
1007 3875 1042 3934 Ι).
1055 3874 1196 3935 iacobum
1208 3874 1573 3936 MurchionemBadensem
1588 3893 1605 3933 a
1619 3874 1693 3933 sini·

904 3978 981 4050 stris,
993 3976 1199 4056 principalibus
1211 3976 1369 4037 curialibus
1381 3977 1555 4049 Alemannis,
1567 3974 1694 4036 associa·

904 4087 951 4137 tus
966 4094 1058 4154 usque
1077 4076 1114 4135 ad
1133 4076 1287 4156 hospitium
1294 4076 1433 4155 sungad
1449 4074 1693 4156 propeCampum

902 4178 1019 4250 Florae,
1034 4179 1063 4237 in
1079 4195 1137 4255 quo
1158 4177 1318 4256 hospitatus
1339 4189 1390 4238 est.
1409 4178 1463 4237 Die
1484 4178 1612 4256 sequenti
1635 4174 1697 4236 SS.
1755 4162 1757 4165 ⁸

903 4279 939 4338 Ι).
962 4277 995 4338 N.
1016 4280 1042 4339 ai
1065 4278 1212 4339 honestam
1234 4279 1383 4359 propinatu
1406 4299 1440 4340 er
1463 4278 1553 4353 vino,
1575 4279 1694 4360 spelta,

903 4380 1145 4454 consectionibus,
1173 4381 1319 4461 capponis,
1337 4392 1365 4442 et
1387 4380 1474 4450 rebus
1495 4379 1580 4453 aliis,
1595 4389 1623 4439 et
1649 4378 1694 4438 dic

900 4479 987 4559 jovis,
1005 4483 1156 4542 undecima
1173 4479 1273 4557 bujus,
1290 4482 1390 4545 habirit
1403 4482 1576 4545 audientiam
1590 4481 1628 4540 ab
1641 4499 1696 4542 eo·

872 4569 1160 4645 destN

880 4816 884 4829 '
903 4817 967 4879 lisy:
986 4828 1003 4876 v
1021 4814 1044 4864 el
1067 4812 1133 4874 Papa
1156 4811 1307 4862 Alexandra
1328 4813 1354 4862 le
1370 4812 1414 4861 dio
1432 4823 1465 4862 en
1481 4811 1532 4861 ella
1553 4821 1603 4871 por
1624 4819 1695 4858 oom-

902 4909 1020 4959 panaera
1037 4908 1051 4943 a
1068 4895 1093 4943 la
1109 4894 1207 4951 Reinar
1225 4905 1288 4954 para
1315 4905 1366 4955 que
1392 4893 1432 4940 los
1456 4890 1506 4940 dos
1518 4891 1693 4951 ,tentamenta

902 4978 1038 5027 tnniessea
1063 4974 1087 5022 la
1111 4972 1337 5024 administraciom
1353 4984 1371 5034 y
1388 4983 1421 5020 en
1438 4972 1496 5020 este
1513 4969 1606 5019 mismo
1622 4979 1691 5017 anno

903 5054 1014 5108 estando
1031 5054 1055 5104 el
1071 5055 1125 5116 ltey
1143 5065 1175 5102 aa
1191 5051 1351 5105 barcelona.
1366 5051 1461 5102 ,mario
1488 5048 1516 5098 D.
1538 5048 1637 5098 Alonso
1658 5047 1691 5096 da

902 5136 1036 5186 Cardenas
1052 5134 1165 5184 ttaestre
1176 5131 1209 5180 de
1225 5130 1360 5192 santiagor
1375 5143 1393 5192 y
1412 5133 1532 5178 tomaron
1544 5140 1558 5175 a
1570 5138 1601 5177 su
1614 5136 1692 5174 mano

903 5216 928 5264 la
954 5213 1182 5264 administrantem
1198 5223 1216 5273 y
1233 5208 1324 5259 aiendo
1351 5207 1404 5258 don
1429 5206 1494 5256 tuan
1520 5204 1554 5257 de
1572 5202 1689 5264 Cunniga

902 5293 1015 5344 blaestre
1031 5293 1064 5342 de
1081 5292 1280 5353 Alcantara,no
1297 5300 1376 5352 passo
1392 5299 1428 5337 ua
1444 5296 1512 5339 anno
1529 5296 1580 5347 que
1592 5283 1617 5333 le
1628 5293 1691 5344 per·

904 5372 1045 5428 suadieron
1062 5385 1112 5435 que
1129 5370 1300 5423 renunciasse
1315 5370 1340 5422 el
1356 5367 1432 5420 tilulo
1448 5371 1524 5420 ato.-

1416 5460 1446 5511 18
