3758 6030
187 246 249 310 stit

187 390 357 446 consuetam
378 396 473 460 super,
488 384 619 459 patenam
640 396 696 459 pro
716 378 860 460 episcopa,
876 392 905 441 et
917 381 978 440 mi·-

192 496 293 544 norem
317 500 372 563 pro
394 480 559 553 cardinale
579 477 662 556 juxta
683 479 857 557 credentiam
879 494 979 562 parata

193 586 312 645 luerunt
331 580 390 641 dua
411 580 552 640 intartitia
573 580 659 649 albe,
683 579 742 641 dua
764 598 851 660 panes
870 584 982 662 magni,

195 701 274 744 tritus
293 682 462 754 inauratus,
483 677 559 746 alius
571 681 788 760 inargentatos,
807 692 837 741 ct
855 681 980 742 duobu-

186 784 264 843 ³rllia
286 780 367 856 vini,
387 797 486 842 unum«
501 781 668 841 inauratum
691 783 719 841 et
741 781 819 841 aliud
832 782 980 863 inargen-

184 883 424 958 tatumsdrma
456 880 618 944 Cardinalis
648 894 678 943 ct
698 879 838 965 Episcopi
865 884 981 965 praedi·

680 242 963 311 adnumeratis
984 245 1208 310 tumtunm
1230 246 1356 311 suxit.

1040 381 1326 461 ‘rexit-Episcopus,
1351 379 1461 441 dicensi
1489 378 1574 442 Deua
1599 378 1833 458 sanctificatio-

1730 240 1834 326 tamt

1045 503 1112 544 neve
1133 493 1187 544 etc.
1210 481 1320 542 Deinde
1352 497 1455 541 versus
1475 478 1511 539 ad
1532 480 1642 540 ditare
1656 479 1833 558 genuflexit,

1045 594 1074 643 et
1094 583 1180 642 dixit:
1205 580 1286 662 Veni
1306 580 1441 643 Creator
1460 581 1606 661 Spiritus
1611 603 1625 652 ,·
1643 579 1725 642 dicto
1742 580 1833 660 prima

1046 703 1133 747 versu
1168 683 1318 753 surrexit,
1354 680 1451 754 sedit,
1486 682 1597 761 accepit
1628 680 1751 741 mitram
1768 725 1782 753 ,a
1806 691 1832 742 et

1046 783 1184 847 extractis
1204 782 1379 844 chirothecis
1413 782 1524 842 inunxit
1545 798 1649 841 manus
1669 779 1830 841 cardinalis

1048 886 1156 959 olem...
1184 893 1274 964 prout
1292 883 1321 943 in
1347 880 1509 943 Pontifieaii
1533 882 1652 943 dicensi·
1678 881 1833 943 Contacta

185 982 313 1046 *ntorum
327 986 357 1045 lu
375 982 470 1046 lundis
483 984 626 1058 habentia,
642 1002 698 1065 pro
712 984 874 1059 offertori03
885 996 914 1046 et
929 1004 980 1046 ca·
1042 997 1077 1048 te
1101 998 1154 1047 etc.
1172 987 1261 1046 Facta
1278 986 1412 1046 unctione
1437 984 1556 1045 extorsit
1572 999 1679 1063 parum
1702 982 1833 1062 pollicem

188 1086 259 1146 sula
280 1084 340 1147 sive
373 1085 487 1164 planata
514 1102 570 1164 pro
594 1082 750 1146 cardinale
783 1095 885 1164 parata
916 1096 981 1146 erat

196 1185 299 1246 ibidem
318 1185 347 1245 in
369 1184 527 1246 credentia:
557 1183 670 1245 Pacatis
690 1186 826 1267 episcopo
856 1198 885 1248 et
904 1185 981 1248 Car·

200 1285 293 1346 dinale
311 1283 468 1365 praedietis
489 1285 517 1345 in
538 1285 700 1347 faldistorio
720 1297 749 1347 et
765 1286 890 1347 scabello
910 1286 980 1360 suis,

186 1386 355 1467 respective
375 1385 494 1448 accessit
510 1399 575 1448 ante
589 1386 681 1450 altare
701 1389 862 1469 episeopus,
880 1399 909 1449 et
927 1386 980 1450 de·

194 1488 287 1565 posita
306 1487 485 1562 sibimitra,
505 1487 576 1549 dixit
592 1488 795 1550 confessionem
816 1507 884 1550 eum
898 1488 980 1550 Car-

194 1586 288 1648 dlnule
309 1607 327 1647 a
347 1588 468 1648 sinistris
494 1590 556 1651 suis
580 1601 686 1663 stonie3
706 1607 764 1668 qua
791 1590 886 1664 dictu,
903 1589 978 1669 Epi·

185 1702 299 1767 tscopus
313 1687 432 1749 accessit
453 1687 489 1748 ad
504 1691 617 1763 altare,
638 1700 670 1753 et·
682 1691 712 1750 in
729 1690 825 1751 medio
841 1710 876 1752 eo
890 1705 978 1752 oseu-

184 1787 254 1848 lato
270 1805 309 1852 ac.
321 1786 395 1849 libro
413 1787 653 1869 Evangeliorum,
670 1790 740 1852 dixit
758 1792 786 1850 iu
802 1809 894 1853 cornu
906 1790 979 1872 Epi·

194 1889 293 1949 stalae‘
305 1888 470 1962 introitum,
490 1893 649 1953 orationem
671 1891 706 1953 de
728 1890 836 1952 Senem
857 1891 975 1972 Grego-

194 1988 260 2063 rio,
281 1998 310 2050 et
338 2007 393 2069 pro
424 1989 581 2052 ordinando
605 1991 659 2052 sub
680 2009 737 2053 una
770 1993 973 2067 conclusione,

182 2087 292 2150 minue
308 2092 582 2153 commemoratione
603 2091 638 2155 de
658 2093 730 2155 ieris
751 2096 808 2154 sub
828 2114 882 2156 sua
904 2114 977 2157 cou-

193 2188 331 2263 clusione,
344 2191 507 2270 epistolam,
520 2191 673 2273 graduale,
686 2203 717 2255 et
735 2204 863 2255 tractum
885 2214 977 2275 usque

180 2288 229 2347 rud
261 2292 396 2352 ultimum
428 2313 546 2355 versum
573 2298 718 2359 exclusive
731 2319 742 2371 ;
774 2296 878 2360 cadem*
907 2301 978 2362 dixit

188 2389 275 2450 etiam
297 2390 458 2455 cardinalis
477 2405 554 2456 stam
573 2397 601 2457 in
616 2416 710 2459 cornu
731 2398 901 2479 Evangelii,
921 2419 976 2463 non

191 2501 286 2551 tamen
305 2510 321 2551 a
343 2494 436 2556 latere
454 2496 605 2577 episcopi,
622 2498 678 2558 sed¹
693 2499 721 2559 in
736 2500 838 2579 capite.
860 2499 912 2560 llis
925 2500 977 2560 di·

182 2592 260 2665 otis,
281 2594 432 2677 episcopus
452 2609 570 2675 accepta
589 2598 675 2660 mitra
690 2599 845 2679 genullexit
868 2602 897 2661 in
918 2602 977 2662 lal-

179 2691 362 2754 'distorioin
383 2691 489 2757 ¹medio
504 2698 619 2758 'altaris
642 2699 705 2759 sibl
726 2712 849 2780 parato,
871 2701 977 2763 Cardi-

188 2791 260 2853 nalis
281 2793 402 2872 adeius
424 2796 570 2868 sinistram
585 2808 657 2860 ante
677 2801 771 2863 altare
792 2821 822 2863 se
843 2814 976 2882 prostra-

176 2894 240 2968 vit,
259 2904 348 2973 prout
364 2894 398 2955 it
413 2896 447 2956 iu
459 2900 729 2974 *consecrationibus
740 2903 975 2977 electorum,et

186 2986 274 3055 dixit
292 2993 429 3057 letaniam
442 3054 445 3059 ,
459 2999 632 3079 episcopus,
664 3013 692 3062 et
712 3001 895 3063 cardinalem
923 3003 975 3065 be·

176 3093 293 3157 <nedixit
312 3104 403 3174 prout
423 3096 452 3156 ln
473 3097 652 3173 Pontifleali,
671 3101 811 3163 bacillum
833 3114 969 3182 pastora-

190 3195 264 3267 lem,
280 3200 357 3256 ‘tune
375 3198 404 3255 in
425 3198 540 3260 sinistra
555 3209 676 3273 tenems3
697 3201 777 3262 linita
799 3203 903 3263 letania
922 3203 976 3264 de·

189 3290 282 3373 posita
296 3295 350 3355 luit
361 3295 513 3359 dalmatica
532 3298 724 3374 scorcione,
736 3303 785 3381 qui
798 3320 898 3363 coram
911 3306 976 3383 epi·

176 3410 283 3475 scopa
296 3407 362 3458 ante
382 3397 576 3460 faldistorium
599 3419 667 3461 cum
688 3404 776 3462 ‘mitra
792 3413 900 3479 stante,
920 3423 975 3484 ge·

178 3495 334 3570 >nufle1it3
354 3503 404 3576 qui
433 3500 584 3580 episcopus
616 3502 714 3563 ambas
748 3521 849 3565 manus
879 3505 975 3586 posuit

179 3612 280 3674 fsuper
301 3609 391 3678 caput
412 3598 575 3662 Cardinalis
595 3602 665 3663 nibil
699 3604 804 3665 dicens.
831 3606 909 3668 ldern
930 3608 974 3669 le·

179 3694 288 3761 -slrnus
309 3719 361 3762 nos
380 3716 478 3769 ornnes
506 3701 565 3785 ⁰¹³⁵,
581 3704 744 3782 presbyteri
764 3704 869 3767 ibidem
886 3725 974 3786 prae-

193 3794 295 3862 sentes.
319 3802 395 3865 Tum
416 3802 563 3882 episcopos
584 3812 614 3865 et
632 3822 682 3865 nos
714 3806 901 3886 presbyteri,
921 3807 974 3868 de-

187 3902 287 3982 positis
309 3903 345 3966 de
364 3905 456 3985 rapite
471 3903 639 3967 -Cardinalis
659 3892 813 3978 manibus,
844 3908 975 3969 extendi·

186 4019 252 4065 mus
272 4004 337 4065 illas
358 4022 461 4067 versus
476 4005 614 4068 *eumdem
635 4007 828 4082 ardinnam,
841 4010 975 4090 episcopo

178 4124 256 4166 cum
272 4109 489 4188 ,mitrastanta
518 4118 548 4167 et
570 4109 704 4171 dieentes
729 4109 858 4174 Oramus
890 4114 975 4208 ‹tite3

186 4207 323 4269 etisainri
344 4219 402 4269 etc.
424 4205 501 4268 Turn
521 4205 692 4289 Episcopus,
713 4211 842 4290 deposita
877 4213 973 4287 mitra,

186 4305 279 4367 dixit:
302 4307 445 4370 Orcnvnr:
461 4319 491 4370 et
513 4328 584 4389 ego:
599 4311 779 4373 Flectuntur
794 4315 975 4395 pentomis·

186 4417 259 4467 note
267 4429 280 4479 ,-
318 4407 482 4489 Episcopus
516 4409 711 4472 continuavit:
748 4413 882 4474 Exaudi
916 4432 974 4475 noa

186 4523 375 4587 quaeramur
390 4507 541 4582 Domine,
561 4520 617 4571 etc.
638 4511 701 4572 Per
717 4513 823 4573 omnio
845 4516 973 4576 aeternio

186 4607 383 4669 soeculorum
411 4619 467 4669 etc.
499 4608 593 4671 Finita
625 4612 801 4692 praelatione
822 4616 973 4697 episeopus

189 4705 283 4779 sedit,
304 4709 416 4787 accepit
436 4711 553 4769 mitram
585 4722 614 4773 et
635 4724 749 4792 partem
782 4714 972 4795 posteriorem

177 4810 277 4870 stolae
296 4811 392 4889 posuit
412 4826 501 4889 super
533 4810 689 4874 humerum
711 4815 845 4876 dextrum
867 4813 973 4875 Cardi-

185 4909 257 4970 nalis
276 4919 306 4971 et
326 4929 390 4972 eam
412 4911 440 4971 in
468 4921 587 4990 pectore
607 4913 767 4993 duplicavit
799 4917 828 4975 in
851 4902 972 4976 m‘odurn

178 5010 284 5081 crucis
305 5009 425 5072 dicens:
444 5011 570 5093 Accipe
590 5012 711 5075 Staium
734 5024 791 5076 etc.
815 5013 891 5087 Turn
914 5017 972 5075 im-

186 5110 282 5187 posuit
301 5111 326 5172 ei
353 5112 519 5191 planetam,
541 5115 583 5174 ita·
603 5125 696 5176 tamen
729 5115 807 5193 quod
829 5117 971 5196 posterior

188 5228 256 5290 pars
276 5223 405 5273 maneret
425 5230 513 5293 super
535 5216 662 5295 spatulas
682 5214 844 5279 Cardinaiis
864 5218 971 5292 dicens,

185 5312 305 5394 Accipe
325 5325 438 5377 vertent
453 5323 508 5376 etc.
530 5313 607 5376 Tum
626 5315 754 5398 deposita
774 5319 878 5394 mitra,
897 5336 972 5381 sur·

1039 1104 1116 1147 cum
1139 1087 1212 1146 mica
1241 1087 1342 1165 parab,
1363 1097 1426 1146 tunt
1447 1084 1524 1145 dedit
1544 1083 1693 1145 cardinali
1716 1083 1833 1144 calicem

1046 1204 1115 1249 cum
1139 1184 1204 1253 rina
1230 1194 1262 1245 'et
1290 1200 1365 1262 aquo
1382 1229 1390 1258 ,
1409 1184 1563 1264 perennet
1593 1182 1692 1244 boetia
1725 1181 1834 1253 dicatu,

1044 1287 1164 1366 Accipe
1185 1295 1243 1345 etc.
1274 1283 1435 1347 Cardinalis
1469 1301 1536 1350 cuna
1556 1284 1649 1346 indice
1664 1325 1667 1331 -
1685 1293 1719 1344 et
1745 1283 1835 1344 ammio

1046 1387 1198 1464 utriusque
1222 1403 1332 1447 ‘mutius
1364 1385 1459 1464 tetigit
1488 1403 1630 1466 cuppam,
1654 1383 1722 1445 aliis
1755 1395 1834 1464 patc-

1046 1503 1130 1568 natn,
1150 1498 1183 1549 et·
1201 1486 1335 1559 bostiam,
1349 1487 1534 1559 et-sorrexit3
1547 1485 1648 1559 deinde
1663 1483 1834 1558 Cardinalis,

1045 1599 1083 1655 et,
1108 1590 1136 1648 iu
1152 1631 1153 1635 ,
1167 1604 1222 1649 suo
1249 1586 1397 1659 scabello,
1419 1588 1632 1648 iavit-ernanus
1654 1585 1737 1648 ldem
1769 1585 1832 1646 lecit

1045 1691 1199 1770 episcopus
1221 1688 1249 1749 in
1271 1687 1442 1749 faldistorio.
1473 1688 1615 1751 Direrunt
1647 1686 1830 1768 postmodum

1046 1793 1181 1851 ultimum
1214 1807 1332 1850 versum
1355 1791 1491 1863 tractus,
1510 1771 1673 1869 Episcopus
1695 1788 1729 1847 in·
1743 1805 1831 1848 corno

1045 1889 1204 1970 Epistulae,
1218 1900 1246 1950 et
1258 1888 1419 1951 cardinalis
1433 1890 1462 1949 in
1477 1889 1572 1951 cornu
1583 1880 1832 1969 arengalium

1046 1986 1246 2071 transportatis
1279 1990 1460 2063 missalibus,
1488 1989 1648 2070 Episcopus
1682 1988 1711 2049 iu
1744 2006 1831 2049 cornu

1044 2091 1215 2172 Evangelii,
1244 2100 1273 2151 et
1293 2088 1456 2152 cardinalis
1477 2090 1506 2149 in
1527 2090 1622 2170 capite
1644 2107 1741 2152 cornu
1763 2086 1830 2168 Epi·

1038 2192 1144 2262 stolae,
1167 2190 1302 2250 dixerunt
1316 2189 1522 2270 Evangelium,
1539 2189 1646 2263 Credm
1659 2202 1690 2251 et
1707 2187 1830 2251 Ollerto-

1044 2292 1146 2364 rium3
1162 2291 1268 2369 qulbus
1285 2290 1379 2364 dietis,
1394 2289 1567 2363 cardinalis,
1581 2309 1685 2351 comm
1703 2292 1828 2372 episcopa

1045 2392 1072 2451 in
1093 2387 1256 2452 tstdistorto
1276 2392 1304 2459 in
1335 2391 1429 2453 media
1458 2393 1558 2454 altaris
1579 2393 1762 2453 cummium
1786 2411 1827 2451 se·

1044 2492 1151 2566 dente,
1183 2491 1350 2570 genuflexus
1382 2491 1491 2578 obtulit
1522 2493 1549 2553 ei
1571 2493 1630 2554 duo
1667 2492 1827 2565 intortieia,

1044 2591 1116 2653 duos
1146 2609 1255 2672 panes,
1288 2604 1317 2654 et
1338 2592 1399 2652 duo
1427 2593 1530 2653 ber-illa
1555 2594 1639 2665 trini,
1676 2610 1827 2671 manusque

1043 2692 1205 2772 recipientis
1226 2691 1452 2753 deosculansad
1467 2695 1579 2773 singula
1594 2707 1687 2774 prout
1700 2695 1735 2754 in
1756 2695 1826 2755 Pon·

1044 2790 1143 2853 tiiieoli
1165 2794 1193 2852 iu
1208 2793 1469 2856 consecrationibus
1483 2796 1644 2856 electorum
1666 2794 1824 2856 ordinatum

1042 2907 1109 2970 est,
1130 2893 1231 2956 deinde
1257 2895 1408 2975 episcopus
1429 2896 1500 2955 lavit
1520 2908 1634 2968 manus,
1657 2897 1779 2957 accessit
1796 2894 1824 2953 ad

1043 2999 1136 3058 allate
1151 3007 1181 3058 et
1193 3008 1368 3077 prosecutus
1390 3008 1432 3056 est
1451 2996 1566 3057 blissarn
1581 3013 1675 3074 usquc
1693 2996 1740 3056 ad
1751 3014 1823 3057 cora·

1042 3088 1228 3172 montionem}
1262 3097 1337 3159 idern
1354 3088 1355 3093 ’
1371 3097 1438 3159 iecit
1455 3161 1457 3164 ,
1472 3097 1635 3160 cardinalis
1672 3101 1700 3159 iu
1736 3116 1822 3160 cornu

1040 3200 1200 3280 praedicto,
1214 3195 1302 3261 etiam
1319 3200 1406 3262 verba
1423 3200 1654 3262 eovtseerationis'
1671 3200 1822 3280 proferens.

1041 3300 1126 3360 Dicta
1146 3299 1278 3361 oratioue
1300 3299 1435 3361 Domine
1465 3301 1541 3362 lecu
1557 3293 1717 3373 ‘Cirr-iate,
1740 3302 1823 3382 primo

1039 3399 1199 3481 Episcopus
1218 3401 1297 3461 dedit
1329 3418 1428 3481 pacem
1449 3395 1595 3464 Cardlnali
1628 3403 1756 3485 sumptis
1777 3422 1820 3483 per

1039 3500 1205 3581 episcopum
1222 3500 1411 3562 Sacramenta
1430 3502 1484 3561 sub
1498 3504 1593 3582 specie
1614 3506 1710 3584 panis,
1722 3516 1751 3567 et
1770 3515 1821 3565 tata

1040 3601 1199 3685 sanguigne
1229 3613 1259 3664 et
1289 3603 1434 3683 particula
1469 3604 1498 3662 in
1525 3606 1638 3679 calice.;
1664 3603 1818 3685 'antequam

1040 3702 1146 3781 digitos
1178 3704 1288 3765 ableret
1319 3706 1546 3766 communicavit
1576 3706 1763 3769 cardinalem
1791 3707 1819 3767 de

1040 3814 1164 3882 corporo
1186 3813 1297 3864 tantum
1320 3823 1372 3884 pev
1393 3807 1544 3885 specialem
1567 3806 1692 3868 bostiam
1723 3826 1775 3887 pro
1790 3825 1819 3867 eo

1040 3912 1236 3991 consecratam
1243 3927 1253 3979 ;
1276 3917 1343 3966 tum
1364 3905 1429 3966 dedi
1452 3905 1684 3986 purificationem
1720 3907 1818 3970 Cardi-

1040 4006 1097 4065 nali
1116 4004 1152 4066 de
1173 4005 1278 4068 calice·
1295 4007 1403 4067 Deivtde
1420 4008 1571 4087 episcopus
1595 4008 1690 4069 abluit
1712 4009 1818 4090 digitos,

1039 4116 1136 4186 postea
1158 4121 1276 4177 manus,
1297 4106 1413 4168 interlin
1436 4109 1548 4168 missale
1569 4101 1735 4169 cardinalis
1755 4128 1818 4190 por·

1040 4215 1132 4267 tatum
1151 4207 1209 4269 luit
1224 4207 1260 4267 ad
1279 4218 1366 4288 caput
1388 4226 1481 4270 cornu
1497 4208 1650 4289 Evangelii
1664 4222 1699 4271 et
1716 4211 1818 4270 mosaic

1039 4308 1166 4387 episcopi
1191 4308 1227 4367 ad
1261 4327 1352 4369 cornu
1368 4310 1518 4389 epistolae.
1531 4309 1642 4392 *Epise
1665 4311 1751 4372 dixit:
1762 4315 1820 4394 jam

1038 4426 1103 4469 non
1115 4409 1284 4473 dicrrmaoa
1306 4431 1413 4474 cernor
1431 4422 1488 4473 etc.
1509 4432 1609 4474 versus
1631 4404 1667 4473 nd
1684 4413 1820 4494 Populum

1039 4518 1068 4567 et
1098 4510 1207 4569 Altava.
1241 4509 1358 4584 interitu
1390 4511 1553 4574 Cardinalis
1582 4516 1610 4574 in
1646 4531 1743 4575 cornu
1774 4531 1820 4574 sua

1039 4606 1110 4668 dixit
1130 4608 1234 4682 orado,
1256 4621 1345 4689 prout
1358 4604 1397 4684 'in
1411 4611 1600 4686 Pontibeali3
1617 4616 1726 4692 quibus
1746 4616 1820 4674 dietis

1039 4708 1201 4788 episcopus,
1219 4720 1337 4790 accepta
1358 4715 1458 4786 mitro,
1479 4710 1552 4772 sedit
1567 4713 1595 4771 in
1616 4713 1777 4773 faldistorio
1795 4715 1819 4772 in

1039 4807 1133 4870 medio
1151 4809 1252 4869 altaris
1270 4811 1324 4870 sibi
1342 4823 1467 4890 parato,
1487 4823 1516 4872 et
1530 4813 1630 4872 ambas
1653 4831 1756 4873 manus
1770 4831 1818 4892 pa·

1038 4911 1097 4971 suit
1112 4909 1199 4991 super
1219 4921 1307 4991 eaput
1326 4911 1490 4974 cardinalis
1509 4932 1611 4974 coram
1625 4932 1656 4983 se
1670 4913 1816 4994 geunnen,

1038 5010 1149 5074 dicens:
1169 5013 1287 5094 Accipe
1304 5012 1462 5095 Spiritum
1479 5012 1630 5076 Sanctum
1648 5025 1705 5075 etc.
1721 5013 1818 5095 Expli-

1038 5114 1118 5174 cavit
1148 5113 1248 5176 deinde
1269 5112 1458 5194 posteriorem
1480 5125 1593 5194 partem
1623 5116 1755 5195 planetae
1780 5113 1818 5172 di·

1038 5232 1126 5278 cens:
1150 5215 1244 5278 Staio
1273 5215 1476 5277 innocentiae
1494 5225 1552 5277 etc.
1585 5215 1662 5277 Tum
1686 5234 1817 5278 surrexe·

1038 5328 1108 5379 runt
1129 5314 1226 5392 umba,
1247 5328 1276 5378 et
1302 5318 1464 5398 episcopus,
1486 5319 1615 5400 deposita
1633 5320 1734 5394 mitra,
1754 5335 1815 5399 per·
