3758 6030
48 209 162 300 (rana)

96 355 249 415 Postremo
275 348 449 429 sequebatur
476 350 635 432 Imperium
667 351 762 415 serens
791 369 844 410 re—

50 451 157 513 xillum
178 452 294 530 aquila,
312 452 437 529 galeam,
453 449 601 524 Diadema,
623 449 763 535 hiuudurn
783 449 843 510 sire

1 748 4 758 ⁵
50 685 153 737 Terras
171 686 268 736 Firmus
285 688 407 737 inventas
424 690 450 736 el
468 686 658 745 inveniendas,
681 685 801 736 detectas
819 688 845 734 et

50 765 217 829 detegendas
241 778 335 815 versus
360 765 529 815 Occidentem
545 769 571 815 et
586 765 739 824 Neridiem,
763 762 846 812 labri·

51 847 140 896 cando
163 848 189 894 el
213 840 393 893 construendo
407 858 484 894 uuam
501 845 605 894 hineam
623 859 637 893 a
654 844 715 893 Polo
732 845 845 905 Arelica,

52 925 158 972 scilicet
174 916 372 984 septentrione,
388 922 420 972 ad
436 922 524 972 Polum
540 923 728 981 antarcticum,
745 920 846 970 scilicet

54 1002 193 1052 meridiem
210 1002 282 1063 (slve
298 1001 397 1051 Terrae
408 1002 510 1052 Firmae
526 1007 553 1051 et
571 1001 672 1050 insulae
686 1002 806 1050 inventae
819 1004 846 1049 et

55 1081 233 1131 inveniendae
259 1080 435 1131 sintrers'us
458 1074 557 1130 indiam
584 1087 628 1142 aut
652 1092 746 1128 versus
769 1081 845 1128 allam

50 1173 249 1223 quamcumque
266 1163 400 1223 partem),
424 1173 488 1222 quae
504 1157 582 1209 linea
600 1159 681 1229 distet
698 1172 712 1207 a
728 1158 846 1220 qnalibet

54 1238 221 1300 insularum,
237 1251 304 1300 quae
323 1240 466 1300 vulgariter
483 1242 668 1301 nuncupantur
684 1238 714 1287 de
730 1238 768 1287 los
783 1236 846 1287 Aso-

53 1329 96 1367 res
112 1330 130 1378 y
146 1307 216 1366 coeo
228 1317 322 1372 Vade,
342 1322 447 1367 centum
464 1317 549 1367 leucis
566 1330 660 1367 versus
678 1317 845 1367 Occidentem

51 1394 249 1456 et‘lleridiem‚
266 1399 301 1446 ita
318 1397 388 1459 quod
404 1409 495 1446 omues
514 1395 616 1446 lusuluo
633 1400 659 1445 et
675 1395 773 1444 Terrae
791 1395 846 1444 Fir·

52 1489 113 1525 mae
131 1480 252 1539 repertae
264 1480 291 1526 et
304 1476 487 1539 reperiendae,
502 1475 623 1524 detectae
640 1478 667 1523 el
684 1473 845 1537 delegendae

52 1569 77 1614 a,
88 1555 206 1618 praelata
225 1556 293 1604 linea
310 1568 404 1604 versus
421 1554 590 1605 Occidentem
609 1558 635 1602 at
647 1553 781 1611 Meridiem
798 1566 847 1615 per

54 1634 136 1682 alium
156 1633 251 1695 Regem
268 1636 313 1682 aul
324 1633 470 1695 Principem
487 1631 664 1682 Christianum
680 1645 732 1680 nnn
750 1631 847 1681 inerint

53 1712 196 1761 actualiter
207 1724 349 1774 possessae
362 1725 446 1774 usque
460 1711 493 1761 ad
504 1711 573 1760 diem
584 1711 735 1762 Natiuitatis
745 1710 845 1759 Domini

54 1791 142 1839 nostri
158 1788 220 1838 lesu
237 1789 340 1838 Christi
350 1789 472 1852 proxime
488 1791 662 1853 praeteritum
680 1804 763 1855 aquo
781 1791 847 1839 inci·

54 1871 95 1931 pit
108 1881 193 1917 annus
205 1880 334 1931 praesens
347 1869 502 1941 millesimus
513 1869 786 1932 quadringentesimus
798 1881 848 1917 uo·

54 1951 207 2011 nagesimus
225 1949 339 2005 tertius;
363 1948 469 2011 quando
483 1936 591 2000 *inerint
614 1962 660 2012 per
682 1950 797 2002 Nuucios
820 1953 847 1999 el

53 2026 215 2089 capitaneos
246 2031 352 2076 vestros
376 2031 497 2078 inuentae
523 2029 625 2091 aliquae
652 2028 846 2092 praedictarum

55 2105 224 2165 insularum,
249 2108 407 2156 auctoritate
431 2106 625 2169 omnipotentis
646 2105 691 2156 Dei
718 2105 796 2169 nohis
821 2108 846 2157 in

54 2185 136 2235 Baelo
150 2185 226 2235 Petro
238 2197 364 2235 concessa
381 2198 411 2235 ac
428 2184 574 2241 vicariatus
592 2190 653 2237 lesu
672 2185 785 2245 Christi,
797 2199 847 2251 qua

54 2264 191 2326 {ungimur
210 2263 332 2313 interris
350 2277 408 2314 cum
432 2250 554 2314 omnibus
579 2265 682 2315 illarum
706 2265 846 2327 dominiis,

54 2340 225 2410 Civitatibus,
238 2340 347 2402 Castris,
363 2341 628 2406 Locis,Juribusque,
644 2348 670 2405 et
685 2342 848 2394 iurisdictio·

56 2424 137 2472 nibus
155 2435 185 2472 ac
201 2423 371 2486 pertinentiis
388 2409 520 2473 universis
537 2424 614 2474 vobis
636 2423 846 2488 haeredibusque

55 2506 84 2551 et
97 2502 408 2569 successoribusvestris
421 2503 551 2553 castellae
563 2493 589 2552 et
599 2503 719 2566 Legionis
735 2503 847 2567 Regibus

57 2579 84 2629 in
101 2586 265 2644 perpetuum
275 2586 367 2632 tenore
379 2584 558 2645 praesentium
576 2582 714 2644 donamus,
724 2583 848 2633 concedi·

55 2671 127 2718 mus,
141 2661 314 2723 assignamus.
331 2674 434 2724 vosque
446 2665 472 2712 et
484 2657 611 2712 haeredes
629 2672 847 2721 acsuccessorea

57 2739 197 2801 praelatos
212 2741 314 2789 illarum
327 2740 451 2791 Dominos
468 2753 527 2790 cuna
544 2741 621 2804 plena
635 2741 717 2791 libera
735 2745 761 2791 el
778 2753 848 2790 com-

56 2817 146 2867 moda
157 2823 302 2881 potestate,
319 2823 476 2873 auctoritate
494 2821 520 2869 et
537 2819 717 2877 iurisdictione
737 2819 846 2870 tacimus

55 2887 246 2948 constituimus
264 2901 291 2947 et
308 2898 475 2960 deputamus.
558 2894 560 2900 '

100 2975 281 3026 Deceruenles
298 2977 475 3027 nihilominus
490 2989 539 3040 per
556 2976 704 3037 hujusmodl
728 2976 849 3027 donatio·

57 3067 136 3114 nem,
154 3057 364 3116 concessionem,
380 3059 407 3105 et
424 3056 627 3118 assignationem
644 3061 761 3121 nostram
783 3055 847 3105 nulli

56 3134 209 3183 Christiano
232 3133 355 3196 Principi,
374 3137 420 3198 qui
439 3137 578 3185 actualiter
598 3137 732 3198 praelatas
750 3134 848 3185 insulas

57 3217 86 3263 et
98 3213 196 3263 Terras
213 3213 311 3263 Firmus
327 3215 494 3277 possederit,
511 3228 595 3277 usque
613 3215 645 3265 ad
662 3214 760 3264 dictum
778 3216 847 3265 diem

56 3291 211 3343 Natiuitatis
222 3293 324 3342 bomini
341 3293 403 3344 lesu
420 3294 517 3344 Christi
534 3296 574 3352 ius
592 3295 740 3357 quaesitum
757 3292 848 3344 subla·

58 3376 114 3422 tum
131 3368 242 3435 intelligi
259 3384 340 3435 posse
367 3378 413 3422 aut
435 3373 533 3422 aulerri
557 3370 665 3424 dehere.
690 3373 721 3424 El
738 3377 847 3436 iusuper

58 3450 214 3500 mandamus
227 3451 305 3500 vobis
318 3453 344 3501 ln
358 3454 455 3502 virtute
467 3456 575 3502 sanctae
587 3453 753 3503 obedientiae
768 3455 848 3512 (sicut

57 3532 232 3594 pollicemini,
250 3535 276 3581 et
294 3545 345 3583 non
370 3531 521 3582 dubitamus
545 3546 593 3595 pro
617 3522 708 3583 vestra
733 3534 847 3583 maxima

57 3611 201 3662 devotione
213 3616 239 3664 et
250 3612 328 3676 Regia
346 3613 563 3676 magnanimitate
581 3627 628 3664 vos
646 3627 706 3664 esse
720 3614 847 3674 iacturas)

58 3695 88 3743 ul
100 3693 134 3741 ad
146 3691 242 3742 Terras
258 3693 358 3743 Firmas
376 3697 403 3743 el
420 3694 520 3744 lnsules
538 3694 686 3757 praedictas
704 3695 775 3743 viros
786 3706 849 3756 pro·

60 3770 109 3820 bos
123 3774 150 3821 et
160 3771 241 3824 Deum
254 3773 386 3832 timentes,
398 3773 501 3831 doctos,
510 3773 626 3836 peritos,
638 3776 665 3822 et
676 3778 802 3834 expertos
815 3772 847 3822 ad

58 3850 244 3901 instruendum
263 3853 362 3902 incolas
380 3857 405 3902 et
423 3852 588 3902 habitatores
605 3842 738 3915 praelatos
756 3854 780 3901 in
797 3851 848 3903 tide

58 3930 199 3988 catholica,
212 3924 326 3980 ethonis
346 3930 464 3980 moribus
477 3931 645 3980 imbuendum
655 3930 789 3981 destinare
801 3930 850 3980 de·

59 4010 158 4069 beatis,
168 4022 270 4059 omnem
282 4010 397 4060 debitam
408 4011 567 4074 diligentiam
577 4012 601 4060 in
609 4011 764 4073 praemissis
775 4011 848 4060 adhi-

59 4089 206 4140 benteshc
218 4089 417 4152 quibuscunque
435 4092 555 4152 personis
572 4092 752 4153 cujuscunque
766 4089 849 4152 digni·

59 4167 848 4231 tatis,eliamtmpcrialisetilegalis,status,gradus,ordinis
876 4216 877 4221 ,

59 4251 103 4300 vel
120 4248 278 4299 conditionis
296 4248 345 4298 sub
362 4249 642 4297 excommunicationis
659 4248 725 4297 latae
743 4252 849 4297 senten·

59 4330 113 4378 tiae
130 4322 231 4390 poena,
248 4340 326 4390 quam
344 4340 376 4377 eo
393 4329 466 4389 ipso,
483 4328 505 4376 si
522 4326 743 4383 contrafecerinl,
760 4327 849 4375 incur·

59 4409 136 4466 rant,
152 4406 297 4455 districtius
313 4406 476 4464 inhibemus,
492 4418 526 4457 ne
542 4404 576 4454 ad
592 4404 693 4455 Insulas
710 4407 737 4454 et
749 4403 849 4454 Terras

59 4483 162 4535 Firmas
174 4486 294 4534 iuventas
312 4489 339 4535 et
356 4484 536 4546 inveniendas,
553 4485 673 4534 detectas
685 4487 712 4532 el
724 4482 847 4546 detegen·
860 4516 863 4519 -

58 4563 107 4614 das
127 4577 222 4616 versus
239 4563 409 4613 Occidentem
428 4568 453 4613 et
470 4563 621 4625 bleridiem,
644 4562 796 4614 lubricando
822 4565 848 4612 et

58 4642 239 4693 construendo
256 4642 360 4691 Lineam
379 4655 392 4690 a
409 4641 468 4691 Polo
485 4642 589 4692 arctico
601 4641 634 4711 ad
644 4639 733 4691 Polum
750 4643 849 4691 Aulai-

58 4725 172 4784 cticum,
192 4724 250 4773 siva
270 4722 369 4772 Terrae
390 4711 491 4772 Fi'rmae
514 4725 540 4772 et
557 4722 660 4771 insulae
683 4722 805 4770 inventae
822 4723 848 4769 el

60 4801 233 4865 inveniendae
254 4801 306 4851 sint
328 4810 423 4851 sersus
441 4801 559 4859 indiam,
583 4804 628 4850 aut
652 4813 746 4850 versus
772 4799 849 4848 aliam

60 4870 246 4946 quamcunque
268 4883 388 4942 partem,
409 4892 476 4942 quae
497 4878 577 4929 Linea
594 4880 674 4929 distet
697 4894 711 4930 a
733 4877 849 4947 quolibet

62 4960 237 5019 insularum,
262 4971 330 5020 quae
364 4958 508 5021 vulgariter
539 4963 723 5020 nuncupantur
753 4959 783 5007 de
812 4957 849 5007 los

58 5042 154 5092 mores
180 5053 197 5101 p
224 5038 291 5090 cabo
318 5039 395 5090 Verda
421 5044 526 5089 centum
548 5039 630 5087 leucis
657 5050 752 5086 versus
775 5037 850 5086 Occi-

60 5124 168 5172 dentem
185 5121 377 5180 elbleridiem,
402 5124 431 5170 ut
455 5120 617 5187 praefertur,
644 5131 692 5180 pro
717 5116 848 5167 mercibus

60 5202 191 5252 habendis
216 5202 257 5249 vel
282 5201 448 5263 quevisalia
472 5199 504 5248 de
529 5212 609 5248 causa
626 5197 755 5248 accedere
772 5209 850 5257 prae·

59 5284 185 5340 sumant,
209 5281 309 5344 absque
326 5287 416 5333 vestra
440 5293 471 5332 ac
495 5279 637 5330 haeredum
662 5281 688 5328 et
713 5287 851 5327 successo.

534 208 820 276 eourmrmrus
843 213 1067 312 russanum
1093 217 1220 283 saxar.
1640 215 1702 277 aar

913 373 1060 434 murum,
1092 368 1266 436 sceptrum,
1298 354 1454 435 gladium,
1486 353 1639 417 heraldum
1672 366 1702 416 et

914 474 1023 534 equum
1045 457 1211 517 maximnm.

915 701 972 738 rum
990 693 1140 739 vastrorum
1158 690 1353 752 praedictorum
1379 691 1482 740 licentia
1506 692 1623 753 speciali.
1643 692 1702 743 Non

915 766 1082 835 obstantibus
1104 767 1341 818 constitutionibus
1359 773 1385 819 et
1401 768 1617 819 Ordinationibus
1634 770 1703 832 ltpa-

915 848 1016 897 stolicis
1034 846 1184 910 ceterisqus
1208 849 1348 898 contrariis
1365 847 1582 910 quibuscunque,
1600 849 1625 897 in
1642 849 1702 908 illo,

915 939 931 975 a
953 935 1005 989 quo
1030 926 1141 989 imperia
1168 930 1195 976 el
1222 927 1430 993 dominationes,
1457 941 1488 977 ac
1514 927 1582 977 hona
1609 931 1703 977 cuncta

914 1004 1070 1067 procedunt,
1088 1005 1247 1055 confidentes
1264 1004 1343 1067 quod,
1360 1004 1490 1068 dirigente
1506 1004 1615 1054 Domino
1628 1008 1702 1053 actus

917 1089 1036 1145 vestros,
1054 1072 1076 1134 si
1093 1084 1243 1141 hujusmodl
1261 1089 1380 1134 sanctum
1398 1089 1429 1152 et
1447 1083 1578 1134 laudabile
1603 1096 1704 1146 propo·

915 1163 996 1213 situm
1013 1163 1230 1226 prosequamini,
1242 1162 1318 1212 brevi
1332 1167 1450 1226 tempora
1462 1176 1521 1212 cum
1533 1162 1659 1212 felicitate
1677 1167 1704 1214 et

916 1243 998 1303 gloria
1011 1242 1091 1291 totius
1106 1241 1196 1304 populi
1214 1236 1355 1290 Christiani
1369 1241 1452 1290 vestri
1466 1237 1572 1290 labores
1584 1245 1611 1290 et
1621 1254 1704 1290 cona·

916 1324 972 1378 tus,
990 1323 1088 1370 exitura
1107 1321 1286 1370 felicissimum
1303 1324 1504 1383 consequentur.

958 1398 1052 1449 Verum
1070 1402 1130 1463 quia
1147 1400 1251 1450 difficile
1275 1400 1344 1450 leret
1368 1403 1525 1463 praesentas
1549 1400 1653 1448 litteras
1670 1399 1704 1447 ad

916 1480 1017 1542 singula
1034 1493 1140 1543 quoque
1166 1480 1247 1547 lnce,
1265 1482 1290 1529 in
1313 1479 1411 1543 quibus
1436 1479 1582 1542 expediens
1607 1479 1705 1532 luerit,

916 1556 1029 1616 deterri,
1047 1559 1168 1609 volumus
1185 1569 1215 1607 ac
1232 1562 1306 1608 motu
1330 1557 1357 1608 et
1382 1560 1492 1608 scientia
1508 1557 1638 1608 similibus
1654 1555 1703 1606 de·

915 1624 1065 1697 cernimus,
1082 1636 1154 1700 quod
1176 1638 1278 1687 illarum
1293 1639 1485 1705 vtransumptis
1504 1648 1581 1685 manu
1606 1633 1703 1699 publici

915 1716 1015 1768 Notarii
1033 1719 1116 1778 rogali
1134 1715 1293 1778 subscriptis
1305 1720 1332 1766 et
1345 1717 1428 1779 sigillo
1446 1715 1555 1778 alicujus
1574 1727 1704 1777 personae

916 1795 943 1845 iu
961 1796 1141 1845 ecclesiastica
1158 1795 1282 1859 dignitate
1293 1799 1467 1853 constitutae,
1484 1808 1531 1845 seu
1549 1794 1644 1843 Curiae
1661 1806 1704 1842 ec-

916 1872 1082 1923 clesiasticae
1100 1875 1222 1930 munitis,
1238 1887 1268 1923 ea
1285 1887 1397 1936 prorsus
1424 1872 1492 1923 tides·
1514 1874 1540 1922 in
1559 1872 1659 1936 judicio
1676 1878 1704 1921 et

916 1957 1011 2011 extra,
1028 1964 1058 2000 ac
1075 1952 1139 2001 alias
1152 1950 1460 2012 'ubilihel‘adhibeatur,
1485 1964 1553 2014 qnae
1574 1963 1703 2013 praesen-

916 2031 987 2082 tibus
1005 2026 1192 2091 adhiberetur,
1209 2032 1231 2080 si
1248 2036 1338 2081 essent
1354 2032 1488 2081 exhibitae
1505 2033 1546 2082 vel
1572 2033 1704 2081 ostensae.

957 2109 1026 2161 Nulli
1043 2122 1105 2172 ergo
1122 2111 1228 2160 omuino
1245 2109 1380 2160 bominum
1398 2111 1476 2160 liceat
1491 2110 1559 2173 hanc
1580 2109 1703 2174 paginam

920 2192 1028 2238 nostrae
1045 2189 1298 2250 Commendationis,
1315 2182 1494 2248 Hortationis,
1508 2189 1703 2251 llequisitionis,

917 2265 1081 2327 Donationis,
1098 2267 1290 2339 concessionis,
1306 2268 1517 2332 designationis,
1534 2267 1706 2317 Constitutio-

916 2348 973 2408 nis,
990 2347 1187 2407 benutatioms,
1204 2348 1321 2409 Decreli,
1342 2348 1475 2408 Naudali,
1490 2347 1656 2398 inhibitionis
1678 2351 1705 2397 et

915 2424 1062 2476 Voluntatis
1077 2427 1221 2489 intringere
1232 2426 1275 2476 vel
1287 2428 1310 2476 ei
1322 2439 1387 2476 ausu
1404 2428 1546 2477 temerario
1562 2428 1706 2476 contraire.

916 2505 941 2555 si
959 2507 1019 2568 quis
1037 2509 1088 2555 etc.
1106 2505 1200 2556 batum
1216 2507 1311 2556 Romae
1328 2507 1398 2568 apud
1413 2506 1437 2555 S.
1452 2506 1557 2556 Petrum
1573 2506 1649 2555 Anno
1666 2506 1704 2555 ia·

918 2586 1076 2635 carnationis
1104 2584 1252 2637 Dominlcae
1279 2584 1417 2655 millesimo
1447 2583 1704 2647 quadringentesimo

916 2664 1085 2727 nonagesimo
1097 2663 1191 2723 tertio,
1208 2663 1240 2713 lv
1257 2660 1340 2714 nouas
1351 2662 1411 2713 maii
1421 2699 1430 2723 ,
1441 2662 1608 2714 i’ontiticatus
1619 2665 1705 2716 nostri

916 2743 991 2793 Anno
1008 2745 1092 2806 primo
1112 2763 1131 2792 ·.
1674 2756 1676 2759 ·

958 2823 1018 2871 Post
1042 2821 1125 2872 breve
1146 2826 1251 2885 tempus
1276 2821 1395 2878 Pontifex
1420 2822 1501 2873 rebus
1523 2821 1656 2884 religionis
1679 2822 1704 2871 in

916 2900 989 2951 Orbe
998 2913 1068 2950 novo
1078 2890 1209 2950 consuluit
1221 2901 1332 2958 directe,
1342 2904 1433 2964 utpote
1444 2904 1517 2964 patet
1525 2910 1558 2950 ex
1568 2899 1617 2949 hac
1626 2899 1707 2949 bulla.

961 3001 971 3024 a
990 2980 1089 3030 Dilecto
1101 2979 1154 3029 lilio
1166 2979 1301 3029 bernardo
1312 2979 1366 3029 Bnll
1377 2979 1454 3029 tratri
1466 2979 1565 3030 ordinis
1578 2978 1705 3029 itinerum

917 3061 1015 3109 vicario
1039 3059 1102 3108 dicti
1123 3058 1229 3108 ordinis
1258 3059 1285 3107 in
1310 3057 1496 3121 Hispaniarum
1522 3057 1610 3119 regnis
1633 3056 1707 3104 salu·

917 3142 1055 3197 tem,etc.

960 3240 971 3260 ·
990 3217 1060 3277 Tibi,
1073 3217 1117 3280 qui
1128 3216 1272 3280 presbyter
1284 3227 1323 3274 es,
1335 3214 1368 3265 ad
1380 3214 1479 3266 insulas
1491 3217 1518 3264 et
1529 3216 1619 3277 partes
1630 3225 1707 3275 prae·

917 3297 1001 3347 dictas
1019 3298 1097 3348 etiam
1119 3310 1179 3347 cum
1200 3293 1330 3357 aliquibus
1352 3294 1431 3344 sociis
1449 3295 1517 3353 tuis,
1534 3292 1578 3344 vel·
1597 3292 1705 3342 alterius

917 3375 1022 3427 Ordinis
1033 3390 1082 3439 per
1099 3381 1124 3426 ta
1135 3379 1180 3424 aul
1197 3375 1304 3424 eosdem
1320 3374 1415 3438 itegem
1427 3377 1454 3424 el
1470 3374 1601 3436 Reginam,
1616 3383 1707 3434 sempe

916 3455 1070 3507 Fcrdiuondt
1086 3456 1108 3504 et
1124 3453 1290 3514 Elisabetliuo,
1307 3453 1447 3516 eligendis,
1468 3452 1636 3514 Superiorem
1658 3465 1707 3500 ve·
1807 3448 1812 3453 ’

917 3538 1034 3585 stroruni
1053 3534 1094 3583 rel
1113 3535 1231 3596 cujusvis
1248 3532 1359 3582 alterins
1376 3542 1457 3594 super
1472 3530 1522 3580 hoc
1540 3531 1645 3580 licentia
1657 3531 1708 3597 mi·

917 3607 986 3664 nime
1014 3614 1164 3691 requisipp,
1179 3611 1339 3670 accedendi,
1355 3615 1381 3660 et
1398 3609 1470 3670 inihi,
1486 3609 1602 3674 quandiu
1619 3610 1708 3659 volue-
1804 3663 1806 3667 ‚

919 3693 991 3747 ritis,
1007 3691 1247 3749 commoranduac
1264 3703 1312 3753 per
1329 3693 1371 3749 te,
1387 3690 1431 3740 vel
1455 3689 1553 3748 alium,
1577 3701 1624 3738 seu
1641 3688 1706 3738 alios

919 3773 951 3821 ad
968 3771 994 3821 id
1010 3772 1119 3820 idoneos
1136 3769 1313 3834 presbyteros
1331 3769 1483 3820 saeculares
1500 3768 1541 3818 rel
1568 3766 1706 3828 religiosos

917 3852 1041 3902 ordinum
1068 3862 1312 3914 quorumcumque,
1331 3848 1441 3918 verbum
1466 3846 1512 3896 Dei
1534 3843 1706 3909 praedicandi

917 3933 944 3980 et
971 3929 1133 3989 seminandi,
1150 3928 1289 3990 dictosque
1310 3927 1408 3976 incolas
1432 3929 1458 3975 et
1485 3924 1650 3974 habitatores
1673 3922 1707 3971 ad

917 4010 994 4060 tidem
1021 4003 1362 4063 catholicam'reducendi,
1384 4016 1482 4066 eosque
1509 4001 1662 4064 baptizandi
1680 4006 1707 4051 et

918 4091 943 4138 in
960 4088 1011 4137 lide
1028 4089 1085 4149 ipsa
1103 4085 1266 4150 instruendi,
1284 4087 1310 4133 et
1328 4081 1507 4140 ecclesiastica
1527 4083 1707 4143 sacramenta,

917 4169 1020 4231 quoties
1041 4178 1107 4228 opus
1132 4163 1229 4224 luerit,
1247 4163 1313 4226 ipsis
1330 4160 1514 4219 ministrandi,
1529 4159 1664 4234 ipsosquev
1680 4164 1706 4210 ct

917 4260 1007 4297 eorum
1025 4244 1170 4308 quemlihet
1195 4256 1243 4306 per
1260 4247 1300 4302 le,
1317 4243 1359 4292 vel
1377 4241 1476 4301 aliurn,
1492 4251 1540 4290 seu
1558 4240 1623 4290 alios
1645 4251 1708 4301 pre-

918 4325 1042 4389 sbyteros
1067 4325 1219 4374 saeculares
1240 4323 1282 4372 vel
1308 4322 1462 4385 religiosos,
1478 4321 1505 4370 in
1527 4332 1618 4370 eorum
1641 4331 1707 4369 cnu-

918 4404 1077 4455 lessionibus
1095 4407 1121 4454 et
1137 4402 1242 4466 qiroties
1259 4413 1325 4463 opus
1342 4401 1439 4459 luerit,
1457 4399 1590 4457 audiendi,
1602 4399 1707 4462 illisque

918 4484 1056 4546 diligenter
1074 4482 1168 4532 auditis
1185 4494 1234 4544 pro
1251 4481 1398 4530 commissis
1415 4492 1465 4542 per
1481 4491 1526 4530 eos
1542 4477 1708 4538 criminibus,

918 4561 1090 4619 excessibus,
1107 4565 1134 4611 et
1156 4561 1273 4617 delictis,
1297 4560 1398 4610 etiamsi
1422 4560 1484 4609 talia
1509 4559 1625 4617 luerint,
1648 4571 1709 4620 pro·

917 4648 977 4706 pter
992 4654 1060 4704 quae
1076 4640 1156 4690 Sedes
1174 4640 1322 4701 apostolica
1340 4639 1434 4703 quevis
1450 4638 1527 4688 modo
1550 4637 1629 4687 inerit
1645 4648 1710 4686 con-

918 4721 1046 4782 sulenda,
1062 4720 1095 4769 de
1113 4719 1289 4769 absolutionis
1309 4718 1400 4768 debito
1417 4715 1595 4779 providendi,
1614 4715 1706 4775 eisquc

918 4801 1106 4866 poenitentiam
1135 4800 1277 4849 salutarem
1305 4796 1476 4859 injungendi,
1497 4806 1547 4844 nec
1569 4805 1622 4843 uon
1645 4794 1708 4841 vola

918 4869 1099 4945 quaecumque
1116 4891 1164 4941 par
1181 4890 1227 4927 eos
1252 4889 1301 4940 pro
1325 4879 1445 4937 tempore
1469 4874 1565 4923 emissa
1578 4907 1586 4929 ‚
1601 4869 1707 4921 leroso-

905 4950 1055 5025 ‘lymilani,
1075 4959 1203 5008 leinum
1221 4955 1406 5018 Apostolorum
1429 4953 1498 5002 i’elri
1523 4954 1550 5001 et
1566 4949 1654 5008 Pauli,
1676 4960 1707 4999 ac

918 5037 1047 5089 S.'lacobi
1073 5038 1099 5086 in
1122 5033 1317 5097 compostella,
1334 5035 1361 5081 et
1377 5030 1514 5094 religionis
1538 5030 1607 5078 volis
1631 5027 1707 5077 dume

920 5122 992 5169 taxat
1008 5115 1143 5179 exceptis,
1164 5116 1189 5163 in
1213 5112 1263 5162 alia
1284 5108 1393 5173 pietatis
1415 5121 1497 5171 opera
1514 5106 1708 5167 commutandi,

920 5210 949 5247 ac
961 5206 1141 5260 quascumque
1153 5192 1295 5249 ecclesias,
1307 5189 1459 5251 cappellus,
1472 5187 1646 5244 monasteria,
1662 5185 1709 5235 do-

901 5292 902 5295 *
920 5288 976 5326 mos
993 5275 1117 5325 ordinum
1143 5281 1366 5335 quorumcumque
1383 5268 1462 5319 etiam
1487 5265 1710 5323 mendicantium,

1427 5363 1457 5412 33
