3780 6030
169 265 191 326 li
683 254 735 315 DE
756 250 874 315 OBlTU
897 247 1000 311 sixti
1022 246 1147 309 Parati
1168 245 1323 318 01111111.

173 409 287 461 vertens
307 416 408 460 versus
435 412 527 458 cornu
546 394 713 474 evangelii,
733 403 766 485 ut
785 390 903 471 epistota
932 398 961 448 et

168 500 351 580 evangelium
369 498 536 560 dicerentur
553 495 627 555 inter
648 495 741 554 altere
760 503 790 553 ct
808 488 959 569 imaginem

169 600 274 661 Bautae
289 598 397 661 lliariae
417 597 521 658 ibidem
535 594 698 676 depictam
714 589 880 654 cardinales
899 606 961 648 ses·

169 701 232 761 suri
247 709 332 760 crunt
347 699 376 759 in
392 696 509 759 banchis
526 696 600 757 inira
616 695 708 755 altare
723 693 752 752 in
770 694 867 772 piam,
878 700 959 749 stan·

173 799 250 860 tibus
265 800 406 881 episcopis
423 811 451 860 et
468 796 646 878 presbyteris
662 794 689 854 in
709 809 801 855 cornu
815 790 961 871 epistolae,

168 912 198 960 ct
215 900 341 961 diaconiis
368 899 398 960 in
428 914 522 959 cornu
547 894 706 974 evangelii3
728 893 758 953 in
777 890 833 952 line
852 889 960 949 scamni

168 1001 372 1081 episcoporum
386 1008 416 1060 et
436 994 676 1077 presbyterorum
690 992 880 1054 cardinalium
896 1003 960 1053 crat

170 1117 320 1161 scamnum
338 1097 475 1158 humilius
494 1116 549 1178 pro
561 1091 738 1156 Oratoribus
753 1093 848 1166 laicis3
863 1086 891 1153 in
903 1089 961 1156 'fine

171 1201 279 1261 scamni
297 1199 497 1270 diaconorum,
510 1206 593 1257 crunt
613 1211 731 1256 scarnnn
749 1194 835 1272 longe
857 1192 960 1252 multi-

171 1300 276 1381 plicata
297 1316 350 1378 pro
371 1298 516 1379 praelatis

212 1397 363 1460 credentia
387 1396 558 1460 celebrantis
584 1407 648 1457 crat
674 1393 804 1475 ponenda
827 1403 892 1452 ante
912 1391 962 1451 ai·

172 1510 251 1571 tore,
272 1509 301 1559 et
322 1497 475 1576 imaginem
502 1494 698 1576 praedictam,
720 1496 798 1555 cirea
821 1503 961 1565 castrum,

171 1609 300 1678 perires
327 1598 415 1660 lineas
427 1643 436 1673 ,
462 1599 555 1678 posita
575 1607 660 1657 erant
681 1613 795 1657 scamno
823 1611 878 1672 pro
899 1592 962 1652 aliis

170 1699 307 1779 praelatis
325 1698 353 1760 in
375 1717 497 1762 numero
518 1699 650 1778 copioso,
668 1708 697 1760 et
712 1696 787 1758 linea
809 1706 961 1755 transver-

170 1799 238 1858 salis
259 1799 448 1878 multiplicata
470 1809 571 1880 parata
597 1797 660 1859 luit.
683 1801 757 1859 licre
784 1814 839 1875 pro
866 1793 960 1874 primo

173 1895 219 1957 dic
234 1908 290 1958 etc.

214 1995 341 2076 Singulis
370 1997 468 2059 dicbm
498 1997 582 2062 tiebat
607 1998 795 2079 congregatio
818 1997 846 2056 in
876 1993 960 2056 domo

171 2094 207 2156 R.
232 2095 268 2155 D.
292 2094 446 2176 liaphuclis
466 2097 498 2159 S.
524 2097 642 2179 Georgii
669 2098 781 2160 diaconi
802 2094 968 2162 cardinatis·

170 2194 207 2255 1).
229 2195 323 2275 Pnpoe
343 2195 523 2270 camerarii,
545 2199 674 2259 omnium
695 2197 892 2261 cardinalium
915 2199 960 2264 vel

170 2292 290 2372 majoris
308 2294 400 2376 partis
420 2317 535 2371 corum,
554 2318 609 2380 pro
629 2299 854 2380 opportunitate,
874 2296 960 2361 rebus

172 2397 362 2459 consulendis.

211 2497 244 2557 ln
255 2496 299 2558 die
310 2498 518 2577 assumptionis
529 2498 631 2560 1100100
642 2498 752 2561 Mariae
765 2498 891 2578 Virginis
904 2516 960 2559 non

170 2596 226 2656 init
247 2596 330 2656 missa
344 2597 478 2658 solemnis
499 2597 528 2657 in
549 2599 678 2677 cappella
700 2597 809 2678 Papae:
829 2597 961 2660 dicebant

169 2697 257 2769 anim,
278 2696 529 2758 reverendissimos
550 2696 716 2760 Cardinalm
737 2700 817 2760 circa
838 2697 961 2777 majora,

170 2814 222 2857 seu
242 2797 298 2856 alia
318 2815 378 2858 esse
399 2808 567 2877 occupatos,
588 2797 623 2857 lt.
645 2799 682 2861 1).
704 2799 857 2863 Cardinale
875 2799 959 2861 l'ice·

172 2897 347 2959 cancellario
364 2898 392 2958 id
412 2898 484 2958 mihi
504 2898 646 2961 referente
666 2899 721 2985 (1).

212 3139 248 3195 (t)
271 3133 426 3186 Cardiuales
442 3137 475 3186 de
491 3137 577 3187 salute
594 3137 701 3201 publica
721 3139 861 3190 consulere
880 3138 961 3189 debe·

172 3210 253 3270 bant,
270 3217 296 3264 ct
312 3213 345 3263 de
366 3216 489 3278 propria,
504 3229 564 3266 nam
581 3217 626 3267 die
642 3217 841 3282 decimaquarta
857 3220 960 3283 augusti

173 3310 183 3331 ·
203 3292 278 3341 multi
296 3293 411 3354 irarenes
433 3299 604 3346 accesserunt
627 3298 720 3347 armati
737 3298 771 3347 ad
787 3297 892 3349 domum
917 3311 961 3349 co·

171 3369 243 3419 mitis
258 3369 425 3436 Hieronymi,
436 3378 560 3435 putantes
571 3375 642 3424 iilum
655 3377 697 3430 ibi
706 3389 786 3440 posse
798 3376 919 3427 inveniri.
929 3377 960 3429 lit

173 3460 232 3499 cum
249 3462 301 3499 non
317 3451 490 3513 invenissent,
502 3457 628 3516 essetque
644 3454 739 3506 domus
751 3455 796 3505 ills
807 3469 855 3519 pro
867 3458 961 3519 majori

173 3533 248 3590 parte
260 3528 437 3592 disgotnbraia
449 3535 475 3581 ci
486 3537 623 3592 evacuata,
633 3535 776 3585 clamantes
788 3535 894 3587 fortiter
910 3534 961 3586 Co-

172 3607 250 3660 10110
256 3645 265 3672 ,
281 3611 409 3670 Golonno,
426 3613 523 3663 dictam
544 3614 650 3665 domum
674 3621 821 3679 ceperunt,
837 3618 960 3680 illamque

172 3689 207 3741 de
223 3692 330 3750 residuo
341 3692 412 3754 qood
423 3691 459 3742 ibi
476 3697 533 3744 erat
549 3694 747 3745 derobarerunt
759 3701 838 3759 atque
854 3695 962 3746 destru-

172 3775 283 3829 xerunt,
300 3775 434 3821 vastantes
456 3774 553 3824 mazzis
571 3773 664 3823 terreis
680 3778 772 3836 portas
787 3778 814 3825 et
830 3773 960 3825 fenestras

172 3861 336 3903 marmoreas
353 3853 403 3900 etc.
420 3849 516 3901 Eadem
534 3851 576 3901 die
589 3852 717 3914 iuventus
733 3864 792 3907 cum
809 3851 893 3902 simile
909 3852 961 3901 cla-

172 3939 244 3976 more
255 3927 449 3977 transTiberim
460 3941 489 3979 se
501 3931 612 3979 contulit
623 3934 649 3980 01
661 3930 713 3981 duo
722 3942 880 3993 magazzena
890 3942 961 3980 mer·

170 4007 246 4057 cibus
257 4007 343 4070 piena,
353 4020 421 4069 quae
434 4011 510 4058 erant
520 4008 876 4069 quorundamlanuensium,
887 4010 962 4058 simi·

172 4082 235 4136 liter
247 4086 280 4135 ad
291 4097 397 4136 saccum
411 4086 555 4146 miserunt;
566 4090 665 4151 etpost
676 4089 789 4147 ilia‚dno
800 4089 897 4138 novitia
908 4091 960 4139 vini

172 4163 455 4225 cuiusdamlanuausis
472 4178 530 4216 cum
549 4169 619 4218 omni
637 4169 813 4219 instrumento
829 4169 960 4219 dictarum

172 4245 278 4293 narium
298 4247 512 4306 asportaverunt.
535 4247 568 4297 Et
590 4251 615 4298 in
635 4247 716 4307 llrbe,
738 4247 898 4310 ubicumque
916 4260 962 4297 re·

172 4324 316 4386 perlatuit
332 4324 419 4388 aliqua
435 4324 529 4375 domus
547 4328 588 4377 vel
606 4327 675 4376 bonu
692 4327 822 4376 diciorum
846 4325 961 4377 laonen-

174 4403 252 4460 sium,
268 4403 390 4452 similiter
401 4408 562 4465 acceperunt
577 4409 629 4454 etc.
647 4405 719 4456 Hulti
736 4404 961 4468 disgumbratorcs

172 4484 200 4530 01
220 4492 309 4531 eorum
326 4483 397 4530 boos
418 4481 452 4531 de
469 4494 521 4531 uno
538 4484 596 4533 loco
613 4484 646 4533 ad
663 4485 741 4533 alium
754 4487 913 4546 portantes,
934 4485 959 4533 vi

171 4556 316 4609 disturbati
326 4559 435 4609 inerunt
451 4563 503 4609 etc.
519 4559 730 4612 conservatores
739 4566 766 4611 et
777 4560 905 4612 Officiales
915 4573 962 4611 ce·

172 4640 268 4700 peruot
291 4650 381 4688 curam
398 4638 537 4698 civitatis,
559 4641 740 4703 miseruntque
761 4642 894 4705 proclama
910 4642 960 4692 sub

172 4729 260 4779 poena
276 4716 429 4775 turcarum,
444 4717 514 4778 quod
530 4718 619 4767 nulius
634 4717 779 4771 otieoderet
793 4721 906 4783 aliquem
917 4732 962 4769 cu·

175 4796 267 4845 rialrsm
288 4797 327 4847 rel
353 4795 420 4846 alios
436 4795 599 4853 decubaret,
616 4803 815 4862 posueruntque
836 4799 961 4849 custodes

176 4876 261 4935 portis
277 4879 305 4925 ei
320 4875 469 4937 pontibus,
485 4878 513 4924 et
536 4874 656 4925 iecerunt
674 4889 755 4926 unum
775 4878 960 4929 Harescalcum

177 4964 227 5016 pro
247 4953 355 5015 guardia
382 4955 408 5004 tn
429 4952 546 5017 qnalibet
571 4953 677 5016 ragione
697 4957 747 5005 etc.
770 4954 962 5005 Transtiberini

173 5031 328 5085 clauserunt
343 5037 436 5095 portas
451 5032 570 5094 eiusdem
582 5032 706 5095 regionis,
718 5037 745 5083 et
755 5034 781 5082 in
797 5036 877 5096 ponte
891 5046 961 5084 noro

174 5116 321 5170 posuerunt
337 5111 428 5162 trabes
440 5116 491 5162 etc.
510 5109 606 5160 Eadem
618 5111 660 5160 die
671 5124 762 5161 comes
777 5110 962 5175 Hieronymus,

174 5186 303 5250 Virginius
319 5187 425 5240 Ursinus
441 5194 468 5240 et
483 5189 579 5253 reliqui
600 5191 704 5241 reversi
725 5194 786 5241 sunt
799 5225 805 5240 .
818 5225 824 5239 .
838 5224 844 5235 .
857 5225 863 5239 .
878 5188 962 5238 Comi-

174 5267 247 5323 tissa,
263 5279 332 5317 uxor
350 5269 453 5319 comitis
468 5268 631 5333 Hieronymi,
646 5273 763 5319 castrum
779 5269 804 5319 S.
818 5270 909 5332 angeli
924 5269 961 5318 in·

175 5347 270 5405 travit3
287 5348 314 5396 01
330 5345 476 5397 cardinalis
493 5347 517 5396 S.
537 5346 606 5399 Petri
629 5347 661 5397 ad
677 5347 782 5399 Vincula
799 5349 896 5399 multos
912 5360 961 5411 pe·

1706 245 1814 331 (aisn

1067 384 1153 446 Faria
1174 386 1259 446 tertia
1281 383 1317 444 tt
1340 383 1445 444 mensis
1464 383 1582 463 angusti
1602 382 1638 442 tt.
1659 383 1696 442 1).
1715 382 1814 445 Rode·

1026 487 1106 547 ricus
1131 485 1279 565 episcopos
1300 483 1438 545 Portuen.
1460 481 1492 542 S.
1514 482 1549 544 H.
1572 482 1606 543 11.
1628 482 1815 545 vicecancel-

1027 585 1138 658 larius,
1158 585 1241 664 prior
1261 582 1475 663 Episcoporum
1499 601 1534 644 ac
1557 584 1685 645 omnium
1707 583 1814 645 Cordi·

1026 687 1146 758 nulium,
1160 687 1189 746 in
1207 685 1323 746 basilico
1337 683 1436 746 Sancti
1447 684 1541 756 Petri,
1556 685 1586 745 io
1601 685 1694 746 altare
1709 683 1815 748 1100100

1024 786 1134 846 Mariae
1145 783 1312 865 supradicto
1322 784 1480 846 celebravit
1490 785 1614 864 primam
1626 786 1741 846 missam
1757 803 1816 865 pu·

1025 887 1131 947 blicam
1145 882 1349 945 defunctorum
1365 903 1419 965 pro
1439 885 1533 944 anima
1554 884 1646 948 bonae
1658 885 1815 949 memoriae

1026 985 1100 1048 Sinti
1120 984 1215 1065 Papae
1236 986 1355 1063 quarti,
1377 987 1546 1048 ceremoniis
1572 987 1724 1049 consuetis
1747 985 1815 1049 Post

1027 1087 1154 1159 missam,
1171 1085 1321 1146 Generalis
1340 1085 1450 1147 ordinis
1471 1086 1570 1148 Sancti
1579 1086 1733 1165 augustini
1748 1086 1816 1149 iecit

1026 1204 1210 1248 sermonem:
1235 1184 1299 1244 HR.
1329 1184 1390 1245 DD.
1419 1184 1645 1267 Neapolitanus,
1665 1197 1695 1247 et
1715 1184 1815 1248 Sancti

1026 1287 1248 1366 Marciepiscopi
1257 1286 1472 1349 Mediolanensis
1482 1300 1512 1351 et
1522 1288 1734 1350 Matisconcnsis
1743 1305 1815 1367 pre·

1026 1387 1136 1468 sbyteri
1152 1386 1330 1459 Cardianus,
1343 1405 1400 1448 una
1417 1406 1485 1452 cum
1500 1388 1663 1452 celebrante
1679 1386 1816 1449 absolve·

1028 1497 1187 1550 runtmore
1197 1488 1741 1572 consueto.lntcriuernntlilillllill.
1750 1488 1815 1552 Uil-

1026 1587 1157 1661 sbonen„
1168 1587 1374 1664 Hoclinnatcn„
1389 1591 1518 1670 ngr-ten,
1529 1590 1630 1652 Sancti
1647 1588 1814 1662 Clementis,

1027 1688 1183 1768 aragonia,
1195 1688 1230 1750 de
1246 1690 1385 1763 Fosearo,
1402 1689 1437 1752 de
1452 1689 1622 1763 Cornidius,
1635 1688 1814 1762 (larundam,

1027 1789 1173 1861 Parmen,
1184 1791 1376 1873 presbytera·
1388 1789 1488 1852 Sancti
1500 1789 1630 1872 Georgii,
1640 1801 1670 1852 et
1680 1790 1716 1851 de
1728 1789 1815 1852 Ursi·

1026 1889 1081 1962 nis,
1097 1890 1228 1953 diaconi
1241 1889 1420 1965 cardinales,
1437 1893 1515 1953 adiro
1526 1891 1598 1953 aiios
1612 1891 1742 1971 quinque
1761 1909 1814 1952 su·

1025 1989 1173 2070 predictos
1187 1990 1238 2069 qni
1252 1991 1282 2052 in
1294 1992 1416 2059 ecclesia
1434 1993 1494 2053 suis
1510 1992 1579 2054 locis
1594 1991 1736 2054 sededmt.
1751 1992 1816 2054 llo-

1025 2091 1116 2152 mincs
1127 2090 1252 2171 lugubre
1265 2090 1358 2152 restiti
1369 2091 1450 2154 lucre
1461 2109 1584 2157 numero
1593 2090 1656 2154 300
1668 2094 1714 2156 rei
1725 2093 1813 2156 circa.

1026 2341 1095 2392 dites
1112 2354 1142 2392 oc
1159 2343 1255 2394 milites
1272 2343 1404 2408 stipendio
1421 2346 1607 2409 acquisivit‚et
1622 2345 1728 2397 domum
1740 2358 1814 2407 uram

1028 2422 1183 2473 mirabiliter
1203 2422 1353 2474 ioriiflcavit
1369 2427 1397 2474 01
1423 2423 1527 2474 fulcivit
1543 2428 1596 2476 010.
1618 2446 1628 2468 ι
1653 2425 1815 2487 lnrmsuaa,

1026 2500 1075 2552 loc.
1091 2502 1133 2552 cit.

1059 2601 1069 2623 ·
1095 2581 1229 2645 Epsrcue
1245 2582 1270 2635 di
1287 2596 1368 2646 sopra
1384 2595 1436 2633 non
1452 2584 1486 2633 ho
1503 2585 1577 2635 detto
1594 2585 1663 2636 delle
1685 2599 1748 2637 case
1772 2585 1815 2638 dei

1026 2660 1176 2721 cardinali,
1193 2666 1259 2712 tutte
1277 2663 1387 2713 s'erano
1404 2677 1491 2715 messe
1507 2666 1534 2715 in
1551 2665 1668 2715 tortezza
1684 2677 1735 2716 coo
1752 2665 1817 2715 ber·

1027 2742 1135 2803 100011ος
1152 2756 1166 2792 0
1184 2755 1245 2793 casa
1262 2742 1304 2794 del
1321 2744 1816 2808 1100000001110100100(100110011οηί,

1025 2835 1078 2873 uno
1094 2821 1161 2873 dalla
1177 2826 1255 2888 porta
1270 2823 1384 2883 dinanzi,
1396 2825 1414 2874 1’
1422 2825 1490 2875 altro
1507 2825 1550 2877 dal
1566 2825 1694 2889 giardina·
1714 2846 1724 2868 ·
1742 2826 1817 2877 Dior.

1025 2899 1086 2952 Not.
1103 2902 1235 2964 Antipori.

1067 2981 1125 3041 (2)·
1143 2978 1189 3029 Die
1205 2980 1294 3031 Hartis
1310 2992 1367 3032 xrrr
1384 2986 1486 3046 angusti
1506 2976 1618 3047 coeptae
1629 2982 1735 3034 inerunt
1750 2996 1817 3035 exc·

1027 3059 1104 3121 quiae
1121 3057 1218 3122 quibus
1235 3072 1287 3108 non
1304 3060 1479 3111 iuterfuerunt
1491 3063 1564 3115 multi
1576 3062 1740 3121 Cardianus,
1752 3075 1817 3125 pro·

1027 3140 1087 3197 pter
1103 3138 1223 3187 timorem
1241 3137 1321 3187 castri
1338 3137 1362 3186 S.
1377 3138 1479 3200 angeli.
1497 3160 1507 3182 ι
1527 3140 1687 3202 insessori,
1704 3141 1753 3191 loc.
1773 3142 1815 3190 cit.

1070 3237 1081 3260 ι
1100 3217 1151 3267 alti
1174 3221 1203 3267 17
1227 3216 1255 3267 tu
1275 3217 1433 3268 comiociato
1449 3218 1586 3281 l’eseqnio
1601 3219 1629 3269 di
1645 3219 1712 3282 Papa
1727 3219 1818 3278 sisto,

1027 3296 1105 3346 caotd
1121 3296 1146 3345 ia
1163 3308 1250 3346 messa
1267 3296 1284 3345 il
1301 3295 1517 3349 vicecancelliere
1525 3330 1534 3359 ,
1548 3296 1564 3348 'e
1579 3311 1633 3349 non
1649 3299 1676 3347 ri
1691 3297 1752 3349 turo
1771 3297 1816 3361 piir

1027 3373 1053 3423 di
1069 3374 1157 3424 undici
1169 3375 1310 3425 cardinali.
1322 3375 1349 3424 Vi
1361 3389 1520 3435 mascarano
1530 3377 1554 3430 S.
1566 3378 1648 3430 Pialro
1662 3378 1690 3426 in
1703 3376 1816 3438 Vincolo,

1027 3451 1146 3517 Hoilctto,
1156 3452 1265 3515 8000110,
1284 3452 1398 3505 Colonno
1414 3468 1428 3505 e
1443 3455 1547 3516 Hilono,
1565 3469 1614 3519 per
1629 3455 1759 3506 divisione
1770 3457 1818 3506 che

1026 3545 1073 3582 era
1089 3537 1129 3583 tra
1146 3533 1172 3581 di
1190 3534 1245 3583 loro
1262 3545 1310 3595 per
1327 3534 1351 3582 le
1367 3534 1436 3595 parti
1453 3533 1479 3584 di
1496 3546 1557 3584 coss
1575 3535 1670 3584 Orsins
1684 3545 1700 3583 0
1715 3533 1743 3583 (11
1754 3545 1817 3583 casa

1027 3611 1153 3674 Goionna,
1170 3627 1184 3662 e
1201 3614 1241 3664 col
1258 3615 1361 3676 signore
1373 3616 1513 3665 Antonelio
1530 3627 1544 3665 0
1561 3612 1817 3666 fratellilitildiin·

1027 3692 1105 3740 nanai
1121 3689 1198 3741 entrd
1214 3692 1241 3740 in
1257 3692 1336 3742 Roma
1359 3694 1375 3742 ii
1396 3692 1535 3744 cardinale
1551 3693 1621 3743 della
1637 3692 1753 3742 Coioana
1774 3692 1816 3742 col

1028 3770 1117 3832 sissoor
1133 3769 1271 3819 Anionelto
1287 3770 1383 3821 Saveili
1400 3783 1414 3819 0
1431 3771 1564 3831 {catellis
1581 3782 1725 3822 menarooo
1741 3772 1815 3822 circa

1027 3849 1124 3899 dumita
1145 3861 1260 3911 persone
1282 3853 1323 3899 tra
1348 3849 1411 3900 10011
1428 3863 1443 3901 0
1459 3852 1553 3901 cavalli
1567 3887 1576 3911 ,
1592 3855 1619 3901 et
1638 3850 1817 3913 alloggiaroao

1028 3941 1108 3977 verso
1132 3928 1210 3977 Sanio
1232 3928 1367 3990 Apostolo-
1389 3928 1478 3979 110010
1494 3930 1588 3981 turono
1604 3931 1669 3981 tatte
1690 3930 1816 3982 dimotis

1028 4006 1122 4057 sbarre
1142 4021 1191 4070 per
1214 4008 1303 4057 itoma.
1319 4007 1339 4059 E
1356 4008 1474 4072 sapaudo
1490 4010 1531 4061 cid
1546 4011 1627 4073 quelli
1642 4009 1669 4060 di
1685 4022 1748 4060 casa
1765 4007 1816 4058 Or·

1028 4088 1094 4144 sina,
1105 4086 1128 4137 si
1146 4087 1211 4136 mise
1223 4087 1249 4136 io
1261 4100 1333 4138 orme
1346 4088 1361 4136 11
1374 4089 1463 4150 signer
1474 4087 1550 4138 Paeto
1562 4102 1612 4140 con
1624 4088 1684 4140 tuiti
1696 4089 1778 4152 quelli
1788 4087 1815 4137 di

1027 4167 1115 4218 lionta
1134 4165 1281 4225 Giordano,
1299 4180 1313 4217 e
1333 4179 1431 4230 pareva
1448 4167 1497 4217 che
1514 4172 1581 4218 tutia
1604 4170 1685 4220 ttoma
1704 4168 1815 4220 oadcsse

1028 4248 1197 4307 sottosopra,
1213 4244 1332 4296 adeoclrd
1350 4236 1467 4297 liaciano
1483 4246 1514 4296 da
1531 4247 1657 4298 fabriano
1673 4247 1757 4310 padre
1772 4248 1817 4300 del

1027 4326 1116 4388 signer
1126 4323 1202 4374 Paulo
1214 4324 1317 4374 andana
1329 4337 1377 4387 per
1385 4322 1467 4374 Ponte
1478 4323 1589 4375 dicendo
1601 4325 1635 4376 ad
1650 4338 1755 4389 agauno
1766 4326 1816 4376 0110

1027 4407 1049 4455 si
1066 4407 1194 4454 mettesse
1210 4404 1236 4452 in
1253 4416 1338 4464 srmc,
1354 4416 1369 4454 e
1386 4407 1473 4453 siesse
1490 4404 1518 4455 io
1534 4405 1642 4468 guardia
1653 4404 1723 4455 della
1738 4417 1815 4465 caras

1029 4486 1083 4536 esi
1099 4484 1226 4534 dubitare
1248 4484 1297 4533 clas
1314 4484 1322 4532 i
1339 4482 1479 4533 Coloanesi
1499 4485 1637 4535 venissero
1658 4496 1672 4533 a
1694 4486 1817 4548 sacraeq-

1027 4566 1099 4627 giare
1115 4564 1133 4612 11
1151 4565 1225 4612 riona
1241 4562 1268 4611 di
1284 4561 1406 4620 Poaiere
1423 4560 1518 4611 turono
1534 4562 1598 4612 istie
1614 4563 1695 4612 molle
1706 4562 1814 4625 guardia

1027 4645 1053 4694 in
1070 4643 1144 4691 datto
1160 4642 1234 4690 ricae
1246 4644 1271 4689 et
1282 4640 1416 4689 andarono
1429 4639 1481 4690 duo
1496 4640 1610 4703 squadre
1621 4641 1648 4690 di
1659 4641 1754 4690 cavalli
1765 4653 1815 4691 con

1028 4723 1052 4772 10
1069 4720 1152 4771 lancie
1169 4721 1218 4769 alta
1230 4721 1318 4769 cascia
1335 4732 1350 4770 0
1366 4732 1416 4769 coo
1432 4720 1466 4782 gli
1482 4720 1583 4770 elmetti
1599 4720 1649 4768 alla
1665 4723 1736 4770 testa
1747 4723 1816 4783 tutta

1027 4802 1050 4850 la
1068 4803 1161 4858 notio,
1175 4797 1301 4861 gridando
1323 4798 1386 4849 Orso
1405 4811 1420 4847 0
1440 4797 1537 4849 cisse
1553 4819 1565 4841 ·
1589 4797 1679 4848 Diorio
1694 4797 1722 4848 di
1737 4797 1816 4849 itone

1028 4880 1071 4930 det
1086 4880 1146 4931 Not.
1163 4877 1189 4927 di
1207 4878 1355 4939 antiperto,
1371 4878 1399 4926 in
1415 4879 1519 4929 Huaar.
1533 4876 1583 4926 loc.
1599 4877 1642 4926 cit.
1657 4888 1684 4937 p.
1701 4877 1773 4928 11111.

1071 4977 1081 5000 ·
1100 4956 1197 5006 Eadem
1213 4955 1257 5006 die
1270 4953 1366 5005 iactum
1383 4955 1431 5006 init
1443 4956 1580 5006 consitium
1598 4956 1624 5005 in
1641 4954 1772 5018 Capitolio
1788 4960 1816 5008 01

1027 5037 1099 5085 cives
1115 5027 1229 5085 ‘Romani
1245 5034 1422 5085 decreverant
1442 5035 1593 5097 supplicare
1614 5033 1818 5094 Cardiualibus‚

1027 5117 1099 5179 quod
1114 5129 1186 5167 arma
1202 5115 1380 5172 dimitterent,
1397 5116 1456 5176 quie
1473 5126 1565 5164 omncs
1581 5115 1607 5164 in
1623 5128 1715 5164 eorum
1731 5113 1820 5165 domi-

1028 5196 1078 5247 bus
1094 5199 1170 5248 erant
1180 5196 1285 5255 armati,
1297 5197 1324 5243 et
1336 5193 1444 5243 multura
1461 5192 1553 5250 iniciti,
1563 5194 1704 5256 plusquam
1719 5196 1742 5244 si
1753 5194 1816 5244 inis·

1029 5279 1088 5326 sent
1110 5287 1189 5324 unum
1211 5272 1349 5329 Castrum
1366 5275 1393 5320 ct
1414 5269 1486 5333 quod
1506 5275 1597 5321 essent
1617 5272 1766 5324 concordes
1789 5274 1816 5322 in

1028 5354 1143 5405 creando
1159 5349 1280 5402 Pontidce
1296 5353 1322 5398 01
1338 5351 1399 5400 cito.
1420 5370 1429 5389 ·
1449 5349 1601 5409 lnrnssoaa,
1618 5348 1664 5398 loc.
1681 5351 1723 5400 cit.
