3758 6030
58 224 171 312 (asoa)

63 374 174 453 recepti
202 379 296 444 suot,
315 380 344 434 et
365 385 449 432 more
469 368 556 435 solito
586 369 719 431 associati
743 367 779 427 ad
801 387 857 448 pa·

62 472 168 533 latium
188 465 411 545 Montisjordani
432 469 629 542 Ursinorun,
649 468 677 528 io
699 486 758 547 quo
772 466 855 530 Mars

62 570 156 644 citio,
176 568 304 644 Comes,
330 578 360 634 et
380 569 494 634 Doctor
515 567 652 649 hospitali
683 579 751 629 sunt
761 590 773 642 3
795 570 855 629 Ar·

63 671 267 752 chicpiaoopus
299 689 369 733 vero
398 681 465 749 post
498 668 628 742 omnium
663 667 854 731 familiarium

63 756 210 836 recessum
232 771 375 849 equitavit
395 770 431 830 ad
453 770 573 832 domum
597 768 758 831 Cardinaiis
779 767 856 831 Nea-

62 871 185 952 politani
205 871 310 933 fratris
330 870 400 944 sui,
427 872 456 930 in
479 889 539 948 quo
563 872 621 951 ipsc
655 870 784 950 hospicio
806 887 854 930 re-

62 981 165 1051 ceptus
192 982 242 1032 est
275 968 483 1050 Equitavimue
506 990 559 1051 per
582 970 750 1044 Coliacum,
771 969 854 1030 iiior·

60 1071 194 1144 iorium,
213 1070 356 1132 Sanctum
378 1070 542 1145 Marcum,
565 1072 685 1133 domum
706 1070 854 1134 Dominici

60 1170 97 1234 de
118 1169 267 1244 Maximis,
289 1170 433 1250 Campum
448 1171 555 1234 Florae
580 1171 625 1234 ria
647 1183 740 1244 reela,
762 1189 853 1249 usqua

61 1272 99 1332 ad
135 1282 262 1352 stratam
295 1290 352 1351 qua
389 1291 440 1352 per
476 1271 629 1336 Parionam
653 1272 854 1343 revertitur,

60 1370 127 1432 inde
145 1370 182 1430 ad
202 1371 344 1450 palatium
366 1372 559 1451 praedictum.-
581 1373 715 1436 Maecilio
736 1373 853 1451 equira-

62 1470 241 1533 rit'medius
264 1473 338 1535 inter
361 1472 397 1533 Ι).
421 1473 537 1535 Pisauri
552 1494 569 1535 a
586 1473 716 1546 dextris,
738 1485 767 1536 et
787 1472 855 1535 Gu-

62 1572 247 1636 bernatorem
268 1574 358 1638 Urbis
393 1593 409 1634 a
440 1575 587 1649 sinistris,
608 1575 853 1655 drobiepiscopus

61 1806 146 1846 erano
171 1806 218 1856 per
241 1793 383 1845 manebara
400 1794 433 1845 de
455 1808 532 1849 omna
557 1808 684 1847 soccorso
705 1800 854 1859 opportuno

61 1886 143 1925 verso
161 1886 228 1936 apso
251 1877 321 1924 stato
336 1874 369 1924 de
384 1875 479 1926 llilano
496 1878 523 1926 et
539 1876 564 1926 ia
580 1888 695 1940 persona
721 1875 748 1925 in
770 1876 853 1938 spatie

60 1950 94 2001 de
122 1953 146 2002 la
173 1951 335 2003 Excellentia
361 1952 456 2003 vostra
478 1954 502 2003 la
527 1956 604 2017 quale
634 1956 720 2005 baono
747 1965 853 2017 sempre

60 2033 150 2080 amato
167 2034 194 2081 et
210 2044 304 2081 emano
320 2043 396 2082 como
413 2031 465 2082 bon
481 2032 541 2083 iiolo
554 2037 603 2084 etc.

155 2107 271 2160 Veneills
288 2109 331 2160 dle
347 2110 362 2160 5
379 2111 471 2173 aprilis
489 2112 559 2162 risa.

435 2190 557 2242 Taddens
575 2189 745 2242 llimereatus.

253 2345 316 2397 Duoi
333 2347 402 2397 Bari.

103 2424 176 2475 illus.
193 2429 234 2475 etc
238 2458 347 2475 .....
363 2426 395 2477 lli
413 2416 478 2477 sono
497 2428 628 2480 ritrovalo
645 2421 704 2480 cum
723 2430 740 2480 il
756 2430 855 2495 Magni-

61 2502 111 2554 Ιοο
127 2505 161 2556 ii.
175 2502 273 2554 loaone
289 2505 452 2570 Bantirogllo
468 2520 518 2570 per
534 2510 673 2561 intendere
684 2509 791 2573 quando
807 2521 856 2573 per

62 2584 80 2631 li
105 2583 178 2634 Daca
194 2583 227 2634 de
243 2583 363 2635 Calabria
389 2600 404 2637 ο
427 2587 487 2638 altri
510 2600 560 2638 con
587 2601 699 2656 numero
719 2588 752 2640 de
778 2592 855 2652 gaola

63 2661 156 2712 darme
180 2665 255 2713 venir
277 2664 382 2716 volasse
404 2678 452 2729 per
468 2667 595 2719 resistcre
618 2669 650 2718 ad
673 2668 804 2729 Pronoeai,
827 2681 855 2718 se

63 2744 159 2802 questo
183 2744 344 2805 reggimento
368 2744 402 2806 gli
421 2746 572 2797 coacederi
590 2761 670 2811 passo
688 2753 714 2798 et
730 2749 856 2815 victualia

64 2831 79 2869 a
107 2821 280 2883 requisitione
308 2822 350 2872 del
379 2824 484 2886 prelato
502 2827 539 2877 lle
556 2831 583 2877 et
609 2826 696 2877 Daca:
722 2840 736 2876 a
761 2831 856 2890 questa

63 2903 141 2963 parte
160 2899 195 2950 mi
210 2900 244 2954 ba
260 2906 384 2965 respoato
401 2903 450 2953 obe
466 2905 572 2967 quando
584 2905 708 2957 Pranzesl
719 2908 857 2956 reniesero

64 2988 140 3028 come
163 2978 198 3037 da
214 2975 260 3040 se,
277 2980 363 3045 petria
384 2994 479 3032 essere
495 2984 544 3034 cbo
561 2997 614 3034 non
632 2997 660 3036 sa
677 2983 819 3048 denegaris
841 2999 857 3036 a

64 3056 106 3105 obi
129 3058 148 3107 li
173 3060 279 3109 volesso
304 3060 438 3111 obsistere
455 3061 488 3111 da
511 3063 599 3115 israeli
617 3066 640 3113 al
660 3067 780 3115 incontra
808 3077 857 3128 per

65 3146 159 3188 essere
183 3140 373 3211 ultramontani
391 3141 441 3189 alls
457 3142 501 3203 plia
519 3146 595 3205 parta
612 3143 644 3193 de
660 3145 746 3196 ltalia=
763 3156 805 3193 ma
828 3158 857 3195 se

64 3214 137 3267 dicta
154 3221 231 3280 genta
248 3219 326 3282 liegia
342 3232 372 3269 ae
389 3219 541 3271 intendesse
552 3222 601 3272 obe
619 3225 755 3273 volassero
768 3225 858 3275 venire

65 3295 100 3347 ad
123 3298 264 3350 molestare
288 3300 314 3349 ei
338 3299 412 3349 Stato
435 3301 468 3350 de
485 3303 516 3349 V.
534 3300 565 3350 li.
581 3304 608 3351 et
624 3313 735 3363 passere
757 3302 784 3351 di
805 3315 856 3365 qua

65 3380 152 3442 prima
168 3378 217 3429 obe
235 3379 358 3429 Fraosesi
375 3391 594 3443 comparessero,
611 3381 635 3430 la
652 3380 748 3434 lixcall.
765 3381 856 3432 Vestra

65 3459 104 3507 sia
121 3445 272 3509 certissima
290 3457 339 3507 obe
356 3470 408 3508 non
426 3470 455 3508 se
472 3458 489 3506 il
506 3457 569 3508 dari
587 3458 619 3507 ne
636 3461 749 3509 transito
767 3460 801 3508 ne
818 3462 858 3510 vi·

65 3533 181 3596 croatia,
199 3538 226 3585 et
243 3534 291 3584 obe
308 3548 338 3586 se
354 3535 372 3585 ii
391 3536 500 3586 obviari
518 3541 544 3586 et
562 3536 616 3586 ieri
633 3539 800 3601 tuttaqaella
817 3551 858 3591 ra·

66 3615 190 3666 sistentia
207 3615 285 3679 quale
301 3608 381 3666 vorrl
396 3617 422 3667 ia
438 3615 555 3679 signaris
571 3619 667 3666 vostra
685 3621 734 3668 eto.
750 3622 801 3669 etc.

159 3694 198 3747 iix
214 3695 330 3746 Bononia
346 3696 439 3746 ultimo
455 3697 541 3749 martii
559 3697 630 3746 atat.

382 3774 538 3825 Pranciscus
555 3775 764 3827 Tranchedinus.

284 3932 456 3997 vigeraul'tt
473 3934 563 3996 aprilis
581 3935 650 3985 liii.
731 3950 734 3959 ·

135 4080 136 4083 Ἴ
170 4011 232 4064 brix
244 4013 312 4063 lieri.
327 4039 358 4050 -
374 4013 484 4067 Domino
502 4012 624 4063 Galaatio
635 4013 756 4066 siortiae.

111 4207 117 4218 .
137 4207 143 4220 .
162 4206 167 4220 .
184 4168 220 4221 Va
237 4168 358 4220 laudamo
375 4170 417 4221 del
434 4170 491 4220 iare
507 4169 575 4221 bene
593 4171 730 4222 intendore
743 4184 756 4220 a
771 4172 859 4234 quello

68 4247 295 4300 christianissimo
311 4250 346 4299 lic
364 4250 387 4299 le
405 4251 592 4300 commissione
609 4252 701 4300 vostre
718 4249 752 4299 de
778 4251 861 4301 ricor-

67 4328 134 4380 dare
156 4330 181 4379 la
204 4340 267 4378 cose
290 4329 441 4379 necessario
466 4340 480 4378 a
503 4328 527 4378 la
551 4329 667 4391 impresa
689 4308 858 4390 desiderata}

68 4409 165 4462 deinde
177 4420 224 4470 per
236 4407 365 4458 solicilare
382 4411 408 4458 et
425 4405 523 4458 redere
540 4408 588 4457 cbe
605 4409 638 4471 gli
656 4408 762 4467 ricardi,
779 4408 859 4459 senze

69 4489 176 4553 liquati
198 4487 269 4538 saria
286 4498 354 4536 rano
376 4499 486 4551 sperare
510 4488 611 4539 bonore
633 4487 702 4538 della
726 4490 859 4551 impressi,

69 4570 144 4619 siano
160 4567 230 4631 posti
247 4567 274 4615 ia
291 4566 395 4616 effecto.

226 4690 289 4741 Daci
306 4691 374 4741 lieri.

82 4789 92 4795 ·
110 4770 179 4820 illas.
201 4774 252 4819 etc.
265 4804 290 4818 ..
308 4805 314 4818 .
334 4806 339 4818 .
356 4770 448 4829 Qoello
464 4770 513 4820 ebe
530 4771 564 4820 de
581 4775 708 4833 presente
723 4783 803 4833 poseo
821 4772 860 4821 si·

68 4849 193 4914 gnificare
210 4848 225 4899 e
241 4861 343 4898 commo
367 4853 462 4911 questa
486 4850 594 4900 biaieati
610 4850 684 4913 {legia
704 4853 731 4899 et
748 4851 773 4898 lo
793 4850 861 4900 illus.

66 4931 119 4994 Sig-
141 4932 212 4978 buca
238 4941 268 4979 aa
291 4940 442 4991 preparano
470 4928 520 4978 alla
550 4928 640 4980 daiesa
666 4935 759 4981 contra
784 4932 861 4982 liran-

67 5012 126 5066 cesi
141 5012 192 5060 etc.
210 5008 229 5058 ll
246 5009 296 5072 Sip.
316 5007 388 5059 baca
405 5009 438 5058 ba
455 5007 479 5058 ei
496 5020 562 5070 peao
577 5009 610 5065 da
622 5010 646 5058 le
666 5009 819 5070 provisione
832 5023 861 5061 sa

67 5092 139 5144 bano
157 5102 172 5144 a
191 5091 247 5139 iare
272 5101 321 5151 per
345 5092 434 5148 terra,
451 5090 478 5137 et
494 5086 548 5137 uon
571 5088 696 5143 Pedarico
718 5089 752 5139 de
769 5090 861 5153 quelle

71 5170 275 5235 peraquaetc.
338 5170 339 5173 ’

165 5247 277 5312 Neapoli
292 5251 309 5298 2
324 5247 474 5300 decembris
492 5249 562 5300 iiia.

498 5329 625 5380 natanias
643 5327 765 5391 straena.
854 5372 855 5375 ,

542 223 826 290 rourlrlutt'tls
840 227 1075 290 'anaxanbar
1096 227 1224 289 SEXTi.
1648 257 1705 318 Ν

922 369 997 432 iarer
1011 370 1252 451 lrobiepiseopos
1264 369 1456 437 Nicosieasem
1472 384 1500 437 al
1515 373 1710 456 Raguainarn,

922 468 1023 535 Comes
1050 472 1123 533 inter
1154 470 1402 535 concordiensem
1427 484 1456 538 et
1489 475 1709 555 Segorbiamem

921 571 1067 649 episcopos
1090 571 1232 649 praelatos
1253 570 1382 645 Palatii,
1404 573 1438 635 1).
1461 575 1601 637 Antonios
1632 575 1709 637 inter

921 670 1084 748 praelatum
1106 669 1209 731 Palatii
1233 689 1250 731 a
1272 671 1379 736 destris
1406 683 1436 734 et
1455 675 1621 755 episcopum
1648 677 1707 737 ra-

920 787 1033 833 censem
1046 766 1202 834 Oratorem
1217 772 1304 852 Regia
1319 785 1349 836 et
1361 773 1487 852 Reginae
1502 778 1707 856 Hispaniarum

920 888 937 928 a
958 871 1090 935 sinistris.
1112 872 1221 936 Deinde
1242 873 1353 952 antiqui
1374 872 1517 939 Oratores
1536 895 1604 937 cum
1619 896 1708 956 prae·

920 971 984 1041 latis
1014 971 1142 1045 Palatii,
1173 983 1237 1035 tum
1270 973 1318 1037 alii
1350 975 1474 1052 praelati
1503 993 1585 1039 more
1613 978 1706 1039 solito.

919 1069 1080 1135 cardinalis
1102 1071 1200 1133 Sancti
1231 1072 1361 1154 Dionysii
1389 1092 1445 1135 noa
1474 1076 1551 1137 misit
1570 1077 1708 1138 iamiliam

919 1163 1025 1243 suam,
1056 1190 1108 1234 nec
1129 1170 1271 1236 Oratores
1290 1174 1380 1254 Regis
1398 1176 1540 1241 Franciae
1564 1190 1708 1240 venerunt

921 1272 965 1333 bis
986 1272 1202 1337 advenientibus
1222 1275 1349 1352 obviam.
1372 1275 1438 1338 alia
1465 1287 1532 1337 suut
1553 1277 1708 1340 obseruata

920 1392 1002 1434 more
1017 1382 1164 1435 consueto.
1672 1387 1678 1396 ‘

965 1474 1115 1536 ὓοοῖίιῖίτο
1133 1473 1235 1556 quinta
1250 1473 1506 1555 Quadragesimae,
1523 1479 1559 1539 dc
1574 1479 1708 1542 Passione

920 1584 1095 1653 nuncupata,
1118 1589 1180 1635 xrr.
1200 1577 1310 1650 martii,
1331 1574 1403 1637 Rev.
1418 1578 1446 1638 in
1465 1577 1585 1641 Christo
1595 1579 1629 1640 P.
1642 1579 1706 1641 Do·

883 1697 890 1711 ·
920 1675 1015 1736 miuus
1036 1675 1212 1736 Franciseus
1240 1676 1391 1755 episcopus
1414 1677 1632 1741 vulteranensis
1654 1699 1706 1741 ee-

921 1773 1044 1837 lebrnrit
1060 1775 1183 1835 ‚blisenna
1197 1776 1343 1855 publicam
1358 1779 1388 1838 in
1406 1779 1535 1858 cappella
1550 1781 1709 1860 praedicta,

920 1872 998 1953 Papa
1020 1886 1182 1953 praesente:
1198 1893 1359 1937 sermonem
1382 1877 1448 1938 iecit
1470 1879 1589 1957 quidam
1609 1882 1708 1941 lacum

920 1982 1018 2037 tenens
1049 1985 1226 2055 procurator
1258 1973 1377 2038 Ordinis
1409 1977 1573 2041 Servorum
1610 1981 1709 2042 beatae

920 2073 1039 2136 Mariae.
1063 2074 1134 2136 Oedi
1155 2077 1252 2137 iocum
1275 2076 1311 2137 D.
1335 2077 1483 2158 Prospero
1504 2080 1539 2143 de
1564 2080 1708 2146 Columna

920 2176 1006 2238 iratri
1022 2176 1182 2239 cardinalis
1201 2176 1235 2239 de
1257 2178 1411 2252 Columna,
1426 2180 1617 2259 gubernatori
1632 2201 1708 2261 gen·

921 2278 996 2338 tium
1016 2295 1169 2357 armorum
1191 2277 1315 2339 Sanctae
1334 2278 1481 2342 Romanae
1495 2280 1658 2353 Ecclesiae,
1674 2281 1708 2344 de

923 2376 1058 2439 mandato
1072 2376 1103 2436 S.
1118 2375 1152 2437 [l.
1164 2376 1201 2438 ll.
1215 2377 1319 2456 Papae,
1330 2376 1413 2456 jana
1426 2379 1582 2442 Dominum
1594 2381 1710 2443 Pisauri

922 2476 999 2556 apud
1022 2495 1142 2541 murum
1164 2478 1227 2539 solii
1244 2476 1350 2558 Papae,
1371 2479 1485 2540 bassum
1507 2491 1611 2544 tamen.
1626 2481 1711 2544 Licet

923 2576 1019 2656 Papae
1037 2576 1163 2644 dicerem
1179 2564 1389 2656 gubernatores
1407 2581 1537 2658 gentium
1556 2600 1709 2643 armorum

924 2679 952 2739 in
977 2678 1105 2757 cappella
1124 2679 1276 2757 specialem
1294 2680 1391 2743 locum
1407 2698 1464 2744 non
1479 2680 1597 2756 babere,
1619 2682 1713 2746 voluit

925 2778 961 2841 D.
985 2777 1020 2839 tl.
1044 2778 1123 2858 Papa
1145 2779 1222 2857 quod
1250 2780 1291 2842 sic
1310 2778 1410 2846 fieret:
1433 2782 1510 2842 renit
1529 2780 1712 2860 postmodum

924 2878 1049 2941 Senator·
1071 2879 1159 2940 Urbis
1182 2879 1232 2957 qui
1261 2898 1291 2939 se
1314 2880 1422 2944 locarit
1441 2892 1506 2960 post
1538 2881 1708 2943 dictami).

923 2980 1104 3059 Prosperum
1127 2980 1173 3040 eui
1193 2979 1303 3039 dmtom
1324 2979 1381 3041 luit
1393 3022 1402 3052 ,
1424 2980 1504 3058 quod
1519 2981 1597 3042 dicio
1618 2980 1712 3042 Sena·

925 3081 984 3142 tori
1007 3080 1142 3152 eederet,
1164 3090 1193 3142 at
1215 3081 1312 3146 iocum
1334 3081 1418 3145 daret
1430 3125 1439 3155 ,
1462 3091 1552 3162 prout
1570 3093 1600 3145 et
1620 3082 1710 3144 iccius

924 3181 979 3243 alia
1000 3180 1095 3243 omnia
1117 3190 1184 3242 aunt
1204 3180 1356 3242 observata
1388 3200 1470 3244 more
1491 3183 1586 3245 solito.

977 3281 1127 3344 Dominica
1149 3280 1342 3356 Palmartrm,
1376 3300 1475 3347 xxrrr.
1506 3283 1576 3344 dicti
1607 3283 1712 3344 mensis

924 3384 1031 3455 martii,
1053 3383 1108 3445 SS.
1126 3382 1162 3446 1).
1186 3381 1221 3442 lt.
1242 3395 1362 3462 paratus
1383 3401 1465 3446 more
1483 3382 1567 3447 solito
1587 3383 1713 3451 venit-ad

925 3485 1108 3564 cappellam,
1130 3482 1425 3563 benedixitpaimas,
1446 3495 1476 3548 et
1496 3502 1594 3551 ramos
1615 3483 1713 3545 oliva-

925 3603 1020 3646 rum:
1041 3583 1141 3646 deinde
1173 3585 1299 3664 receptis
1321 3584 1417 3646 tribus
1442 3586 1502 3650 auis
1521 3605 1538 3645 a
1559 3584 1715 3648 cardinale

925 3685 1123 3765 Neapolitano,
1134 3684 1283 3748 distribuit
1304 3705 1395 3751 more*
1408 3688 1502 3751 satiro.
1516 3687 1603 3751 Oadit
1621 3686 1713 3749 eidem

925 3785 1116 3866 Neapolitano
1150 3804 1237 3847 unam
1269 3788 1418 3867 palmam,
1452 3790 1555 3855 celeris
1581 3787 1715 3853 ournibua

926 3884 1079 3964 majorem,
1096 3888 1132 3948 ad
1150 3888 1205 3948 iroc
1220 3898 1366 3969 paratam:
1384 3890 1494 3967 palmas
1508 3888 1580 3950 duas
1595 3887 1715 3968 magnae

925 3990 1021 4070 Papae
1053 3998 1209 4052 terruerunt
1242 3989 1278 4049 i).
1301 3988 1470 4052 badericus
1501 3989 1538 4051 de
1566 3990 1712 4068 aragonia

925 4091 1057 4155 diarchia
1088 4089 1187 4152 Giraei
1207 4109 1224 4148 a
1247 4090 1354 4153 dextris
1384 4101 1413 4152 el
1433 4089 1711 4153 DominusPisauri

925 4210 942 4252 a
963 4192 1094 4251 sinistris.
1123 4191 1187 4253 Hor
1210 4208 1307 4263 mane,
1327 4201 1481 4269 antequam
1510 4191 1588 4271 Papa
1606 4192 1714 4257 exiret

904 4340 905 4343 η
926 4310 1073 4360 cameram
1089 4292 1263 4371 paramenti,
1277 4293 1421 4357 commisit
1429 4292 1506 4353 mibi
1522 4292 1601 4369 qaod
1616 4293 1713 4356 locum

926 4394 1026 4455 darem
1062 4393 1224 4457 diarchioai
1258 4394 1408 4473 praedicto
1430 4395 1457 4456 in
1491 4395 1577 4473 piano
1610 4395 1714 4456 soliia

926 4495 1059 4568 dextris,
1082 4506 1112 4557 et
1131 4493 1285 4559 Dominum
1307 4494 1423 4559 Pisauri
1448 4495 1574 4561 iacerem
1600 4505 1677 4558 stare
1697 4513 1714 4554 a

925 4596 1072 4668 sinistris,
1093 4607 1122 4657 et
1140 4595 1219 4674 quod
1241 4607 1304 4675 post
1325 4596 1523 4662 barcilonem
1551 4596 1713 4675 praelatum

830 4707 836 4718 ’
928 4701 1024 4763 locum
1045 4699 1131 4762 etiam
1148 4698 1249 4761 darem
1264 4698 1367 4761 Comiti
1384 4698 1531 4761 Potentiae
1553 4699 1582 4761 in
1603 4715 1713 4758 conae·

928 4802 1016 4864 aiano
1034 4800 1142 4881 gradu,
1163 4802 1299 4881 quodque
1313 4800 1349 4860 ad
1371 4802 1481 4880 primos
1502 4799 1574 4862 duos
1595 4798 1661 4870 ieci,
1679 4815 1714 4860 ac

928 4904 1069 4966 Cornitern
1084 4905 1157 4964 inter
1169 4903 1367 4964 biarobionem
1381 4914 1409 4963 el
1425 4901 1596 4969 Senatorem
1610 4898 1716 4971 iocari3

929 5006 1006 5084 quod
1031 5004 1128 5066 ridens
1150 5004 1227 5084 Papa
1260 5020 1307 5064 mc
1333 5001 1518 5082 reprehendit
1541 5001 1636 5061 dicens
1659 4998 1717 5059 Se·

929 5117 1059 5167 patorem
1082 5104 1194 5167 Comite
1217 5104 1347 5184 praefato
1369 5099 1512 5179 majorem
1530 5120 1614 5173 esse,
1643 5117 1718 5178 pro·

929 5217 1026 5287 pterea
1050 5205 1221 5270 Senatorens
1248 5206 1343 5286 ipsum
1363 5222 1452 5284 supra
1474 5201 1614 5265 Comitem
1637 5209 1717 5262 stare

929 5306 1041 5369 debere.
1054 5307 1211 5388 llespondi,
1223 5308 1351 5375 forenses
1362 5303 1544 5369 honorandos
1558 5300 1717 5380 esmrPapa
