3780 6030
180 287 221 348 ss
636 277 841 345 concnam
862 276 964 341 coss
986 275 1136 370 srxrnn
1157 270 1358 343 aularum
1437 245 1439 247 ’

181 423 335 492 summam,
353 416 382 480 in
397 435 455 496 qua
474 427 568 480 tamen
585 416 748 495 computari
759 414 885 475 debeant
901 432 973 494 pra·

184 520 305 581 visiones
320 510 461 580 nobilium
477 518 673 598 profugorum
691 528 720 579 et
735 517 922 596 expulsorum
937 515 975 574 ab

183 619 353 693 infidelibus,
368 637 442 697 quae
457 630 552 678 tamen
570 628 637 678 octo
655 617 745 688 millia
759 617 897 678 excedere
919 635 974 678 non

182 721 302 784 debeant
316 722 366 791 ita,
379 730 412 779 ut
430 736 578 796 nunquam
594 718 629 780 de
648 717 732 779 dictis
746 719 890 779 alluminis
905 717 974 779 red·

183 821 288 883 dltlbus
309 820 475 900 dispensari,
494 831 545 881 aut
560 821 655 892 aliter,
666 830 694 880 et
714 821 742 879 in
754 818 825 879 alios
842 835 910 878 usus
922 837 974 878 ex·

182 923 252 1003 poni
271 923 359 1003 possit
377 921 431 980 sub
447 939 539 1001 poena
561 921 787 992 intermissionis,
803 931 831 987 et
851 917 974 979 anatlie-

183 1024 279 1096 matis,
292 1033 321 1084 et
347 1021 488 1100 sacrilegii
500 1028 518 1094 ;‘
531 1020 664 1099 qnodque
684 1017 813 1082 redditus
833 1019 973 1099 praedicti

181 1143 234 1203 per
255 1124 376 1185 clericos
390 1123 528 1184 camerae
546 1123 726 1202 Apostolicae
751 1134 781 1182 et
799 1121 882 1182 Sacri
902 1119 973 1181 col-

181 1224 250 1305 legii
280 1224 394 1284 insimul
429 1223 594 1283 scribantm·
625 1233 654 1284 et
684 1233 912 1304 computentur,
943 1232 975 1281 et

181 1335 316 1404 computa
342 1342 444 1386 eornm
467 1320 642 1397 rideantur,
664 1323 900 1404 deputandusque
919 1322 975 1386 de·

179 1425 335 1504 positarius
353 1434 484 1485 teneatur
498 1424 659 1505 praedictas
680 1425 815 1505 pecunias
829 1441 974 1502 exponere

181 1526 216 1586 de
244 1524 379 1586 mandato
399 1526 546 1585 communi
568 1526 744 1587 clericorum
765 1525 926 1596 camerae,
945 1535 975 1585 et

181 1625 313 1704 Collegii‚
325 1625 482 1687 secundum
497 1625 762 1686 determinationem
777 1625 882 1684 summi
893 1622 974 1682 Pon-

118 1771 121 1773 >
180 1725 264 1786 tlticis
278 1738 307 1787 et
326 1727 416 1786 trium
437 1725 635 1786 cardinalium
655 1729 798 1806 priorum,
815 1744 849 1787 ex
875 1726 974 1803 quoli-

183 1825 231 1887 bet
244 1826 356 1899 ordine3
371 1838 400 1886 ct
413 1826 443 1885 in
460 1828 508 1886 tali
524 1845 592 1887 casu
607 1827 774 1910 cardinales
793 1828 827 1888 de
843 1829 973 1906 ipsorum

181 1927 311 2005 pecuniis
335 1927 550 2009 oiiernntdare
573 1938 601 1989 et
635 1931 748 1992 solvere
769 1948 824 2009 pro
847 1929 895 1989 tali
916 1946 974 1986 au·

181 2026 247 2093 xilia
268 2025 369 2088 decem
391 2027 481 2088 millia
502 2024 676 2088 ducatorum
699 2028 902 2095 solvendarum
919 2046 974 2107 pro

181 2125 321 2202 qnalibet,
336 2126 495 2188 secundnm
511 2140 605 2189 ratam
619 2140 648 2190 et
669 2130 886 2209 proportionem
903 2128 974 2190 red·

182 2224 295 2287 dltnum
308 2245 429 2287 suorum
442 2246 705 2308 quarumcumque.
721 2229 795 2291 Cum
814 2248 884 2291 vera
895 2229 973 2290 Dens

181 2326 355 2387 concesserit
375 2328 541 2405 generalem
560 2329 763 2409 expeditionem
796 2330 920 2390 validam
945 2341 973 2391 ct

180 2423 389 2497 sufficientem,
411 2442 556 2487 concursu
578 2429 700 2488 sanioris
721 2430 812 2509 partis
838 2440 973 2508 potenta-

151 2599 155 2604 .
182 2532 278 2594 tuum,
294 2524 469 2602 principum,
491 2543 526 2585 ac
547 2528 724 2607 populorum
746 2527 973 2588 christianorum

182 2621 219 2681 ad
238 2623 423 2685 offensionem
445 2627 574 2703 ipsorum
602 2625 782 2705 perfidarum
804 2626 972 2687 'furcarum

183 2717 264 2797 fidei,
286 2723 363 2783 ultra
385 2723 518 2784 aluminis
541 2727 680 2802 redditus,
701 2728 786 2789 offert
806 2727 880 2788 bona
898 2726 976 2803 lide,

181 2831 209 2881 ct
228 2822 316 2883 corde
333 2842 410 2903 puro
424 2824 543 2886 ducatos
558 2837 675 2888 centum
691 2829 792 2901 millia,
813 2827 899 2888 mado
913 2846 974 2906 quo

181 2939 270 2999 supra
283 2941 290 2979 ι
304 2939 401 2983 amnes
414 2925 529 3002 insuper
547 2927 736 3009 ecclesiarum
750 2926 874 2987 decimas
886 2940 974 3006 prout

183 3019 327 3081 videbitur
351 3022 505 3102 expedire,
526 3023 716 3102 indulgentias
740 3045 848 3100 oannes,
870 3044 973 3106 nempe

181 3118 246 3179 nuri
274 3123 332 3180 vim
353 3140 387 3183 ex
408 3122 441 3181 iis
461 3122 658 3202 redigendam,
682 3127 843 3204 vigesimus,
866 3137 894 3188 et
915 3126 973 3184 tri·

180 3219 315 3295 gesimas,
331 3231 359 3281 et
373 3221 444 3281 alias
460 3240 660 3300 quascumque
681 3226 885 3305 impositiones,
898 3243 972 3302 quae

182 3317 283 3388 utiles,
304 3319 497 3395 necessariae,
517 3333 546 3382 ct
566 3325 777 3403 sopportabiles
804 3324 973 3401 videntium

181 3413 404 3496 Cardinalesqne
416 3417 468 3499 ipsi
480 3422 589 3500 viginta
598 3424 688 3484 millia
700 3425 873 3486 ducatorum
886 3443 973 3486 cansa

83 3536 85 3543 ·
182 3516 364 3596 expeditionis
390 3521 532 3596 generalis
558 3533 656 3601 sponte
677 3525 823 3597 offerunt,
845 3527 974 3604 promit-

183 3626 273 3676 tentes
292 3616 447 3680 efficaciter
468 3637 522 3697 pro
544 3636 619 3692 rata,
633 3632 665 3683 ut
685 3640 785 3702 supra,
805 3625 923 3686 realiter
945 3635 974 3685 st

182 3732 250 3775 cum
271 3715 372 3776 ellectu
392 3718 515 3779 salvere.

224 3816 307 3890 ltem,
329 3816 407 3895 qnod
424 3816 543 3879 curiam
565 3819 734 3893 Romanam,
765 3825 793 3882 in
816 3821 920 3903 capite,
945 3835 974 3885 et

183 3915 319 3977 membris
338 3916 508 3980 reformabit
524 3919 685 3983 immediate
703 3932 767 4001 past
787 3934 845 3984 trus
865 3942 974 3985 menses

183 4025 248 4093 post
274 4032 356 4075 snam
387 4018 605 4079 coronationem
638 4020 795 4082 secundum
823 4024 973 4082 consilinm

183 4112 303 4191 majoris
324 4118 415 4195 partis
437 4116 621 4179 dominorum
642 4119 853 4200 cardinalium,
872 4133 900 4182 et
921 4121 975 4182 de-'

183 4212 246 4272 inde
278 4214 454 4276 continuabit
486 4234 576 4294 usque
603 4218 639 4277 ad
675 4220 787 4299 plenam
819 4221 974 4300 perlectio-

183 4329 249 4373 nem
272 4309 328 4395 (ll.

223 4410 306 4485 ltem,
318 4413 396 4491 quod
408 4414 513 4476 dictam
528 4416 648 4479 curiam
660 4439 716 4482 non
729 4421 830 4482 educet
849 4421 883 4482 de
896 4420 975 4483 Urbe

184 4529 326 4585 romana,
353 4531 404 4575 nec
425 4516 578 4579 transferet
599 4517 634 4579 de
656 4521 721 4582 loca
745 4523 773 4580 in
797 4522 915 4595 locum,
941 4520 975 4584 de

184 4611 335 4691 provincia
350 4614 377 4675 in
391 4617 584 4694 provinciam,
595 4629 623 4679 et
636 4618 670 4682 de
687 4622 974 4701 patriumpatriam,

184 4714 259 4773 intra
281 4714 395 4776 ltaliam
416 4717 545 4793 quidem,
564 4718 625 4781 sine
645 4738 783 4782 consensu
805 4733 833 4782 et
856 4720 975 4781 consilio

184 4812 303 4892 majoris
322 4818 414 4896 partis
434 4817 643 4893 cardinalium,
664 4831 744 4881 extra
768 4840 838 4883 vero
861 4822 973 4881 ltaliam

184 4915 244 4972 sinc
266 4932 404 4977 consensu
420 4916 546 4979 duarum
567 4917 705 4998 partium,
724 4919 760 4980 do
781 4938 839 4998 quo
858 4919 974 5009 quidem

186 5030 325 5076 consensu
356 5015 457 5079 debeat
486 5028 619 5080 constare
654 5038 706 5099 per
736 5020 974 5099 subscriptionem

185 5130 301 5189 eorum,
316 5129 348 5177 ut
365 5118 513 5196 evitentur
529 5117 662 5180 scandala
677 5130 704 5179 et
721 5119 848 5205 pericula
868 5122 972 5180 omnia.

229 5346 263 5404 (tl
280 5344 306 5395 la
324 5346 448 5410 llaynald.
466 5346 653 5410 satisfationem.

1724 262 1833 346 (grint)

1089 429 1171 498 ltem,
1185 424 1263 504 qnod
1278 441 1346 485 cum
1369 421 1497 500 primum
1510 416 1660 479 commode
1675 416 1738 477 lieri
1753 435 1832 495 posse

1047 527 1190 588 videbitur
1202 524 1363 586 Concilium
1378 521 1512 600 generale
1524 517 1747 590 celebrabit,aut
1758 516 1833 577 cele·

1046 627 1126 688 brari
1147 624 1233 685 saciet
1253 618 1589 683 solemnitersecundum
1609 616 1735 676 sormam
1753 616 1830 676 anti·

1045 745 1172 807 qnorum
1194 724 1392 786 Conciliarum
1414 722 1442 779 in
1465 721 1530 780 loeo
1552 730 1615 779 tuta
1634 728 1662 778 et
1680 715 1832 777 commodo

1045 840 1133 909 prout
1153 827 1179 887 ei
1195 826 1308 905 justum
1330 820 1486 891 videbitur,
1507 830 1539 879 et
1558 819 1723 879 consultum
1743 816 1831 876 inerit

1044 950 1095 1010 per
1115 925 1256 1005 majorem
1274 933 1385 1002 partem
1408 919 1607 983 cardinalium
1625 916 1662 976 ad
1683 918 1831 978 concitan-

1044 1029 1095 1089 dos
1118 1025 1267 1103 Principes
1288 1032 1316 1083 et
1338 1021 1460 1100 populos
1482 1018 1653 1078 christianas
1675 1020 1712 1076 ad
1734 1016 1833 1077 delen·

1044 1129 1151 1188 sionem
1164 1123 1240 1196 tidei,
1258 1132 1288 1183 et
1305 1121 1470 1200 generalem
1485 1128 1586 1177 contra
1601 1115 1729 1178 infideles
1745 1132 1832 1193 expe·

1043 1228 1203 1298 ditionem,
1221 1243 1256 1284 ac
1277 1222 1312 1281 ad
1335 1218 1552 1284 reformandum
1578 1219 1746 1280 universam
1772 1215 1832 1275 Ec·

1044 1330 1159 1390 alesiam
1181 1327 1261 1387 circa
1283 1322 1367 1383 fldem
1389 1319 1447 1406 (2),
1470 1318 1570 1390 vitam,
1592 1331 1622 1380 et
1643 1336 1752 1389 mares,
1774 1328 1830 1377 tom

1044 1439 1177 1506 respectu
1195 1425 1372 1486 clericorum
1389 1422 1583 1482 saecularium
1600 1429 1629 1479 et
1641 1416 1831 1497 regularium,

1043 1546 1130 1606 qnam
1147 1520 1434 1592 communitatum‚in
1450 1532 1478 1581 et
1491 1538 1579 1600 snper
1589 1538 1634 1592 eo,
1646 1520 1724 1596 qnod
1741 1520 1832 1598 perti·

1044 1627 1122 1689 nebit
1140 1625 1176 1684 ad
1193 1621 1386 1700 judicium,et
1408 1619 1601 1701 provisionem
1617 1617 1664 1701 (d)
1677 1618 1832 1680 Ecclesiae.

1083 1726 1166 1796 Item,
1181 1722 1259 1802 qnod
1280 1740 1336 1782 non
1358 1720 1480 1792 creabit,
1498 1737 1551 1781 nec
1566 1730 1691 1780 assumet
1706 1719 1832 1796 aliquem

1042 1825 1224 1885 cardinalem
1239 1823 1325 1882 etiam
1342 1819 1478 1899 precibus
1494 1836 1764 1897 quorumcumque,
1777 1819 1832 1875 im-

1043 1925 1197 2005 peratoris,
1220 1940 1334 2000 regum,
1356 1920 1480 1990 ducum,
1501 1931 1552 1978 ant
1574 1918 1760 1998 principum,
1782 1916 1833 1976 nisi

1041 2023 1160 2086 excedat
1181 2022 1361 2101 trigesimum
1392 2036 1517 2092 annum,
1542 2019 1643 2096 sitque
1660 2018 1766 2077 doctor
1789 2019 1833 2078 rel

1042 2128 1071 2187 in
1090 2143 1174 2186 sacra
1200 2125 1321 2205 pagina,
1340 2122 1385 2182 vel
1405 2122 1548 2182 inaltera
1566 2117 1707 2196 jurium,
1729 2118 1775 2177 vel
1798 2117 1835 2176 ad

1042 2228 1148 2300 minus,
1164 2225 1258 2304 quoad
1273 2221 1347 2283 lilios
1367 2223 1413 2283 vel
1436 2232 1551 2301 nepotes
1567 2239 1683 2299 regum,
1698 2221 1739 2279 sit
1751 2236 1834 2278 com·

1041 2327 1163 2410 petentis
1190 2327 1380 2396 literaturae,
1401 2333 1430 2383 et
1450 2321 1478 2381 id
1504 2321 1540 2383 de
1566 2321 1686 2382 consilio
1707 2319 1834 2379 duarum

1041 2430 1169 2510 partium
1192 2426 1374 2485 dominorum
1390 2423 1597 2485 cardinalium.
1616 2421 1660 2481 De
1677 2421 1835 2500 parentela,

1040 2542 1070 2592 et
1091 2526 1338 2606 consanguinitate
1353 2542 1419 2596 sua,
1433 2541 1490 2583 non
1512 2525 1623 2603 plures,
1636 2540 1723 2601 quam
1742 2539 1833 2581 unum

1041 2629 1191 2690 dumtaxat
1215 2623 1437 2704 qttalilicatnm,
1460 2635 1603 2702 utsupra
1625 2622 1831 2701 promovebit,

1041 2748 1093 2792 nec
1115 2745 1242 2806 unquam
1264 2724 1381 2786 excedet
1402 2743 1558 2786 numerum
1582 2724 1683 2803 viginti
1705 2733 1834 2801 quatuor

1041 2816 1240 2890 cardinalium
1266 2824 1444 2901 ubicumque
1464 2835 1492 2884 et
1514 2824 1782 2902 quandocumque,
1806 2833 1835 2884 et

1041 2929 1244 3004 undecumque
1274 2925 1488 2984 consistentium
1506 2968 1514 2997 ,
1531 2935 1561 2984 et
1581 2924 1689 2994 aliter,
1709 2923 1754 2985 vel
1777 2924 1835 2984 alio

1042 3028 1127 3090 modo
1154 3025 1246 3086 creati
1279 3034 1344 3102 post
1370 3034 1495 3084 mortem
1517 3022 1676 3094 Pontificis,
1696 3023 1785 3082 etism
1811 3025 1833 3083 sl

1043 3125 1160 3190 interim
1182 3123 1367 3185 exercuerint
1385 3123 1536 3193 officium,
1556 3123 1613 3182 sint
1633 3120 1772 3181 inhabiles
1806 3123 1834 3182 in

1041 3227 1178 3288 electione
1207 3220 1360 3282 Pontificis·
1380 3222 1477 3283 active
1507 3233 1538 3284 et
1570 3222 1702 3301 passis-e,
1724 3240 1778 3281 nec
1805 3223 1834 3282 in

1042 3341 1190 3409 pasterum
1202 3325 1361 3385 habeantur
1374 3342 1431 3403 pro
1440 3322 1658 3396 cardinalibns3
1674 3339 1731 3381 nan
1747 3339 1834 3382 erea-

1042 3427 1230 3506 bitnnquam
1251 3426 1387 3522 aliquem,
1405 3423 1458 3483 nisi
1480 3423 1560 3503 prius
1582 3421 1741 3484 reducatur
1762 3420 1835 3482 Col·

1042 3529 1149 3607 legium
1174 3525 1210 3586 ad
1238 3541 1392 3584 aurnerum
1419 3523 1561 3585 minorem
1593 3539 1676 3583 xxiv
1709 3532 1739 3582 et
1765 3539 1832 3582 eum

1042 3646 1099 3688 nan
1114 3623 1261 3698 excedam,
1281 3635 1313 3684 ut
1326 3622 1506 3701 praedictum
1521 3632 1574 3692 est,
1584 3622 1715 3700 ipsosque
1728 3639 1835 3684 crean-

1041 3728 1093 3789 dos
1113 3726 1219 3789 subito,
1231 3721 1409 3801 publicabit,
1431 3740 1482 3781 nec
1504 3739 1553 3782 eas
1576 3720 1681 3781 tenebit
1699 3732 1834 3794 secret03

1042 3829 1128 3905 inque
1151 3823 1296 3885 creatione
1310 3838 1412 3883 eorum
1432 3819 1601 3882 convocabit
1616 3820 1746 3880 dominos
1758 3820 1836 3882 car·

1042 3929 1159 3998 dinales,
1177 3939 1333 4000 omnesque
1352 3920 1402 3999 qui
1417 3921 1567 3982 commode
1584 3921 1682 3983 venire
1697 3933 1835 4001 poterunt

1042 4032 1071 4090 in
1092 4027 1173 4087 ltalia
1194 4026 1354 4093 existentes,
1368 4041 1385 4080 a
1400 4022 1534 4081 'Bononia
1556 4022 1600 4082 vel
1623 4021 1770 4082 Florentia
1790 4023 1835 4082 ci-

1044 4140 1100 4200 tra,
1117 4125 1252 4205 quodque
1265 4122 1416 4201 exquisitio
1435 4121 1619 4183 dominorum
1636 4121 1834 4185 cardinalium

1043 4228 1091 4291 fiet
1113 4223 1347 4287 consistorialiter
1368 4233 1397 4282 et
1418 4239 1474 4281 non
1495 4223 1721 4297 auricularitcr;
1736 4235 1764 4285 ct
1779 4225 1835 4286 boc

1044 4329 1223 4406 intelligatur
1248 4325 1276 4383 in
1304 4324 1447 4384 creatione
1472 4321 1670 4385 cardinalium
1699 4334 1822 4384 tantum.

1085 4431 1169 4501 ltem,
1190 4424 1270 4504 quod
1289 4424 1399 4482 nullam
1422 4424 1690 4503 provisionem,se'n
1712 4443 1834 4506 pernin-

1045 4532 1180 4590 tationem
1199 4527 1284 4587 faciet
1305 4523 1339 4583 dc
1366 4523 1492 4584 ecclesiis
1525 4525 1759 4601 cathedralibus,
1781 4528 1835 4587 ab·

1043 4630 1138 4700 batiis,
1157 4626 1343 4707 prioratibus,
1366 4623 1593 4702 magistratibus,
1614 4637 1666 4686 aut
1685 4629 1750 4688 aliis
1765 4633 1835 4706 qui-

1044 4730 1224 4805 buscumque
1255 4727 1283 4786 in
1310 4725 1433 4787 camera
1461 4727 1625 4805 Apostolica
1650 4730 1774 4799 taxatis,
1806 4740 1834 4790 et

1043 4847 1099 4889 non
1114 4826 1314 4886 taxatisetiam
1335 4824 1389 4884 snb
1412 4826 1497 4884 titula
1519 4825 1720 4899 commendas,
1736 4828 1834 4888 admi·

1043 4925 1239 5000 nistrationis,
1261 4927 1305 4986 vel
1333 4927 1391 4986 alin
1418 4943 1603 5004 quocumqne
1625 4928 1736 5002 titulo,
1769 4929 1830 4990 sire.

1043 5029 1139 5102 modo,
1151 5029 1203 5088 nisi
1218 5027 1465 5100 consistorialiter,
1480 5039 1530 5087 aut
1544 5028 1750 5092 interveniente
1762 5049 1834 5092 coa·

1314 5175 1474 5184 m-

1081 5267 1116 5327 (Ἰ)
1131 5265 1220 5317 Fidem
1237 5262 1405 5315 desideratur
1421 5262 1447 5310 ia
1458 5260 1583 5323 llayuald.

1083 5351 1117 5405 13}
1133 5345 1160 5394 ln
1178 5342 1302 5406 llayaeld.
1320 5341 1414 5403 legitur
1431 5341 1558 5390 Romanoa
1575 5339 1707 5391 ccclesiae.
