3764 6036
71 288 78 367 t
428 277 1131 346 roarmmirusmnocnnrnocrsvs.

71 435 124 486 etc.
146 422 394 496 lacerarentur
415 439 474 499 qsro
496 419 633 499 indignati
657 419 762 481 Veneti

71 542 102 583 m
135 533 165 585 et
196 523 357 584 Florentini
393 519 535 584 Oratores
567 528 758 581 recesserunt.

71 625 147 686 tandi
172 623 329 703 Neapolis,
363 634 392 684 et
417 621 540 683 ¹Sco't'iae
564 619 682 699 *Regum
703 617 761 680 {0-

71 727 142 798 bus,
174 726 204 784 iu
235 723 413 786 contentione
442 721 683 802 persistentibus,
725 734 761 782 ex

71 829 85 885 ii
112 824 246 884 mandato
273 824 369 904 Papae
391 821 552 897 mandari,
575 819 654 900 quod
674 820 759 882 ambo

72 928 129 986 lam
151 925 281 999 exirent,
304 923 382 1003 quod
411 925 498 984 etiem
528 924 587 985 sine
611 922 759 983 morasse·

71 1045 84 1085 ῑ.
115 1025 215 1087 Finitis
236 1026 379 1106 vesperis,
402 1024 545 1085 Sanctitas
574 1023 634 1083 Sua
657 1021 760 1084 hebuit

71 1144 95 1185 m
117 1127 145 1186 in
165 1116 391 1205 dicts'eeppella
412 1142 480 1186 cont
505 1121 706 1186 cardinalibus
729 1123 759 1182 in

71 1244 116 1285 um
152 1226 188 1286 ed
222 1246 253 1287 se
289 1225 401 1286 vocatis
432 1243 524 1305 super
560 1222 759 1303 praecedentia

71 1337 198 1388 aterum:
218 1338 280 1387 tum
302 1326 450 1388 mandarit
471 1324 559 1398 mibi,
578 1323 658 1402 quod
679 1322 760 1385 Ora·

71 1448 83 1487 s
106 1428 183 1507 regis
202 1426 339 1500 Sentias,
360 1438 389 1489 et
409 1428 551 1488 bavariae
572 1426 758 1499 intimarem,

72 1529 119 1591 die
140 1531 266 1590 crastina
287 1546 344 1591 non
366 1529 499 1590 venirent
519 1527 558 1586 ad·
577 1527 759 1606 cappellam,

71 1629 107 1691 od
134 1629 179 1691 die
208 1631 321 1697 veneris
353 1629 483 1709 proxima
518 1626 665 1696 Sanctitas
699 1626 760 1687 Soa

71 1740 175 1792 resset
194 1731 317 1792 verbum
340 1732 369 1790 in
390 1727 569 1791 Consistorio
591 1728 679 1817 super
701 1729 760 1789 ba-

71 1831 97 1890 di
116 1831 339 1912 praecedentia,
360 1831 439 1909 quod
457 1841 486 1891 et
507 1828 608 1891 eodem
626 1848 692 1891 sero
714 1829 760 1890 ie-

71 1932 166 2011 ,quod
181 1935 210 1992 in
220 1931 412 1994 Pentbecoste
433 1931 663 1993 renireoeberet
679 1927 758 1992 Ora-

71 2033 133 2113 egis
154 2034 270 2095 Sc'otiac
288 2036 374 2095 etiam
398 2033 451 2094 sibi
471 2032 506 2094 de
525 2033 643 2113 speciali
674 2050 762 2095 com·

71 2153 98 2195 ta
119 2134 213 2215 Papae
234 2136 374 2196 intimari.

71 2236 102 2295 a.
149 2280 157 2295 .
201 2280 209 2295 .
253 2235 302 2297 u.
325 2237 392 2295 mssa
418 2218 526 2296 sau}
544 2231 591 2307 a,
613 2234 762 2298 enatam

79 2333 188 2397 Orator
213 2335 303 2415 Regis
324 2335 502 2416 Neapolitani
524 2343 644 2414 pararet
676 2352 760 2394 arma

71 2435 195 2497 'eniendo
213 2436 249 2496 ad
268 2456 400 2517 resperas
422 2437 451 2496 in
478 2437 576 2516 vigilia
598 2433 761 2496 Pentheos-

71 2547 80 2596 t
98 2549 208 2598 armata
235 2557 325 2598 ,manu
344 2540 442 2598 iocum
463 2556 551 2598 suum
570 2535 761 2615 accipiendo,

73 2638 119 2698 isit
136 2638 207 2698 mibi
226 2639 305 2717 quod
322 2639 379 2700 boc
400 2639 464 2702 iiii.
487 2639 550 2703 OD.
572 2637 763 2699 vicecancel-

71 2738 493 2819 lndegasensisUlixbeu'ensi,
515 2740 547 2800 S.
566 2738 682 2817 Angeli,
703 2736 762 2798 Se·

79 2839 280 2901 cardinalibus
300 2840 515 2920 significarem,
536 2849 570 2901 ut
597 2837 761 2918 cogitarent

75 2940 155 3002 circa
189 2941 262 3003 iilud
293 2952 322 3003 et
349 2940 489 3004 Oratores
505 2986 510 2996 ,
524 2952 653 3002 nostros
675 2957 761 3019 super

71 3041 172 3102 aientia
193 3041 356 3104 laciendum
367 3087 376 3116 ,
394 3053 425 3104 et
444 3060 510 3104 cras
538 3051 604 3102 eata
628 3058 763 3119 respcrm

71 3161 142 3202 nera
165 3161 267 3205 coram
290 3142 541 3205 sanctonicam
571 3141 761 3202 convenirent

71 3244 263 3319 liberandum3
283 3246 324 3307 sic
345 3256 375 3308 et
394 3247 458 3308 ieci.
476 3245 570 3324 igitur
591 3243 636 3304 die
652 3242 762 3303 sabbati

71 3347 127 3417 aii,
143 3346 242 3426 sigilis
263 3346 465 3409 Pentbecostes
490 3347 566 3407 lacta
592 3356 636 3406 est
661 3363 761 3405 coram

71 3445 111 3507 icc
138 3449 168 3506 in
193 3466 309 3509 camere
339 3466 391 3508 sue
422 3458 532 3509 secreta
562 3445 761 3508 cardinalium

71 3548 143 3609 catio
161 3549 198 3607 ab
219 3548 292 3611 bora
318 3561 384 3611 ante
407 3549 573 3628 vigesimam
605 3564 698 3627 usque
725 3547 762 3607 ad

71 3667 144 3708 marn
167 3651 315 3729 primam,
334 3660 362 3712 et
382 3650 496 3712 taudem
517 3648 613 3729 rogati
632 3668 684 3729 per
698 3649 764 3728 epi-

71 3768 93 3808 n
115 3750 350 3825 Tornacensem,
380 3754 578 3814 summissione
607 3751 703 3830 Papae
735 3752 762 3810 in

71 3853 293 3931 congregatione
322 3852 361 3924 ibi
390 3854 490 3928 lacta,
513 3850 654 3915 Oratores
685 3852 762 3932 regis

73 3972 100 4026 e,
114 3962 144 4014 et
159 3951 274 4015 Ducum
293 3954 434 4015 bavariae
456 3955 762 4035 supranominatorum

76 4070 132 4132 per
155 4052 212 4115 hoc
232 4074 298 4116 sero
325 4056 459 4118 recedere
485 4057 612 4130 velient,
634 4067 663 4116 et
691 4053 764 4114 allos

71 4174 115 4217 res
133 4157 245 4234 quietos
263 4156 428 4229 dimittere,
454 4158 523 4235 quia
535 4175 608 4219 <cras
626 4156 656 4216 iu
675 4156 762 4216 missa

71 4257 137 4336 ipsis
159 4258 257 4318 iocum
280 4258 403 4319 daturus
416 4270 508 4319 esset:
525 4260 577 4338 ipsi
594 4276 665 4319 vcro
680 4255 763 4318 Ora·

71 4357 208 4432 Scotino,
224 4370 252 4420 et
268 4360 410 4420 bavariae
429 4359 458 4420 id
472 4369 624 4439 acceptare
643 4359 762 4419 omnino

71 4470 170 4531 irunt,
189 4460 244 4519 nisi
263 4471 294 4522 et
313 4460 363 4521 alii
390 4459 531 4523 Oratores
557 4478 626 4521 cum
647 4460 687 4522 eis
712 4479 764 4520 rc-

71 4572 133 4633 snt,
169 4572 260 4640 prout
290 4562 400 4623 lactum
429 4574 495 4636 est,
525 4574 554 4624 et
583 4570 765 4624 recesserunt

89 4706 98 4736 ,
130 4672 188 4722 tarn
219 4662 318 4737 citra,
343 4681 431 4741 quarn
459 4664 694 4735 ultramontani,
728 4677 763 4723 ac

71 4780 105 4821 us
131 4763 298 4823 mandatum
325 4775 378 4837 est,
397 4776 430 4827 ut
451 4764 497 4827 dic
514 4764 639 4826 crastina
658 4783 763 4845 acap-

71 4882 99 4925 sc
124 4863 327 4940 absentarent,
347 4864 426 4943 quod
450 4876 479 4928 et
498 4883 597 4928 omues
622 4865 763 4928 observa-

71 5066 190 5139 uiaica,
218 5064 266 5126 lis.
302 5067 391 5140 mali,
421 5065 526 5128 lestum
561 5065 762 5128 Penthecostes

71 5212 74 5226 .
103 5166 263 5228 cardinalis
288 5166 499 5247 audegavensis
515 5166 673 5228 celebravit
690 5165 763 5226 illis-

71 5270 208 5330 olentnem
222 5310 231 5338 ,
245 5268 324 5348 Papa
340 5267 474 5343 absente,
489 5279 519 5331 et
532 5280 686 5346 antequam
706 5286 763 5347 pe-

71 5379 101 5432 ts
129 5369 275 5455 acciperet
293 5371 368 5434 idern
389 5373 548 5435 commissit
570 5370 661 5448 milii,
684 5369 762 5450 quod

1547 278 1611 340 iia

828 435 883 480 suo
917 413 1031 481 nomiae
1062 414 1117 477 SS.
1153 412 1278 477 Oomim
1313 413 1509 494 supplicarem
1537 413 1617 493 quod

829 519 1024 579 committeret
1045 528 1081 578 ut
1106 532 1163 577 non
1188 514 1274 577 deret
1302 518 1399 577 serim
1422 522 1543 595 propter
1557 533 1618 576 aar

829 620 932 691 leram,
949 635 1008 697 qna
1021 619 1080 698 ipse
1099 617 1259 681 cardinalis
1284 618 1316 680 se
1327 619 1386 699 pati
1399 615 1441 692 (ct
1461 628 1619 699 proptercu-

829 719 1036 782 medicamenta
1056 721 1194 800 recepisse
1209 731 1292 783 nocte
1304 718 1484 800 praeterita,
1504 731 1533 781 et
1554 738 1612 781 non

829 820 1009 893 dormoisse,
1026 830 1055 881 ct
1069 822 1098 881 in
1112 822 1233 883 ecclesia
1250 821 1361 882 diutius
1384 831 1537 900 expectare
1552 839 1612 884 uois

828 917 923 1005 posse)
933 920 1068 995 dicebat3
1084 921 1188 999 qulbus
1203 941 1254 1002 per
1269 941 1316 984 me
1331 920 1386 983 SS
1404 920 1439 981 O.
1460 919 1495 982 tt.
1523 922 1616 1002 expo4

828 1023 906 1095 sitis,
931 1021 1078 1103 respondit
1099 1022 1244 1084 Sanctitas
1273 1023 1333 1084 Sua
1355 1023 1471 1105 omnino
1493 1040 1615 1084 sermo·

829 1141 893 1185 netu
914 1121 977 1186 lieri
1000 1124 1125 1196 debere,
1143 1135 1173 1186 et
1192 1127 1216 1184 si
1237 1124 1321 1186 aliter
1341 1123 1504 1186 cardinalis
1528 1123 1616 1185 linem

828 1225 913 1286 oiiicii
944 1235 1094 1304 expectare
1117 1241 1174 1285 nou
1194 1236 1311 1305 posset,
1332 1223 1410 1302 quod
1428 1223 1535 1285 iaceret
1551 1226 1617 1284 eota

828 1325 962 1386 iatiottem
976 1333 1042 1387 ante
1059 1327 1192 1398 missam,
1209 1343 1297 1405 super
1312 1343 1372 1403 quo
1386 1322 1531 1385 Sanctitas
1551 1325 1617 1385 Sua

828 1425 1015 1506 dispensabat.
1029 1425 1125 1487 licinii
1140 1426 1211 1486 baec
1226 1424 1542 1506 praedictocerdinali‚
1563 1427 1617 1504 qai
1674 1461 1676 1464 ⁴

829 1527 898 1587 mibi
918 1526 1070 1609 replicarit
1091 1547 1121 1588 se
1145 1527 1266 1588 libenter
1293 1526 1474 1588 collationem
1492 1525 1613 1600 iecisse,

828 1644 916 1707 super
931 1646 990 1706 quo
1005 1627 1151 1688 Sanctitas
1176 1627 1236 1688 Sua
1262 1646 1360 1690 secum
1377 1626 1572 1707 dispensabat,
1591 1627 1617 1687 si

828 1721 957 1790 scivisset
973 1728 1195 1810 Papam'sscum
1215 1728 1445 1809 dispensaturum
1457 1748 1468 1801 3
1482 1726 1532 1788 sed
1547 1736 1616 1787 cum

829 1825 891 1904 jem
919 1833 1014 1892 omnia
1039 1831 1206 1911 paramenta
1233 1831 1370 1906 baberet,
1395 1841 1424 1892 et
1452 1829 1556 1890 ibidem
1585 1827 1615 1888 in

829 1931 947 2011 publico
961 1943 1035 1994 esset
1048 1976 1056 2005 ,
1071 1933 1124 1994 sibi
1140 1932 1232 1994 sideri
1248 1935 1430 1995 collationem
1446 1931 1541 1992 lacere
1559 1947 1618 1991 aon

831 2036 1001 2108 convenire,
1016 2051 1178 2095 serntonem
1192 2046 1288 2096 autem
1304 2042 1455 2113 expectare
1474 2049 1531 2092 non
1547 2043 1619 2110 pos-

828 2154 881 2210 se,
906 2137 975 2197 alias
990 2137 1136 2198 celebrare
1161 2153 1217 2197 nun
1238 2137 1323 2197 veliet
1343 2134 1392 2196 sed
1410 2135 1506 2214 potius
1530 2150 1619 2212 perae

831 2249 925 2297 menta
939 2237 1093 2310 dimittere,
1110 2249 1262 2317 propterea
1279 2253 1327 2297 me
1339 2236 1448 2296 iterum
1463 2253 1519 2314 pro
1534 2250 1619 2294 com·

831 2338 963 2400 missione
988 2338 1135 2419 praedicta
1161 2337 1199 2397 ad
1228 2335 1399 2399 Pontificem
1427 2335 1548 2407 remisit,
1568 2333 1620 2412 qui

832 2439 946 2501 tandem
973 2440 1017 2500 his
1042 2439 1203 2512 intellectis,
1213 2457 1249 2498 sn
1277 2456 1373 2499 sermo
1397 2436 1498 2498 haberi
1519 2434 1620 2495 debeat

832 2541 878 2602 rcl
891 2540 1164 2611 nott,cordinalium
1175 2536 1286 2616 judicio
1304 2538 1459 2611 commisit,
1475 2536 1526 2616 qui
1536 2553 1621 2596 com·

832 2642 974 2703 miseeuat
981 2659 1142 2704 sermonem
1157 2641 1248 2702 omitti
1260 2640 1373 2725 uetere
1388 2642 1430 2701 sic
1443 2640 1554 2699 lectum
1567 2647 1622 2699 est.

872 2740 977 2802 Notavi
995 2741 1140 2820 superius,
1152 2740 1207 2802 SS.
1234 2741 1271 2802 O.
1290 2739 1325 2802 tt.
1347 2740 1473 2821 Papam,
1494 2739 1615 2801 Princi-

831 2841 915 2921 pibus
928 2842 1074 2921 scripsisse
1085 2851 1120 2902 ut
1135 2839 1278 2903 Oratores
1293 2860 1360 2903 suos
1373 2841 1409 2901 ad
1429 2841 1619 2901 Sanctitatern

832 2943 922 3004 Suam
949 2946 1099 3004 mitterent
1126 2963 1160 3003 ex
1187 2962 1272 3005 causa
1300 2955 1369 3005 tunc
1401 2959 1555 3022 expressa,
1585 2939 1621 3001 de

831 3044 938 3124 quibus
953 3062 1040 3125 supra
1068 3045 1096 3105 in
1117 3045 1189 3107 leste
1202 3046 1441 3108 Annunciationis
1461 3046 1494 3107 tt.
1511 3043 1621 3104 Mariae

832 3145 963 3224 l'irgiuis
983 3144 1117 3205 babetur.
1139 3145 1344 3209 convenerunt
1375 3147 1466 3225 igitur
1483 3145 1510 3203 in
1537 3143 1620 3206 Urbe

836 3246 1032 3325 plurimorum
1059 3243 1191 3325 Regum,
1219 3257 1247 3306 et
1277 3248 1441 3327 principum
1463 3243 1629 3319 Oratores,

832 3349 906 3410 iuter
929 3366 1056 3427 quorum
1076 3349 1183 3408 multos
1214 3366 1319 3427 magna
1351 3349 1502 3411 altercatio
1530 3365 1617 3428 super

832 3449 1031 3529 praecedentia
1047 3459 1112 3511 orte
1133 3460 1176 3511 est
1194 3447 1253 3532 (l).
1272 3451 1376 3526 Veiens
1392 3458 1546 3530 propterea
1564 3446 1622 3508 SS.

872 3655 909 3710 ii)
929 3669 939 3690 ·
961 3649 1001 3699 bis
1019 3649 1041 3696 ia
1058 3649 1180 3711 generale
1191 3648 1316 3710 battaglie
1332 3649 1401 3698 delia
1420 3645 1623 3712 precedenzalu

834 3727 946 3791 quando,
957 3727 1060 3777 arendo
1069 3727 1129 3776 tutti
1141 3728 1148 3776 i
1160 3729 1270 3790 principi
1284 3729 1412 3785 cristiani,
1423 3741 1436 3776 e
1448 3726 1585 3789 prcgbicre
1597 3723 1624 3772 di

834 3808 882 3857 Sua
894 3806 1002 3865 Santiti,
1013 3806 1137 3855 mandato
1149 3805 1333 3855 ambasciatorl
1351 3819 1399 3869 per
1411 3808 1506 3855 tratisr
1518 3804 1534 3858 ii
1547 3802 1626 3851 modo

834 3887 859 3936 di
877 3887 933 3935 lare
946 3900 997 3936 una
1007 3887 1064 3948 lega
1081 3888 1173 3934 contro
1185 3885 1298 3944 Turoni,
1316 3886 1337 3934 si
1356 3890 1481 3933 trovaron
1498 3882 1557 3931 tuiti
1569 3881 1624 3928 nel·

836 3966 965 4014 i’entisala
982 3964 1124 4023 Pontificio,
1141 3964 1208 4012 uelle
1226 3965 1303 4026 quale
1321 3963 1431 4013 lacendo
1448 3962 1464 4010 il
1476 3961 1543 4022 Papa
1556 3959 1625 4009 Con·

833 4046 951 4103 cistoro,
968 4041 1063 4093 mando
1081 4043 1097 4091 li
1114 4043 1245 4091 Cardinali
1262 4042 1378 4104 d'tingib
1395 4053 1410 4091 e
1426 4041 1453 4090 di
1475 4038 1588 4090 Lisbona
1610 4053 1625 4088 e

835 4124 962 4185 peregerit,
987 4122 1036 4171 cite
1064 4122 1097 4184 gii
1126 4120 1312 4171 ambasciatori
1341 4119 1507 4181 ne·t>nncipi
1536 4117 1624 4168 Oitra·

835 4202 950 4251 montani
968 4212 1094 4250 nvessero
1112 4202 1135 4249 la
1152 4212 1229 4249 mano
1246 4199 1372 4258 destrae
1389 4200 1468 4263 quelli
1485 4198 1510 4248 di
1528 4197 1624 4260 quide

833 4280 913 4330 Menti
931 4278 953 4328 ia
971 4279 1092 4337 sinistre,
1110 4291 1124 4327 e
1142 4278 1190 4327 cha
1207 4290 1319 4343 agnano,
1336 4291 1385 4341 per
1402 4279 1580 4337 umbratilia,
1597 4279 1622 4326 ie

834 4370 912 4408 causa
934 4358 977 4408 del
997 4359 1074 4420 queis
1099 4358 1122 4406 si
1139 4362 1271 4417 trattare,
1288 4371 1303 4408 e
1321 4371 1335 4408 e
1353 4360 1490 4421 pregbiere
1518 4358 1544 4407 di
1572 4357 1623 4406 Sue

834 4437 940 4495 Santiti,
957 4439 979 4487 si
995 4442 1165 4487 coutentesse
1184 4451 1231 4500 per
1248 4439 1330 4487 aiinra
1347 4439 1374 4487 di
1391 4442 1493 4502 questo.
1510 4437 1535 4485 Si
1557 4449 1623 4486 con-

835 4520 990 4576 tentarono,
1006 4529 1021 4567 e
1037 4515 1177 4566 acciocche
1193 4529 1244 4566 uon
1261 4529 1386 4568 nescesse
1411 4517 1543 4580 garbagiio
1569 4517 1628 4564 nei·

835 4596 851 4644 l'
863 4598 1035 4655 incontrarsi,
1048 4597 1069 4646 sl
1081 4595 1159 4645 diedo
1177 4597 1271 4646 ordina
1287 4597 1335 4647 che
1352 4611 1401 4660 per
1418 4599 1476 4660 ogni
1493 4596 1626 4657 tempogli

835 4675 1026 4728 Oitramontenl
1043 4675 1146 4725 iussero
1164 4677 1315 4726 intremessi
1333 4678 1358 4725 iu
1376 4677 1532 4725 concistcro
1548 4685 1596 4734 per
1607 4673 1624 4720 tl

834 4758 969 4807 camerino
985 4756 1027 4805 del
1045 4755 1126 4819 Papa,
1144 4770 1158 4805 a
1175 4757 1209 4818 gii
1227 4755 1288 4805 altri
1305 4767 1353 4818 per
1371 4757 1393 4804 la
1412 4756 1494 4817 ioggia
1510 4753 1560 4802 cbo
1576 4750 1591 4800 d
1609 4764 1623 4800 a

834 4850 911 4886 mano
933 4836 1015 4885 dritta
1037 4834 1079 4883 dei
1105 4836 1305 4886 comenensis
1322 4839 1362 4884 tra
1381 4834 1413 4896 gil
1430 4828 1624 4883 citramontani

834 4928 937 4979 necque
954 4914 1129 4977 grandissimo
1149 4914 1301 4977 disperare,
1318 4912 1416 4976 pcrcbc
1432 4915 1447 4962 il
1464 4904 1585 4973 Despotc'
1598 4908 1624 4958 di

833 4997 939 5053 liores,
957 4994 1006 5044 cbe
1022 4995 1043 5043 si
1062 4999 1175 5044 trorava
1192 4995 1218 5043 in
1235 4995 1334 5051 Roma,
1351 5007 1366 5043 e
1383 4994 1410 5042 vi
1426 5005 1472 5042 ere
1490 4994 1561 5040 stato
1583 5001 1625 5038 ac·

834 5077 933 5124 cetiato
950 5086 1000 5123 con
1017 5075 1130 5123 incontri
1146 5073 1172 5122 di
1189 5073 1340 5130 Cardinali,
1358 5084 1372 5120 c
1389 5085 1438 5120 con
1457 5071 1517 5120 tutti
1534 5070 1621 5132 quagii

834 5155 909 5202 onori
927 5164 977 5201 con
996 5153 1012 5201 ii
1030 5154 1100 5214 quali
1117 5152 1210 5201 turono
1227 5152 1336 5200 ricevuti
1353 5152 1414 5201 latii
1431 5150 1465 5213 gli
1483 5150 1543 5199 altri
1560 5161 1623 5210 gran

835 5232 954 5294 Prencipi
976 5231 1235 5293 supranominatl,e
1261 5232 1282 5282 si
1307 5231 1444 5280 oblamare
1466 5228 1626 5291 impendere

833 5312 861 5360 di
887 5311 1106 5373 costantinopoli,
1123 5310 1216 5361 volere
1235 5311 1252 5359 il
1270 5310 1354 5374 primo
1371 5311 1448 5372 luogo
1465 5321 1543 5360 sorra
1561 5309 1623 5357 tutti

833 5391 867 5454 gli
885 5390 1079 5442 ambasciadori
1095 5402 1110 5440 c
1127 5389 1241 5441 cesarea
1258 5404 1273 5442 c
1290 5391 1369 5450 eltris
1386 5391 1475 5454 quello
1495 5390 1523 5440 dl
1540 5389 1622 5441 Fran·
