3780 6030
181 274 223 330 ill
661 270 945 340 renundatus
967 273 1190 337 tubut‘mbrtt
1213 270 1365 336 octavi.

179 416 308 479 tantum;
330 408 468 470 diaconas
488 420 518 471 et
543 408 736 469 subdiaconus
756 410 916 489 cappellae,
937 427 971 477 ex

181 507 298 570 levitate
317 508 428 569 abbatis
452 507 597 570 Sacristae
624 508 726 581 nostri,
747 510 791 568 usi
811 519 879 568 sunt
899 507 974 567 llal·

181 608 286 668 matica
312 619 340 669 et
363 608 496 669 tunicella
513 609 672 688 paramenti
698 606 796 687 Papae
822 606 975 679 Boniiacii,

180 708 267 786 nigri,
283 708 403 769 boribus
428 707 565 769 viridibus
586 710 719 781 cantasti,
740 719 767 769 et
789 719 930 768 cantores.
966 751 973 765 .

234 853 240 868 .
287 851 293 864 .
337 809 418 869 albae
439 820 468 869 at
489 810 569 869 stolis
591 808 688 869 rubeis
716 809 806 887 nigris
822 813 858 867 'et
880 808 975 867 viola·

179 907 260 977 ceis,
291 906 368 984 quod
389 926 445 967 non
468 908 548 987 potui
570 909 599 967 in
622 919 754 987 tempora
789 925 974 988 praecavere.

178 1005 244 1065 alto
267 1006 363 1065 omnia
384 1024 470 1067 rnore
489 1007 575 1068 ⁴solito
596 1017 660 1067 acta
681 1018 749 1066 sunt
753 1051 973 1066 .....

178 1105 242 1165 lloe
262 1123 346 1165 mane
365 1101 489 1184 (xxrn.
513 1105 617 1166 mensis
638 1105 755 1187 martii)
777 1116 874 1167 antem
896 1106 975 1164 circa

180 1207 225 1266 rel
247 1218 314 1266 ante
334 1205 469 1265 diurnam
492 1206 587 1266 lucem
610 1203 683 1266 Rev.
706 1204 848 1266 Dominus
866 1202 975 1264 Cardi-

179 1307 250 1367 nalis
274 1306 373 1365 Sancti
395 1304 474 1365 Petri
493 1304 529 1363 ad
551 1304 674 1365 Vincula
695 1304 838 1382 equitavit
862 1303 900 1362 ad
930 1299 978 1363 0-

179 1408 275 1477 stiam,
288 1405 409 1477 nemine,
426 1405 470 1464 vel
484 1402 560 1481 Papo
576 1413 703 1476 tantum,
723 1415 775 1464 sut
795 1404 871 1465 lorte
889 1402 975 1464 etiam

179 1506 249 1567 Rev.
265 1503 390 1565 Domino
404 1503 559 1565 Cardinale
579 1502 789 1580 burdegalensi,
813 1501 841 1561 id
858 1503 977 1574 sciente,

179 1605 276 1666 iturus
297 1604 398 1664 deinde
425 1621 475 1664 seu
495 1603 686 1681 navigaturus
708 1603 831 1663 ianuam
849 1613 877 1663 et
900 1602 976 1661 Avi·

180 1707 294 1765 uionem
314 1723 369 1782 pro
383 1701 471 1764 rebus
490 1701 610 1773 bellicis,
623 1721 697 1779 quae
719 1703 795 1762 inter
811 1701 975 1761 Romanam

180 1801 343 1863 Ecclesiam
364 1811 393 1862 et
414 1801 524 1879 Regem
544 1801 763 1861 Ferdiuaudnm
785 1800 902 1862 Siciliae
920 1811 977 1861 etc.

179 1920 214 1961 ac
229 1900 371 1962 Gentilem
389 1901 559 1978 virgineum
571 1900 733 1963 Ursinuum
755 1901 830 1980 ligae
849 1912 904 1960 ete.
923 1917 975 1959 ca·

179 2000 328 2079 pitaneum
350 2011 447 2079 partes
467 1999 556 2078 Regis
577 2000 751 2060 Perdinandi
780 1999 975 2061 defendentem

181 2097 385 2182 aguntur(l).
431 2147 438 2162 .
480 2147 487 2161 .
534 2146 542 2161 .
793 2093 797 2100 ’

224 2201 287 2261 Hoc
309 2193 394 2261 ma'ne
418 2199 499 2281 (88.
523 2201 627 2261 mensis
649 2198 781 2283 martii)
805 2197 861 2259 SS.
883 2197 919 2256 ll.
940 2196 975 2256 N.

179 2301 364 2362 Innocentius
396 2300 475 2380 Papa
494 2301 568 2362 lllll.
592 2302 621 2359 in
651 2299 777 2361 secunda
806 2298 894 2368 aula,
915 2297 977 2356 sire

180 2418 296 2461 camera
317 2400 463 2479 superiori
477 2418 566 2479 supra
578 2411 696 2479 portam
719 2399 857 2459 introitus
872 2395 977 2456 Palatii

182 2502 366 2560 ourrsecravit
393 2501 421 2558 in
451 2499 601 2579 episcopos
636 2499 672 2556 R.
706 2498 809 2557 Patres
840 2495 977 2555 llominos

182 2596 335 2658 Nicolaum
352 2597 603 2675 archiepiscopum
622 2596 823 2667 Cusentinum,
842 2592 977 2653 Lauren·

183 2697 255 2757 tium
276 2694 528 2774 archiepiscopum
549 2693 795 2766 Beneventanum,
816 2703 846 2753 et
865 2691 978 2752 loban-

184 2813 248 2856 nem
269 2793 436 2875 cpiscopum
459 2794 671 2855 Tornacensem
691 2792 857 2870 hujusmodi
878 2791 978 2854 ordine

182 2906 237 2958 eie.

225 2996 279 3058 nte
299 3008 363 3058 xvi.
387 2999 491 3057 mensis
512 2994 652 3067 februarii
673 2997 803 3076 proxime
827 2993 978 3076 praeteriet

184 3093 249 3167 Ser.
270 3108 300 3155 et
334 3096 545 3155 invictissimas
566 3096 704 3175 Princeps
735 3095 893 3156 Federieus
914 3090 978 3152 Ro·

183 3212 338 3255 manorum
357 3195 519 3273 imperator
540 3212 654 3275 semper
674 3194 825 3273 Augustus
855 3192 990 3253 obtinuit

184 3294 220 3353 ab
241 3293 426 3354 Electoribus
447 3313 495 3355 sex
516 3295 644 3373 imperii,
666 3293 799 3355 videlicet
826 3291 890 3352 RR.
913 3290 978 3352 bu.

184 3392 366 3471 blaguntiuo,
386 3391 570 3465 Coloniensi,
591 3403 621 3454 et
642 3393 809 3455 Trevirensi
830 3393 979 3473 arcbiepi·

184 3492 290 3570 scopis,
304 3490 415 3552 Comite
435 3491 579 3563 Palatino,
598 3491 680 3553 Duce
695 3491 835 3554 Senoniae
853 3504 882 3554 et
896 3493 979 3552 blara·

186 3583 289 3644 chione
309 3582 584 3663 Rraudeburgensi,
604 3584 685 3665 Rege
703 3585 857 3646 Robemiae
878 3598 911 3645 nt
931 3585 979 3646 di·

188 3683 312 3744 uebatur.
331 3700 396 3743 tton
411 3695 554 3745 vocatoet
566 3683 694 3758 absente,
712 3685 741 3742 in
759 3683 864 3765 oppido
882 3686 979 3745 Fran·

186 3780 351 3852 eiordiensi,
364 3782 433 3859 eligi
454 3781 483 3840 in
503 3781 668 3843 Romanum
690 3784 800 3862 Regem
824 3786 869 3845 lll.
891 3785 975 3845 Prin·

186 3880 278 3959 cipem
300 3880 525 3940 blaximilianum
548 3881 744 3942 Arcbidueem
766 3883 900 3944 austriae
921 3899 977 3948 etc.

187 3977 280 4041 filium
307 3996 417 4054 suum,
439 3977 524 4057 cujus
547 3976 660 4041 Orator
680 3991 749 4042 tune
770 3980 799 4040 in
820 3982 901 4044 Urbe
925 4003 978 4045 ro·

188 4096 272 4138 mana
291 4090 373 4149 erat;
386 4079 557 4156 qui,audita
577 4078 694 4140 Domini
716 4082 760 4140 sni
787 4083 978 4160 promotione,

187 4178 283 4239 voluit
304 4179 430 4237 aliorum
453 4176 567 4257 Regum
587 4177 728 4240 Oratores
749 4185 777 4242 in
796 4180 877 4243 Urbe
904 4185 979 4244 assi·

188 4288 293 4338 etentes
319 4278 502 4356 praecedere.
530 4277 589 4339 Sed
624 4281 739 4341 illinon
772 4283 977 4360 permiserunt.

187 4377 257 4437 Fuit
278 4376 375 4436 resin
396 4376 567 4439 consistorio
594 4381 684 4458 posita
707 4390 737 4439 et
757 4383 874 4460 agitata.
897 4381 979 4443 Pan·

188 4472 253 4534 dem
266 4475 436 4535 conclusum
453 4475 530 4553 quod
548 4476 666 4539 deberet
680 4483 827 4558 expectari
847 4499 978 4559 quosque

188 4575 353 4635 mitteretur
371 4575 409 4634 ad
429 4574 610 4649 Pontificem,
627 4589 656 4638 et
678 4589 825 4658 peteretur
843 4581 978 4642 illeximi·

188 4673 298 4734 lienum
320 4693 375 4754 pro
395 4676 487 4736 eleeto
508 4686 538 4747 et
557 4676 689 4739 Romano
709 4679 789 4758 Rege
812 4681 912 4742 baberi
940 4682 977 4741 ad

170 4775 278 4850 „imtar
299 4772 398 4850 Caroli
428 4773 532 4845 Quarti
565 4775 650 4855 eujus
678 4778 778 4840 literae
807 4798 874 4842 cum
905 4801 978 4860 pen·

187 4874 264 4936 denti
292 4876 431 4955 imperiali
452 4877 546 4955 sigillo
565 4877 686 4939 luerunt
711 4880 850 4942 adductae
872 4882 909 4940 ad
931 4885 978 4941 iu-

187 4981 247 5033 star
262 4974 352 5037 Cleua.
374 4973 500 5052 dejure,
515 4988 544 5037 et
558 4987 627 5039 tnnc
643 4977 761 5040 daretur
777 4981 857 5041 loeus
872 4984 975 5061 petitis.

963 5146 976 5156 ,
1046 5085 1244 5147 decernerent.
1260 5086 1367 5164 Accepi
1380 5085 1480 5148 deinde
1502 5087 1664 5147 formulam
1685 5089 1800 5152 ordinis
1824 5091 1867 5148 in

1045 5186 1121 5246 dicta
1141 5185 1327 5265 processione
1348 5185 1522 5246 observandi
1550 5205 1566 5245 a
1602 5189 1758 5266 praedicto
1787 5191 1858 5250 Do-

1045 5289 1124 5347 mino
1154 5285 1289 5364 episcopo
1314 5284 1515 5358 Tor·nacensi‚
1538 5288 1733 5350 continentem
1768 5283 1852 5369 quoti

220 5220 256 5275 (t)
278 5219 442 5271 monumenta
466 5221 565 5273 deboc
583 5224 653 5273 bello
674 5226 875 5290 quamplurima,
892 5214 976 5279 adbuc

191 5295 298 5357 inedita,
315 5303 376 5347 sunt
393 5303 417 5348 in
435 5301 589 5363 appendice.

1725 272 1838 355 (esan

1085 408 1195 471 Eodem
1209 421 1339 487 tempore
1357 407 1420 468 Rax
1429 406 1595 486 llungarioe
1611 403 1756 469 Oratores
1769 427 1834 468 uros

1043 509 1078 568 ad
1091 507 1260 569 Pontificem
1268 509 1409 567 missunrs
1419 509 1499 585 petiit
1513 525 1569 587 pro
1580 508 1621 567 eis
1632 508 1749 567 salvum
1765 526 1835 568 con-

1044 608 1173 669 ductum.
1190 609 1223 667 ln
1239 607 1409 669 consistorio
1423 607 1479 667 init
1493 606 1633 679 decisum,
1649 607 1679 666 id
1699 607 1835 679 alienum,

1043 720 1071 769 et
1092 725 1152 767 non
1173 706 1311 778 dandum,
1333 724 1400 766 cuna
1425 706 1559 766 omnibus
1578 706 1712 784 getttlbns
1733 716 1763 766 et
1784 725 1838 766 na·

1046 806 1174 867 tionibus
1194 804 1358 865 tutissimus
1373 803 1629 884 pateatadSedem
1640 805 1835 885 Apostolieaur

1042 924 1173 967 accessus
1188 904 1311 982 absque
1332 905 1432 981 aliquo
1451 904 1665 984 impedimento.

1084 1005 1170 1065 Fet-ia
1190 1013 1306 1082 quarta,
1329 1020 1406 1064 xvu.
1428 1004 1508 1077 maii,
1530 1003 1603 1064 bora
1624 1019 1682 1064 xx.
1698 1003 1748 1064 vel
1763 1004 1838 1063 eirea

1051 1103 1200 1163 intrarunt
1221 1102 1332 1164 Urbem
1354 1103 1473 1180 quidam
1494 1103 1529 1165 l).
1551 1104 1721 1176 iohannes,
1744 1121 1761 1160 a
1784 1101 1840 1164 ea·

1049 1204 1144 1283 pitulo
1165 1202 1375 1264 Praemisliensi
1395 1204 1432 1263 ad
1454 1203 1616 1266 Ecclesiam
1633 1202 1841 1264 Praemislien·

1046 1321 1106 1363 scm
1125 1303 1234 1362 eiectus
1248 1302 1296 1362 sed
1313 1303 1440 1363 nondum
1455 1323 1507 1382 per
1528 1304 1631 1365 Sedent
1645 1302 1839 1382 Apostolicam

1046 1401 1246 1474 confirmatus,
1260 1413 1289 1463 ct
1310 1402 1426 1479 quidam
1447 1405 1548 1463 Antias
1569 1406 1680 1477 laicus,
1700 1401 1840 1462 Oratores
1858 1386 1861 1392 ⁹

1045 1502 1137 1562 illust.
1160 1502 1302 1561 Kseimiri
1323 1500 1459 1563 Poloniae
1491 1502 1580 1583 Regis
1601 1522 1656 1582 pro
1684 1499 1840 1562 obedientia

1047 1599 1101 1659 SS.
1123 1601 1159 1660 ll.
1181 1600 1215 1660 N.
1239 1601 1420 1680 praestanda,
1442 1603 1503 1679 qui,
1526 1603 1607 1680 equis
1628 1602 1664 1663 de
1685 1602 1747 1661 suis
1763 1601 1839 1661 circa

1044 1715 1125 1760 xxx.
1140 1718 1158 1758 a
1176 1699 1309 1779 pluribus
1328 1700 1496 1762 Curialibns
1516 1702 1634 1763 Polonis
1649 1703 1795 1763 associati.
1806 1701 1841 1760 lli

1045 1809 1187 1862 venerunt
1205 1798 1328 1860 Romam
1348 1800 1393 1861 dic
1410 1803 1539 1880 proxime
1558 1802 1718 1882 praeterita
1733 1804 1763 1862 in
1780 1821 1840 1862 sero

1046 1900 1105 1960 sine
1127 1917 1250 1978 pompa3
1269 1910 1298 1959 et
1326 1899 1450 1978 bospitio
1473 1903 1579 1982 recepti
1604 1913 1673 1962 suut
1700 1904 1729 1962 in
1759 1902 1841 1962 domo

1045 1998 1230 2071 Rulalorum,
1245 1999 1294 2058 ubi
1314 2012 1484 2061 manserunt
1504 2014 1615 2064 secrete
1628 2020 1724 2080 usque
1742 2005 1774 2064 iu
1790 2003 1841 2064 lto·

1045 2097 1175 2161 dierunm
1191 2097 1278 2169 diem,
1299 2117 1371 2176 qno,
1388 2100 1468 2161 eirca
1483 2100 1587 2162 boram
1605 2098 1713 2176 xviris,
1728 2106 1840 2182 equita·

1045 2209 1116 2258 runt
1135 2218 1186 2279 per
1209 2198 1285 2257 riam
1307 2197 1565 2279 Transtyberiuam
1605 2201 1748 2264 secretius
1778 2221 1840 2263 eum

1045 2300 1104 2358 suis
1123 2299 1222 2359 amicis
1236 2299 1273 2357 ad
1287 2299 1405 2358 domum
1421 2299 1456 2359 de
1472 2300 1611 2379 Spinellis
1631 2313 1714 2362 extra
1730 2313 1839 2381 portam

1045 2396 1209 2470 viridarii,
1236 2397 1286 2457 ubi
1316 2407 1510 2476 expectarent
1537 2399 1641 2459 boram
1671 2411 1840 2462 conventam

1046 2513 1101 2573 pra
1123 2496 1246 2557 introitu
1273 2513 1327 2555 suo
1339 2517 1350 2568 3
1371 2513 1429 2573 qna
1456 2497 1648 2568 adveniente,
1674 2499 1840 2576 equitarunt

1046 2595 1190 2672 usquead
1208 2595 1372 2656 Ecclesiam
1395 2594 1428 2655 S.
1449 2596 1556 2657 basari
1578 2598 1776 2677 leprosorum.
1787 2597 1841 2657 Sa·

1046 2707 1244 2773 pervenerunt
1277 2694 1400 2756 familiae
1431 2695 1628 2758 cardinalium
1662 2699 1841 2772 successise,

1047 2795 1161 2855 tandem
1189 2795 1297 2854 familia
1325 2793 1421 2874 Papae
1447 2813 1553 2876 parum
1576 2799 1654 2857 ultra
1684 2796 1840 2858 Ecclesiam

1047 2893 1148 2954 Sancti
1170 2893 1315 2972 Pelegrini
1336 2906 1419 2956 extra
1446 2907 1560 2974 portam
1585 2896 1788 2974 praedictam,
1816 2907 1841 2956 et

1048 3004 1227 3074 acceperuut
1246 3013 1295 3055 eos
1314 3004 1343 3054 ct
1358 3011 1451 3072 usque
1473 2996 1509 3054 ad
1531 2993 1650 3056 domum
1669 2995 1842 3074 praedictam

1047 3096 1246 3168 Rutulorum,
1269 3095 1297 3153 in
1319 3112 1379 3173 quo
1401 3093 1537 3174 bospitati
1558 3104 1646 3167 sunt,
1665 3095 1843 3155 associarunt

1048 3205 1081 3253 ut
1100 3195 1189 3255 moris
1210 3205 1261 3254 est.

1046 3292 1048 3294 ’
1073 3294 1175 3354 Paria
1197 3294 1333 3367 mcunda,
1352 3310 1439 3354 xxvi.
1459 3294 1526 3353 maii
1541 3294 1724 3373 interrogavi
1741 3291 1797 3353 SS.
1811 3293 1844 3351 l).

1047 3393 1082 3454 tl.
1105 3413 1191 3472 quem
1205 3392 1337 3455 ordinem
1359 3390 1446 3455 vellet
1464 3394 1615 3455 observari
1635 3395 1711 3454 iuter
1734 3393 1844 3455 officia-

1048 3501 1087 3560 les
1102 3498 1249 3559 Romanae
1264 3493 1371 3555 Curiae
1388 3494 1416 3552 iu
1431 3494 1616 3572 processione
1628 3492 1693 3553 iesti
1704 3492 1844 3570 Corporis

1046 3596 1177 3668 Cbristi,
1199 3612 1257 3672 qua
1278 3611 1392 3671 semper
1423 3595 1516 3654 solent
1547 3592 1725 3654 contendere
1756 3611 1841 3672 super

1047 3693 1256 3776 praecedentia.
1279 3692 1311 3750 S.
1333 3693 1394 3751 Sua
1416 3693 1526 3754 remisit
1547 3711 1593 3754 me
1614 3692 1651 3751 ad
1672 3692 1708 3750 R.
1732 3692 1771 3752 ll.
1790 3692 1843 3752 lo·

1047 3795 1171 3855 bannem
1184 3792 1351 3873 episcopum
1367 3791 1580 3853 ‘fornacensem
1598 3793 1774 3871 Magistrum
1791 3793 1843 3852 do·

1048 3912 1113 3952 mus
1133 3911 1214 3965 suaa,
1234 3902 1262 3951 et
1285 3892 1333 3950 ilie
1354 3889 1389 3947 ad
1417 3890 1454 3949 R.
1475 3891 1511 3950 n.
1532 3891 1716 3952 cardinalem
1745 3891 1851 3953 Sancti

1048 3993 1166 4072 Georgii
1188 3991 1415 4061 Camerarium,
1435 4001 1468 4050 ut
1490 3991 1532 4051 illi
1551 3991 1677 4053 dicerem
1700 3993 1780 4070 quod
1811 3993 1863 4052 de

1048 4092 1182 4153 mandato
1204 4091 1260 4152 SS.
1282 4091 1318 4149 Ι),
1345 4088 1380 4149 Ν.
1400 4088 1497 4169 Papae
1517 4092 1654 4152 officiales
1675 4092 1713 4151 ad
1734 4112 1765 4153 se
1795 4112 1820 4153 r

1049 4202 1182 4262 voearet,
1197 4202 1226 4250 et
1247 4208 1296 4250 eos
1314 4189 1505 4250 concordaret
1512 4212 1522 4262 ;
1542 4193 1592 4268 qui
1611 4191 1680 4250 mibi
1697 4193 1832 4272 respondi
1878 4214 1890 4235 =

1047 4309 1078 4351 se
1098 4291 1125 4350 in
1145 4287 1280 4350 officiales
1300 4285 1467 4362 hujusmodi
1486 4290 1596 4349 nullam
1612 4289 1815 4365 jurisdictione

1048 4389 1165 4462 babere,
1186 4389 1235 4449 sed
1257 4389 1350 4466 magis
1370 4387 1399 4447 id
1418 4393 1575 4449 convenire
1592 4388 1627 4448 R.
1645 4389 1681 4448 ll.
1703 4391 1810 4452 Vicecs

1047 4489 1167 4549 cellario
1185 4488 1235 4565 <lui
1254 4487 1283 4546 iu
1305 4505 1354 4547 eos
1376 4487 1496 4548 baberet
1513 4487 1757 4567 jurisdictionem.
1786 4490 1823 4549 R

1046 4605 1150 4665 sponso
1162 4585 1230 4646 dato
1248 4604 1264 4644 a
1282 4585 1320 4644 ll.
1334 4587 1469 4665 episeopo
1484 4586 1672 4660 Tornacensi,
1685 4589 1741 4649 SS.
1761 4590 1798 4650 l).
1813 4588 1862 4650 Μ

1046 4687 1191 4747 ordinavit
1210 4684 1287 4763 qrvod
1309 4684 1374 4744 RR.
1396 4686 1512 4746 Domini
1536 4687 1808 4751 vicecancellarius
1822 4713 1864 4753 e

1047 4786 1245 4856 Camerarius,
1260 4797 1413 4866 propterea
1430 4787 1515 4847 iidem
1527 4786 1599 4847 Rev.
1612 4787 1796 4865 Cardinales,
1807 4794 1889 4852 oie

1046 4901 1150 4945 xxttn.
1173 4885 1241 4944 tnaii
1266 4884 1406 4963 praedicti
1426 4898 1457 4947 et
1476 4886 1547 4963 qaid
1566 4886 1745 4959 iaciendum,
1768 4902 1797 4953 et
1818 4901 1881 4954 el

1046 4986 1092 5046 die
1106 4989 1187 5045 eires
1199 4986 1430 5065 praecedentiam
1442 4987 1619 5074 praedictam
1631 4989 1874 5053 observandum
