3780 6030
187 258 227 316 ιι
672 212 955 317 ronrrrmnrns
977 250 1200 314 runouanrn
1221 248 1375 313 oo'mvr.

190 392 276 453 drea'a
288 389 428 470 neesson,
447 387 483 452 a.
500 387 639 452 Dominus
660 389 820 451 cardinalis
837 389 979 451 Parmen-

193 492 242 564 sis,
254 490 350 552 rubeis
363 489 536 569 paramentis
553 500 684 568 paratus,
694 490 852 552 celebrarit
866 489 980 549 lllissam

190 591 347 653 solemnem
370 590 404 652 da
425 591 498 651 laeto
519 591 547 650 in
566 591 652 651 altari
674 590 778 667 majori
799 590 933 651 basilicae
948 589 980 650 S.

193 682 284 763 Petri,
306 692 365 752 sine
386 690 477 764 bulla,
499 709 550 770 per
573 691 811 751 inadrartentiom
829 689 889 751 eive
905 690 983 750 obli-

190 790 316 863 vionem,
330 789 398 867 quia
414 792 609 869 praemonitus
630 808 686 851 non
708 790 804 851 iuerat
819 790 897 867 quod
912 789 982 850 bul·

190 889 248 950 lam
275 888 364 953 scribi
390 888 586 961 reomenses
608 891 689 969 pomi
712 889 879 967 hujusmodi
899 889 981 949 deie-

189 998 281 1060 ctum,
292 988 392 1048 saltem
407 999 592 1065 apparenter,
613 989 759 1068 supplere,
771 988 839 1065 quia
857 1005 915 1047 non
930 1006 982 1047 re-

189 1087 252 1164 peri
279 1087 405 1163 aliquam
444 1085 574 1159 bullam,
604 1103 693 1164 quam
727 1087 883 1164 potuissem
916 1086 981 1145 loco

189 1202 277 1245 verae
298 1184 395 1246 bullae
426 1184 604 1263 appendisse.
625 1185 718 1255 ,Dixit
744 1194 857 1244 tantum
895 1201 981 1243 unam

189 1285 375 1355 orationem,
396 1282 431 1342 de
450 1283 521 1344 iesto
542 1282 699 1355 videlicet,
720 1284 829 1363 absque
851 1302 982 1344 comme·

189 1383 349 1444 moratione
366 1382 523 1445 Adventus.
546 1382 600 1444 SS.
619 1383 653 1443 D.
676 1382 710 1442 lt.
732 1385 810 1449 renit
827 1383 864 1441 ad
882 1382 982 1444 basili-

190 1499 254 1542 cam
270 1480 446 1560 praedictam
457 1495 486 1543 at
501 1500 568 1543 eum
580 1482 779 1549 Cardinolibus
791 1503 872 1544 more
885 1483 982 1556 solito;

188 1590 218 1639 et
231 1598 283 1661 per
299 1579 538 1643 inadvertentiam
549 1581 688 1642 Dominus
701 1581 849 1642 Robertus
864 1599 983 1642 reman-

189 1690 268 1740 serat
289 1679 318 1739 in
338 1696 454 1740 camera
466 1698 530 1752 suo,
544 1693 695 1761 aspamam
712 1680 792 1758 qnod
814 1693 982 1751 vocaretur,

192 1779 241 1856 qni
254 1790 362 1856 postea,
384 1797 435 1858 per
457 1797 502 1840 me
525 1793 656 1853 iocatus,
679 1783 756 1841 venit
774 1780 809 1839 ad
830 1780 979 1841 basilicam

193 1877 396 1954 praedictam,
428 1897 474 1940 ane
502 1891 614 1940 tantum
642 1881 670 1943 in
698 1879 889 1940 familiaribus
922 1884 983 1941 suis

196 1976 392 2054 praecedente,
406 1995 422 2037 a
434 1978 492 2038 suis
513 1978 703 2038 servientibus
716 1996 868 2040 armorum
882 1997 917 2038 ae
929 1996 983 2038 no-

192 2074 298 2138 bilibus
309 2078 368 2135 suis
379 2077 543 2149 associatus,
558 2087 586 2137 et
602 2077 718 2138 intrarit
730 2078 765 2136 ad
782 2080 875 2139 altore
889 2075 983 2153 majus

191 2193 258 2238 cum
282 2174 387 2237 Credo
407 2176 561 2238 diceretur.
585 2175 629 2236 De
650 2176 784 2236 mandato
803 2175 898 2254 Papae
918 2176 982 2236 dedi

192 2277 217 2335 ei
240 2278 338 2337 locum
356 2276 385 2343 in
407 2276 502 2355 gradu
522 2278 616 2354 primo
635 2288 700 2355 post
720 2278 903 2356 superiorem
918 2277 983 2336 solii

193 2394 209 2435 a
233 2376 340 2437 dextris
359 2375 471 2456 Papae,
492 2387 521 2436 et
541 2375 791 2454 iratremPapae,
812 2377 861 2452 qui
880 2373 982 2434 ibidem

192 2473 341 2544 sorbenda
360 2474 493 2537 mandato
515 2474 551 2533 ad
572 2476 717 2533 sinistram
739 2473 833 2551 Papae
856 2472 924 2532 darni
945 2473 982 2532 ad

193 2573 324 2633 eumdem
346 2573 483 2650 gradum,
504 2573 607 2633 ibidem
627 2574 719 2652 ipsum
742 2572 872 2634 locando.
905 2572 983 2632 ldem

192 2671 228 2730 D.
254 2670 399 2732 llobertus
423 2671 542 2730 restitus
562 2682 626 2730 eret
655 2682 752 2731 rnanto
782 2671 816 2731 de
845 2657 983 2730 bruccato

193 2771 276 2849 pleno
296 2770 460 2831 richissimo
478 2772 576 2849 longo,
593 2770 721 2830 lirnbrias
739 2771 775 2828 ad
790 2771 863 2830 duros
879 2770 984 2848 digitos

193 2889 246 2948 per
267 2881 376 2933 terram
398 2868 548 2939 trabeate,
569 2881 670 2949 aperto
690 2869 726 2928 ad
748 2869 893 2930 dexteram
915 2880 982 2929 tan·

194 2979 273 3040 tnta,
294 2968 414 3028 sullnlto
436 2966 555 3028 aeudadi
583 2969 643 3027 sire
667 2968 788 3030 cendato
826 2971 986 3037 oremesino

191 3069 305 3130 circum
321 3054 599 3145 collum'dnplieato,
612 3070 672 3129 siva
687 3069 842 3129 collarium
862 3068 984 3130 habente

191 3166 377 3246 turpitudinis
404 3168 489 3226 unius
509 3168 598 3246 palmi
626 3179 697 3229 eta
724 3167 825 3228 dextra
854 3179 983 3247 quatuor

191 3266 313 3327 botonos
330 3284 449 3344 magnos
463 3286 498 3327 ca
510 3269 598 3346 perlis
612 3267 647 3327 dc
665 3269 758 3327 stiriis.
773 3266 904 3328 llabebat
920 3267 984 3328 bir-

192 3377 289 3429 retnm
307 3384 393 3429 suum
415 3367 541 3432 solitum.
561 3369 654 3427 Finita
675 3368 761 3428 lllissa
782 3379 810 3429 et
830 3386 882 3446 per
902 3366 983 3427 Pon·

192 3462 298 3525 tisscem
321 3465 514 3527 benedictione
525 3466 602 3539 data,
618 3484 674 3526 non
690 3467 809 3528 suerunt
822 3466 985 3545 publicatae

192 3564 387 3642 indulgentiae
409 3567 476 3642 qnia
497 3586 529 3626 ea
549 3567 604 3639 die,
626 3585 661 3626 ex
682 3567 793 3627 indulto
820 3566 911 3627 lelicis
933 3586 984 3626 re·

192 3663 385 3723 minisccntiae
401 3663 445 3722 Pii
466 3663 561 3743 Papae
576 3664 613 3739 ΙΙ,
630 3676 697 3725 sunt
715 3664 860 3745 plenariae
878 3684 984 3745 perpe·

194 3763 252 3822 tuis
273 3762 451 3840 temporibus
469 3762 626 3826 durandus.
648 3763 755 3847 Deinde
777 3774 892 3842 portata
919 3765 985 3825 luc·

192 3873 262 3921 runt
274 3881 374 3922 coram
386 3861 527 3923 Pontifice
537 3864 596 3925 duo
608 3865 723 3934 vexilla,
739 3880 823 3940 qnae,
837 3873 985 3942 praesente

196 3960 348 4022 Germane
377 3962 582 4024 Mediolanensi
603 3962 851 4044 Presbyterorum
880 3960 987 4023 Priore

194 4058 274 4140 Papa
295 4061 437 4122 benedixit
459 4075 549 4141 prout
570 4062 599 4121 in
629 4061 715 4122 libro.
739 4062 815 4121 Tum
837 4058 985 4121 liebertus

195 4178 296 4220 coram
318 4162 458 4225 Pontilice
479 4162 645 4242 genuflexus
663 4157 777 4236 juravit
791 4171 879 4238 prout
896 4178 986 4238 supe·

192 4261 255 4319 rius
282 4271 325 4320 est
352 4271 503 4332 notatum3
534 4259 736 4338 juramentum
768 4269 862 4318 tamen
888 4259 986 4335 legere

194 4358 327 4430 nescivit,
347 4375 485 4423 excusans
504 4379 533 4420 se
552 4359 621 4437 qnia
640 4358 770 4418 ocularia
792 4374 844 4416 sna
859 4374 914 4416 non
930 4355 987 4415 ba·

192 4455 287 4529 bebat,
302 4457 380 4533 qaod
402 4457 567 4536 praedictus
585 4458 747 4519 cardinalis
768 4456 986 4518 lllediolauensis

192 4572 243 4633 per
259 4555 373 4633 singula
387 4555 475 4617 rerba
495 4559 648 4635 praelegit,
669 4568 699 4618 et
719 4557 767 4617 ille
782 4557 881 4618 eadem
897 4557 986 4618 rerba

192 4657 353 4735 replicavit.
367 4656 499 4735 Rogatus
513 4657 569 4720 luit
585 4657 624 4718 ,de
647 4654 813 4734 hujusmodi
826 4654 986 4733 juramenti

191 4757 385 4833 praestatione
399 4754 560 4816 Dominus.
578 4800 585 4814 .
604 4799 611 4814 .
628 4801 634 4814 .
652 4755 791 4818 Gamerae
804 4757 986 4834 spostolicae

193 4857 325 4916 notarius
332 4875 343 4925 3
359 4872 419 4932 quo
433 4856 584 4934 praestito,
603 4855 682 4933 Papa
699 4856 835 4935 imposuit
855 4854 908 4913 sibi
923 4854 987 4913 bir-

191 4966 289 5015 retum
309 4953 470 5015 altitudinis
492 4957 577 5016 unius
597 4957 685 5033 palmi
707 4973 774 5016 cnm
796 4953 915 5013 dimidio
939 4956 986 5014 rel

193 5051 290 5125 circa,
310 5071 345 5114 cx
371 5054 479 5114 setorio
506 5054 663 5115 cremosino
684 5054 805 5115 interius
835 5051 872 5109 ab
903 5061 986 5110 extra

191 5148 298 5211 babens
319 5155 466 5214 circulum
487 5153 675 5233 longitudinis
697 5155 782 5214 unius
811 5150 894 5227 digiti
915 5169 982 5211 cnm

193 5246 310 5312 dimidio
327 5255 371 5314 vel
388 5255 467 5315 circa
483 5254 517 5316 de
531 5253 674 5316 broccato
687 5262 826 5334 argenteo
841 5267 908 5312 cum
926 5251 983 5309 ali·

1726 245 1836 328 (lica)

1047 387 1152 465 quibus
1164 387 1263 466 paucis
1273 385 1378 464 perlis3
1393 392 1422 445 et
1433 381 1566 462 superius
1581 382 1609 441 in
1622 380 1718 442 medio
1734 381 1835 442 babuit

1048 486 1191 564 quoddam
1230 484 1388 547 rotundum
1417 485 1504 544 etiam
1538 483 1626 561 perlis
1659 492 1836 544 recsmatura

1049 584 1232 664 longitudinis
1260 583 1345 645 medii
1375 582 1474 661 palmi,
1495 583 1540 644 rel
1563 583 1656 654 cirea,
1677 599 1747 641 cum
1774 593 1837 641 octo

1049 685 1137 745 radiis
1158 685 1255 745 aureis
1286 702 1322 745 ex
1353 683 1441 760 perlis
1470 681 1708 743 descendentibus
1737 681 1837 753 tortis,

1047 793 1136 862 prout
1157 783 1281 845 Sanctus
1298 781 1494 842 bernardinus
1509 781 1685 860 depingitur,
1701 780 1731 839 iu
1746 779 1837 841 media

1049 882 1167 943 rotundi
1197 881 1367 960 praedicti3
1392 884 1422 940 in
1451 882 1614 943 summitate
1640 881 1745 942 birreti
1776 891 1838 940 erat

1049 983 1183 1043 columba
1204 1000 1239 1041 ex
1260 981 1346 1061 perlis
1370 983 1521 1051 relevata3
1542 980 1642 1042 deinde
1663 980 1745 1059 Papa
1763 977 1837 1040 dedit

1049 1083 1100 1141 sibi
1125 1083 1153 1142 in
1176 1099 1262 1151 mauu
1289 1081 1404 1142 dextera
1426 1080 1571 1159 quoddam
1598 1080 1761 1151 baculum,
1780 1079 1837 1141 sire

1051 1183 1164 1260 virgam
1186 1192 1352 1260 argenteam
1375 1180 1536 1241 inauratam
1554 1177 1741 1258 longitudinis
1757 1178 1838 1239 unius

1049 1283 1136 1361 palmi
1158 1299 1224 1343 cum
1245 1279 1363 1341 dimidio
1385 1282 1413 1339 in
1435 1279 1553 1341 madum
1567 1321 1839 1338 ......

1049 1381 1078 1440 in
1099 1380 1264 1442 sununltate
1284 1378 1433 1440 habentem
1455 1396 1595 1458 pavonem
1613 1421 1622 1449 ,
1639 1375 1772 1438 eamdem
1791 1395 1838 1436 re·

1051 1484 1186 1554 levatam,
1205 1480 1349 1552 circulum
1371 1489 1534 1551 tenentem3
1555 1490 1585 1539 et
1606 1477 1677 1541 baec
1699 1475 1754 1539 sibi
1776 1487 1839 1536 tra·

1046 1579 1143 1641 'dendo
1172 1580 1250 1658 Papa
1278 1580 1348 1640 nibil
1376 1578 1461 1639 dixit:
1482 1590 1546 1659 post
1573 1578 1645 1640 baec
1678 1577 1761 1655 Papa
1789 1577 1839 1636 sub

1053 1680 1148 1741 rerbis
1162 1681 1190 1739 in
1209 1677 1371 1740 Pontifieali
1386 1678 1498 1758 positis,
1514 1675 1635 1737 tradidit
1655 1677 1680 1736 ei
1706 1674 1838 1736 vexillum

1052 1798 1119 1839 enm
1139 1780 1229 1839 armis
1249 1778 1413 1850 Ecclesiae,
1434 1778 1533 1839 deinde
1554 1775 1634 1837 alind
1655 1792 1726 1836 cum
1754 1772 1839 1835 armis

1051 1883 1120 1940 suis.
1142 1880 1237 1958 Papae
1260 1878 1397 1938 vexillam
1418 1896 1485 1938 cuna
1500 1877 1588 1938 armis
1605 1875 1757 1940 Ecclesiae
1773 1892 1839 1935 eon·

1052 1983 1196 2058 signatum
1219 1977 1275 2038 luit
1298 1976 1420 2037 lobanni
1440 1978 1597 2038 Francisco
1625 1974 1661 2037 de
1688 1974 1838 2037 Tolentino

1052 2081 1179 2142 totaliter
1201 2089 1324 2149 armato,
1340 2078 1419 2138 aliud
1431 2077 1545 2138 cuidam
1566 2078 1652 2138 alteri
1668 2074 1772 2147 nobili,
1789 2090 1838 2135 eo·

1052 2180 1116 2240 dcm
1139 2180 1224 2239 modo
1244 2188 1367 2238 armato.
1387 2178 1537 2248 Aliorum,
1557 2177 1644 2237 etiam
1659 2174 1836 2245 nobilissimi,

1052 2281 1150 2340 nullus
1176 2278 1232 2339 luit
1262 2288 1402 2337 aranatns.
1437 2276 1515 2337 Tum
1542 2275 1669 2335 surrexit
1698 2273 1835 2334 Dominus

1052 2378 1210 2451 ltonerrus,
1229 2376 1299 2456 pede
1316 2374 1461 2436 Pontificis
1476 2393 1533 2437 non
1550 2364 1736 2444 osculato,'et
1755 2391 1837 2452 prae·

1053 2479 1138 2539 cessit
1159 2477 1320 2538 immediate
1346 2466 1496 2547 Crucem3
1520 2474 1574 2534 iter
1601 2483 1758 2550 acceptum
1789 2471 1838 2530 init

1053 2598 1105 2657 per
1126 2578 1299 2639 Vaticanum
1322 2592 1422 2635 versus
1451 2573 1611 2651 cappellam
1632 2570 1664 2630 S.
1687 2569 1840 2641 Andreae,

1053 2678 1103 2735 nbi
1124 2695 1191 2739 eum
1213 2674 1292 2755 Papa
1314 2685 1386 2734 esset
1408 2690 1501 2753 prope
1522 2671 1700 2752 cappellam,
1719 2669 1838 2730 cubicu-

1053 2776 1164 2852 laribus
1182 2775 1368 2846 sociantibus,
1386 2784 1531 2833 ostensum
1552 2771 1607 2831 sarit
1623 2781 1713 2850 caput
1729 2767 1838 2847 glorio·

1052 2878 1154 2936 sissimi
1176 2875 1307 2954 Apostoli
1328 2874 1427 2933 Sancti
1447 2870 1588 2932 Andreae.
1615 2868 1726 2930 Deinde
1744 2869 1838 2929 exive-

1052 2987 1122 3036 runt
1137 2961 1286 3036 ecclesiam
1301 2991 1412 3044 omnes,
1426 2981 1455 3031 et
1475 2970 1554 3049 Papa
1568 2969 1621 3029 sub
1634 2969 1752 3049 porticu
1768 2965 1840 3026 San·

1052 3074 1093 3134 cti
1115 3075 1193 3135 Petri
1215 3071 1292 3132 dedit
1314 3072 1457 3133 licentiam
1481 3069 1614 3130 omnibus
1639 3065 1840 3139 cardinalibus

1052 3185 1081 3234 et
1101 3173 1187 3233 etiarn
1215 3172 1338 3232 Domino
1359 3170 1498 3230 lieberto.
1520 3168 1688 3232 Cardinales
1722 3167 1840 3229 iverunt

1053 3272 1137 3333 simul
1159 3290 1258 3333 omnes
1280 3289 1349 3331 cum
1368 3272 1428 3329 suis
1449 3270 1478 3329 in
1499 3286 1555 3327 una
1576 3279 1670 3346 parte,
1691 3277 1721 3327 et
1740 3267 1841 3326 Domi·

1053 3391 1106 3433 tans
1131 3356 1278 3432 liebertus
1300 3389 1367 3431 cnm
1389 3370 1447 3428 suis
1470 3370 1497 3428 in
1518 3370 1584 3447 alia,
1610 3380 1639 3428 et
1663 3379 1731 3429 ante
1752 3367 1842 3428 scalas

1055 3473 1148 3534 dictae
1169 3472 1301 3531 basilicae
1324 3481 1382 3530 tam
1402 3467 1568 3531 cardinales
1590 3486 1679 3547 quam
1701 3467 1842 3529 Dominus

1052 3571 1199 3632 liebertus
1219 3570 1306 3628 simul
1327 3586 1416 3645 eqrros
1437 3566 1651 3638 ascenderunt,
1672 3566 1838 3628 Cardinalas

1054 3683 1148 3731 tamen
1163 3670 1257 3730 citios.
1279 3666 1372 3726 Simul
1391 3676 1593 3745 processerunt
1608 3665 1643 3724 ad
1661 3665 1763 3726 domos
1780 3684 1843 3725 suas

1054 3788 1122 3829 cum
1136 3769 1196 3828 suis
1211 3766 1400 3826 familiaribus
1421 3765 1588 3844 equitantes.
1610 3763 1719 3827 Deinde
1741 3764 1842 3826 Domi·

1054 3884 1108 3927 nns
1129 3866 1276 3926 liebertus
1294 3865 1437 3942 equitavit
1457 3884 1525 3926 cnm
1556 3877 1649 3944 gente.
1669 3865 1840 3926 Praecesse-

1054 3977 1124 4025 runi
1145 3963 1282 4025 balistarii
1293 3986 1304 4036 3
1327 3977 1390 4043 post
1408 3983 1456 4026 eos
1479 3965 1527 4025 alii
1553 3983 1588 4025 ac
1618 3967 1704 4043 pauci
1735 3964 1841 4026 nobiles

1054 4076 1081 4125 et
1103 4066 1235 4126 curiales.
1271 4065 1347 4125 Turn
1370 4065 1478 4125 lnmilia
1500 4064 1594 4145 Papae
1616 4083 1704 4144 qnam
1739 4083 1842 4143 seque-

1054 4164 1158 4224 bantur
1174 4164 1314 4225 tubicines
1320 4187 1330 4238 ;
1350 4176 1413 4244 post
1429 4184 1477 4225 eos
1495 4163 1580 4242 pauci
1596 4163 1705 4224 nobiles
1711 4185 1722 4236 ;
1742 4162 1844 4225 deinde

1054 4265 1209 4326 servientes
1224 4282 1397 4335 armorum;
1413 4274 1474 4322 tum
1494 4263 1553 4323 duo
1574 4264 1679 4322 armati
1695 4274 1846 4341 portantes

1055 4362 1113 4422 duo
1126 4362 1227 4422 rexilla
1239 4360 1396 4441 praedictm
1409 4373 1472 4440 post
1483 4381 1531 4422 cos
1542 4361 1682 4422 Dominus
1696 4360 1847 4421 Robertns

1055 4480 1108 4521 suo
1130 4461 1229 4522 habitu
1252 4460 1415 4539 praedicto,
1438 4459 1573 4520 baculum
1595 4471 1766 4539 argenteum
1789 4459 1858 4519 bu-

1052 4558 1180 4637 jusmodi
1199 4560 1299 4620 dextra
1314 4577 1397 4618 mana
1419 4571 1548 4637 portans,
1570 4559 1680 4622 rnedius
1695 4560 1771 4619 inter
1787 4578 1858 4638 gn·

1055 4658 1238 4720 bernatorem
1253 4657 1342 4719 Urbis
1362 4676 1378 4715 a
1401 4657 1508 4717 dextris
1531 4670 1560 4718 et
1582 4659 1762 4736 praefectum
1783 4657 1868 4720 Ur·-

1055 4758 1109 4829 bis,
1124 4758 1248 4817 Sanctae
1265 4755 1411 4816 Romanae
1426 4755 1574 4817 Ecclesiae
1592 4757 1778 4836 capitaneum
1793 4776 1863 4836 ge·-

1055 4858 1223 4928 neralem,a
1245 4856 1377 4915 sinistris.
1397 4854 1473 4915 Tum
1492 4857 1614 4934 praelati
1631 4856 1735 4917 Palatii
1755 4870 1786 4919 et
1800 4854 1864 4918 sni

1053 4975 1107 5016 suo
1127 4955 1228 5017 ordine
1244 4956 1437 5033 equitavimus
1459 4974 1511 5033 per
1530 4966 1649 5034 pontem
1665 4956 1766 5018 Sancti
1783 4961 1860 5018 An-

1054 5055 1110 5133 geli
1127 5073 1178 5134 per
1194 5054 1268 5113 riam
1281 5065 1391 5114 metam
1403 5054 1438 5112 od
1451 5054 1594 5134 Campum
1605 5056 1713 5116 Florae
1718 5078 1729 5128 ς
1747 5056 1863 5118 deinde

1053 5173 1105 5233 per
1125 5155 1201 5214 aiam
1221 5164 1284 5213 ante
1305 5164 1443 5232 grottam,
1470 5165 1667 5234 nuncupatam
1695 5156 1858 5217 tabernam

1054 5252 1209 5330 publicam,
1226 5252 1355 5311 venimus
1376 5251 1413 5310 nd
1431 5251 1548 5313 domum
1563 5254 1728 5315 cardinalis
1747 5256 1859 5320 Andr·
