3764 6036
42 304 152 392 (area)

43 439 169 500 troitum
194 454 282 498 suum
304 443 534 505 concernerent,
553 453 587 495 ae
610 454 662 514 per
691 452 759 495 eum
788 432 836 492 ia·

43 537 144 600 cenos
164 554 199 597 ac
222 535 342 597 dicenda
359 545 472 607 easem3
490 534 567 612 quod
588 543 617 594 et
637 533 699 594 leci.
721 531 834 610 Rogavi

42 636 132 697 etiam
149 634 340 715 Sanctitatem
358 633 448 694 Suam
466 644 499 692 ut
510 633 680 712 dignaretur
696 631 835 693 mandare

42 736 73 798 in
95 736 222 799 adventu
244 734 314 796 dicti
335 724 627 797 Cardinalis'debitas
648 731 835 793 caerimonias

44 836 211 912 observari,
233 835 367 897 videlieet
383 834 461 912 quod
476 834 575 893 nullus
586 831 785 894 cardinalium
801 848 833 889 ea

42 936 89 999 die
111 955 169 1015 qua
194 937 230 996 ad
252 936 364 997 dietum
384 934 567 998 Conventam
589 942 731 995 venturus
750 941 835 1004 esset,

41 1156 202 1220 riapondere
228 1169 277 1218 per
303 1160 493 1212 esserestato
520 1156 613 1216 tueri,
639 1151 743 1217 quando
770 1148 833 1200 ebbi

40 1239 139 1299 questo
165 1240 258 1286 vostro
286 1235 388 1286 advisa.
412 1236 493 1285 Ama
517 1247 581 1298 pare
607 1232 656 1290 cire
682 1224 709 1280 S.
735 1227 833 1280 santiti

39 1327 96 1365 non
117 1313 205 1364 dobba
226 1312 342 1365 dilierira
370 1317 393 1364 la
414 1314 599 1376 promotione,
626 1324 655 1362 se
682 1323 735 1360 non
757 1310 833 1375 tanto

40 1396 142 1456 quante
160 1393 245 1443 e'non
267 1393 320 1454 pud
343 1391 390 1455 piir
414 1394 584 1451 accelerare,
606 1387 704 1454 perche
726 1386 834 1449 iudico,

39 1470 148 1533 quando
170 1472 195 1521 S.
215 1470 314 1521 Santita
338 1471 362 1520 lo
385 1473 448 1521 avrb
471 1472 560 1531 laeto,
575 1470 610 1533 gli
625 1468 719 1532 pareri
740 1477 831 1516 essere

40 1561 76 1599 ιιιι
93 1551 162 1601 altro
180 1550 310 1602 Pontedea
326 1553 375 1601 coe
396 1550 447 1601 lino
471 1549 515 1614 qui
531 1562 584 1600 non
599 1549 614 1599 e
630 1551 717 1606 stato,
734 1542 831 1604 perche

40 1626 110 1690 dove
132 1627 147 1679 ι
172 1632 242 1679 stato
259 1641 325 1691 capo
351 1641 431 1680 senza
456 1627 585 1687 membri,
602 1628 640 1677 sia
667 1636 715 1674 con
732 1621 831 1686 ancilia

40 1708 112 1759 dove
140 1707 241 1758 estate
270 1708 371 1758 iactura
387 1707 413 1756 (ι’
421 1708 501 1767 altri,
522 1706 571 1756 ebe
595 1705 656 1764 altri
673 1704 711 1754 sia
729 1702 829 1751 iactura

40 1799 104 1845 suaa
129 1790 157 1837 ct
173 1786 237 1849 perd
255 1787 279 1836 lo
301 1787 457 1837 coalortlate
482 1789 509 1836 et
534 1783 719 1847 importuniate
740 1780 765 1829 al
786 1792 832 1830 ve·

39 1865 98 1916 aire
121 1878 137 1914 a
164 1866 251 1927 quella
275 1866 444 1915 conclusione
472 1866 520 1914 cne
544 1861 646 1921 dobba,
673 1862 757 1924 prima
784 1859 832 1909 che

42 1942 114 2006 puda
131 1941 231 2005 perche
248 1943 395 2005 periculum
408 1947 448 1993 est
466 1942 494 1993 ia
512 1954 602 2002 mora,
621 1943 648 1991 et
660 1941 701 1990 ael
719 1939 775 1989 iare
787 1950 833 1987 ae·

39 2023 122 2085 quisti
133 2028 161 2073 et
177 2023 220 2073 nel
231 2022 349 2073 dillerire
362 2026 385 2073 ai
400 2023 491 2087 perde.
501 2022 592 2073 Sicebb
604 2026 631 2071 ln
649 2023 744 2084 questa
755 2023 831 2083 parte

39 2105 117 2152 uasta
134 2105 190 2151 tuta
218 2101 242 2150 la
260 2104 350 2151 vostra
383 2101 498 2152 autoritd
514 2100 612 2164 percbe
640 2113 719 2163 segue
738 2102 831 2161 questa

42 2178 188 2232 benedetto
216 2179 400 2242 promotione,
419 2184 446 2230 et
472 2183 558 2243 prima
583 2181 631 2230 ebe
649 2182 670 2229 si
697 2177 767 2242 pud;
783 2178 831 2228 cire

39 2259 144 2309 arendo
164 2270 254 2308 mosao
270 2259 295 2308 la
313 2271 376 2310 cosa
394 2260 420 2308 in
446 2258 573 2323 collegio,
590 2272 642 2310 nou
658 2258 673 2309 ι
690 2258 722 2307 (ιι
748 2257 832 2307 allen·

40 2339 98 2387 tare
116 2349 132 2385 ο
147 2336 282 2386 ritardare
302 2349 384 2387 senza
400 2338 557 2400 gravissima
575 2338 680 2402 perdita
705 2336 773 2386 della
789 2334 831 2384 dl·

43 2414 134 2479 gnita,
151 2421 178 2466 et
195 2415 307 2466 comodo
323 2416 350 2466 di
365 2416 417 2467 Sua
434 2416 607 2467 beatitudine.

84 2495 190 2555 Quanto
213 2496 236 2543 al
254 2494 316 2553 chi,
341 2508 460 2558 approvo
485 2497 545 2545 tutti
569 2496 648 2559 quelli
673 2493 775 2558 regnati
791 2494 830 2544 col

39 2580 139 2634 punto,
156 2575 182 2622 et
200 2585 267 2623 sono
284 2573 365 2635 quelli
393 2573 530 2624 medesimi
549 2573 597 2635 ebe
614 2575 683 2623 altra
707 2573 777 2625 volte
794 2573 828 2622 mi

38 2647 144 2697 dicesti
162 2647 323 2706 commendo
339 2646 406 2698 bena
422 2663 455 2699 ne
481 2655 564 2700 melta
579 2652 664 2700 iaanzi
681 2649 754 2699 molti
778 2661 832 2719 ρειΙ

38 2729 123 2778 lirare
148 2726 194 2789 pila
215 2727 442 2778 commedamenta
475 2729 557 2793 quelli
574 2730 622 2779 ebe
651 2729 744 2787 vuele,
768 2730 831 2778 elas

36 2806 89 2867 poe
105 2805 241 2856 consolare
256 2806 315 2867 aot,
332 2819 360 2856 se
383 2819 416 2856 ne
431 2808 536 2858 ricardi.
557 2808 666 2869 Quando
683 2810 707 2858 la
728 2820 831 2870 promo·

38 2886 111 2934 tione
129 2885 153 2934 si
170 2885 296 2936 dilierissi
312 2897 361 2948 per
377 2888 437 2946 noi,
453 2887 528 2937 ditali
548 2888 611 2938 tarci
629 2888 653 2938 e'
664 2901 721 2947 sua,
738 2900 766 2938 se
783 2886 829 2936 do-

39 2964 115 3015 sessi
133 2964 209 3015 tarne
227 2977 280 3014 uno
299 2965 356 3016 solo
383 2978 431 3028 per
458 2967 635 3017 comineiarne
651 2980 686 3017 un
713 2970 829 3017 tractos

40 3043 117 3103 iare,
134 3046 161 3093 et
178 3045 226 3094 ebe
251 3047 312 3106 pala
339 3044 388 3093 cbe
406 3058 504 3108 possa;
520 3050 547 3096 et
573 3047 617 3109 poi
645 3045 671 3096 di
698 3051 786 3109 tempo
802 3047 828 3096 in

38 3127 140 3186 tempo,
157 3123 199 3173 col
216 3123 308 3173 lavore
325 3123 352 3174 (ιι
369 3125 448 3187 quelli
467 3125 617 3181 baratarii,
635 3139 686 3176 non
704 3127 737 3188 gli
753 3139 829 3175 man·

38 3202 121 3252 cberb
132 3202 203 3253 modi
216 3203 241 3253 di
258 3203 313 3253 iare
327 3203 394 3266 degli
407 3205 466 3253 altri
479 3209 506 3254 et
525 3206 651 3255 salisiare
663 3218 677 3254 a
690 3206 826 3263 ciascuno‚

37 3285 65 3332 et
81 3293 131 3343 per
147 3282 236 3344 quella
259 3287 335 3346 parte
353 3283 395 3333 del
418 3284 467 3347 Slg.
486 3284 633 3334 itancesco
653 3285 687 3333 mi
711 3285 785 3346 piace
804 3285 826 3332 la

36 3360 232 3411 deliberatione
251 3361 277 3410 di
294 3362 392 3414 Nostro
409 3364 536 3426 signore,
554 3367 581 3413 et
597 3377 649 3413 uon
665 3362 726 3413 eda
744 3367 824 3413 emet·

38 3441 124 3499 terta,
141 3438 239 3501 perche
256 3438 271 3489 e
287 3443 354 3489 tutta
369 3441 392 3489 la
410 3440 580 3504 importantia
598 3442 623 3491 di
635 3447 729 3504 questa
746 3454 825 3502 cosa,

37 3522 65 3568 et
82 3517 108 3567 la
119 3529 199 3568 cansa
211 3516 358 3580 principale
371 3519 468 3581 percite
481 3522 511 3571 ‘si
521 3523 598 3571 viane
612 3535 625 3570 a
644 3525 827 3584 questuosis,

36 3603 65 3648 et
80 3599 133 3648 Sua
145 3596 242 3647 Santitb
254 3596 364 3648 absente
377 3611 452 3649 come
465 3603 590 3662 presente
602 3600 654 3663 pub
671 3601 726 3650 lare
738 3601 826 3663 quello

36 3676 199 3734 medesimo;
216 3688 264 3737 par
275 3679 369 3738 questo
382 3689 432 3726 non
444 3677 459 3726 ι
476 3676 510 3727 da
528 3678 650 3738 tardare,
667 3677 700 3728 ue
713 3679 746 3729 da
760 3680 825 3728 torsi

36 3760 145 3818 tempo,
159 3754 258 3817 perche
276 3754 322 3804 nio
339 3756 389 3817 glie
415 3757 439 3806 lo
455 3769 570 3819 prepara
594 3761 667 3808 tanto
685 3762 824 3820 oportuno.

36 3833 137 3893 Queato
154 3832 168 3882 c
185 3833 208 3881 el
226 3845 305 3894 parer
316 3835 383 3888 mio.
401 3836 564 3898 aspectando
581 3849 630 3886 con
648 3836 782 3886 desiderio
798 3835 824 3886 di

35 3925 86 3974 per
104 3910 131 3961 di
148 3912 236 3974 quello
258 3912 378 3976 seguirb,
395 3914 420 3962 in
437 3914 485 3963 ebe
505 3916 531 3963 vi
549 3927 630 3978 prego
647 3917 766 3966 mettiate
782 3916 825 3965 di·

35 3990 162 4053 ligantia,
186 4001 262 4039 come
287 3990 387 4050 solete,
413 3996 471 4041 eta
498 3993 539 4041 vol
561 3993 681 4051 ricorde,
710 3994 758 4042 ebs
775 4007 823 4042 eon

36 4073 111 4120 lucto
127 4070 153 4118 ει
164 4081 245 4119 cuore
257 4068 412 4132 ringratiale
424 4070 520 4124 Nostro
531 4071 638 4134 signore
651 4071 720 4121 della
732 4071 825 4121 buma-

34 4148 90 4199 nita
108 4148 157 4198 che
174 4161 222 4198 usa
239 4161 319 4198 verso
341 4148 367 4197 di
384 4162 445 4207 roe,
462 4155 489 4200 et
514 4150 582 4201 della
600 4150 658 4199 tede
684 4152 717 4199 mi
734 4154 824 4212 presta

34 4228 204 4281 benemerita
228 4228 294 4277 della
313 4228 414 4278 servitia
437 4233 463 4279 et
480 4228 650 4280 observantia
676 4229 728 4277 mia
744 4242 823 4280 verso

33 4308 87 4358 Sua
105 4307 205 4357 sentila
224 4328 244 4353 ι.

208 4405 355 4455 Florentiae
372 4405 414 4455 die
430 4405 484 4458 Xlll
499 4406 566 4456 lunii
585 4407 645 4457 rtet

33 4485 174 4545 (ltoscos,
191 4483 245 4549 Vita
261 4485 392 4534 ditantur
409 4492 442 4543 x,
460 4491 521 4535 ιοιιι.
537 4487 559 4536 ιι
573 4488 684 4548 append.
699 4498 740 4535 ιιι
752 4489 791 4544 ²).

428 4311 602 4359 Ltunlttittlls
619 4319 655 4357 blt
673 4310 792 4357 bisulcis

74 4644 132 4694 Etsi
150 4645 253 4694 nomina
281 4644 476 4708 designatorum
494 4645 528 4695 ad
550 4646 760 4704 cardinalatum,
775 4659 829 4716 per,

33 4723 175 4774 oratorem
184 4723 378 4774 Lautredinium
390 4726 530 4776 Laurentio
538 4728 629 4787 missa,
639 4726 823 4777 desiderentur

33 4803 58 4853 iu
69 4803 269 4865 manuscriptis,
282 4809 369 4854 tamen
387 4818 419 4855 ex
433 4806 489 4854 aliis
502 4809 681 4856 monumentis
696 4805 773 4856 nobis
785 4808 823 4856 in·

33 4885 158 4940 notescit,
174 4895 227 4932 non
239 4887 342 4934 tantum
354 4885 470 4947 quinque
481 4885 596 4947 publice,
613 4889 639 4934 et
652 4889 706 4935 tres
720 4891 822 4937 secreto

33 4962 106 5013 viros
119 4961 153 5011 ad
170 4960 319 5013 cardiacam
332 4963 483 5025 dignitatem
496 4963 674 5014 innocentium
687 4966 823 5025 extulisse,

34 5044 81 5093 aad
94 5043 171 5101 alios,
180 5042 264 5093 tribus
276 5045 417 5104 postremis
426 5056 485 5094 esse
497 5043 667 5101 adjiciendos.
676 5043 822 5093 lisiardum

34 5123 174 5173 audiamus
194 5124 290 5171 steca
306 5121 389 5172 anone
405 5126 551 5174 lnaoccnzo
567 5123 704 5172 Cardlnale
721 5136 756 5171 un
773 5121 823 5171 Ua·

35 5201 117 5263 gnaro
130 5200 305 5249 arcivescevo
314 5200 508 5260 distriaonia,e
520 5215 554 5251 un
564 5201 672 5251 Polacco
682 5214 744 5250 casa
753 5202 822 5264 regia

35 5278 167 5343 lagelloaa
186 5277 250 5341 (che
268 5279 412 5331 mancando
429 5281 455 5331 in
471 5281 633 5345 Sigismondo
657 5281 684 5331 tu
710 5282 822 5331 elettoa

36 5360 95 5421 quel
112 5373 179 5424 gran
196 5371 276 5421 regno
297 5357 391 5411 Enrice
407 5360 432 5411 (ιι
450 5360 587 5421 Francia),
608 5360 746 5423 perchbin
771 5371 822 5411 una

515 292 1046 393 constrictius-innocencii
1066 290 1220 356 OCTAVl.
1630 287 1690 349 lot

905 430 958 492 sibi
976 431 1093 493 obviam
1116 430 1229 493 veniret
1249 429 1294 491 vei
1314 427 1454 490 familiam
1477 429 1622 507 mitteret,
1641 427 1692 492 sed

905 548 1005 592 omnes
1025 531 1055 591 in
1074 548 1168 616 nune,
1189 548 1257 591 eum
1276 529 1480 590 comistorium
1493 538 1568 590 emet
1583 527 1693 588 introi·

904 639 1003 705 turos,
1022 631 1119 710 iprum
1139 631 1269 712 primum
1288 630 1449 707 visitarent,
1468 640 1498 691 et
1514 630 1693 691 nunciarent

904 729 1006 792 ordine
1036 731 1131 792 solito.
1168 729 1284 793 Placuit
1309 731 1404 810 igitur
1431 729 1582 791 Sanctitati
1613 728 1691 792 Suae

904 847 1003 890 meum
1017 831 1209 910 propositum,
1222 842 1251 894 ct
1272 831 1344 890 milri
1366 831 1509 892 commisit
1524 829 1602 908 quod
1617 829 1690 890 illud

904 927 1105 991 Cardinalibus
1121 949 1324 1012 proponerem,
1342 951 1376 994 cx
1396 931 1491 994 officio
1507 949 1571 993 meo
1587 948 1644 992 non
1657 949 1693 992 ex

903 1161 1046 1213 latruzione
1062 1162 1124 1214 data
1136 1165 1160 1214 al
1176 1164 1255 1215 card.
1271 1164 1484 1230 Reginospedito
1500 1164 1586 1227 legate
1598 1164 1615 1213 ιι
1628 1164 1688 1214 ιιιιι

904 1241 970 1292 alie
988 1241 1014 1291 (ι’
1025 1240 1154 1306 llngberia
1178 1257 1193 1294 e
1216 1244 1243 1295 di
1260 1244 1377 1305 Paionia,
1397 1245 1431 1308 gli
1453 1243 1559 1307 impone
1587 1243 1606 1290 ιι
1620 1241 1690 1303 Papa

904 1318 952 1369 ebe
964 1321 986 1369 sl
998 1322 1085 1384 vaglia
1096 1323 1122 1373 in
1135 1322 1263 1386 Ungberia
1279 1324 1340 1374 dell’
1349 1336 1430 1388 opera
1442 1323 1690 1376 dell’Arciveseoro

902 1395 929 1444 di
946 1398 1085 1462 strigonia,
1101 1400 1135 1451 da
1152 1401 1187 1450 lui
1203 1413 1270 1464 poco
1286 1401 1372 1464 prima
1385 1402 1449 1453 iatto
1465 1400 1603 1452 cardinale
1619 1396 1689 1460 (cosi

902 1477 997 1538 dice),
1013 1493 1027 1529 a
1045 1480 1078 1542 gli
1095 1481 1200 1544 impone
1218 1484 1266 1532 coe
1283 1483 1357 1545 operi
1370 1482 1418 1532 ebe
1436 1481 1510 1534 datto
1526 1481 1560 1530 da
1577 1491 1605 1530 se
1622 1479 1688 1528 tatto

902 1558 1043 1611 cardinale
1055 1571 1138 1622 venga
1155 1562 1260 1612 abuma
1276 1573 1290 1610 a
1306 1562 1415 1625 pigliare
1426 1562 1443 1610 il
1460 1561 1589 1623 cappello.
1606 1558 1626 1607 ll
1637 1557 1687 1609 cba

902 1637 1030 1698 iacendo,
1047 1643 1179 1701 prometto
1191 1639 1256 1689 iarlo
1273 1640 1358 1704 legato
1369 1640 1395 1691 d’
1404 1639 1548 1703 ngberia,
1564 1636 1690 1689 eriman-

902 1717 977 1769 darlo
995 1730 1088 1769 aeasa
1105 1730 1156 1768 con
1171 1717 1194 1768 si
1211 1718 1281 1768 bella
1291 1720 1467 1782 prerogativa.
1482 1718 1645 1768 Similmanta
1661 1717 1689 1766 in

900 1795 1005 1848 Palania
1029 1796 1159 1848 cenanda
1176 1812 1191 1847 a
1208 1798 1233 1847 lo
1254 1802 1341 1849 stesso
1356 1797 1453 1862 Legata
1477 1799 1526 1849 ebe
1544 1799 1646 1848 ricorra
1663 1795 1688 1845 al

901 1877 1040 1927 cardinale
1056 1877 1161 1927 tratello
1173 1876 1215 1926 del
1231 1876 1284 1936 lte,
1302 1878 1325 1927 al
1343 1878 1421 1941 quala
1438 1877 1497 1927 dice
1509 1876 1558 1927 ebe
1574 1875 1607 1925 ba
1624 1875 1687 1926 dato

902 1956 927 2007 la
943 1954 1041 2020 dignitd
1062 1956 1106 2007 del
1132 1955 1307 2007 Cardlnalato.
1334 1955 1419 2028 Epor
1446 1958 1578 2007 riacontro
1594 1955 1622 2004 di
1648 1955 1689 2006 cid

902 2040 1015 2088 martino
1031 2037 1157 2087 cromaro
1174 2037 1243 2087 nelle
1264 2038 1346 2088 storie
1368 2037 1395 2088 (ιι
1419 2037 1525 2088 Palania
1540 2036 1599 2087 dice
1622 2036 1689 2096 che,

901 2119 1016 2169 essendo
1042 2120 1136 2167 vacato
1164 2116 1393 2167 l’areivescorate
1419 2114 1566 2167 Presuense
1588 2121 1597 2175 (
1610 2116 1690 2166 abab

901 2198 1013 2248 Primate
1029 2196 1055 2246 di
1070 2195 1201 2246 Polonlae
1218 2206 1250 2245 va
1264 2197 1361 2246 vestito
1377 2194 1410 2246 da
1421 2194 1578 2253 cardinale)
1591 2195 1684 2244 l‘anno

901 2277 963 2328 149³
979 2277 1006 2326 ιιι
1018 2276 1052 2326 da
1063 2275 1224 2326 Alessandro
1235 2274 1281 2332 Vl,
1292 2274 1342 2325 ebe
1354 2275 1466 2325 succede
1478 2275 1511 2324 ad
1523 2276 1687 2331 innocense,

901 2355 1030 2409 conterite
1047 2368 1062 2404 a
1078 2354 1203 2417 Federige
1214 2353 1345 2416 lagellone
1362 2357 1481 2404 vescovo
1499 2351 1532 2403 di
1544 2351 1687 2411 cracovia,

900 2435 1005 2486 fratello
1021 2433 1065 2485 del
1080 2435 1115 2485 lie
1133 2446 1147 2484 e
1164 2432 1304 2483 Cardinale
1325 2434 1351 2483 di
1368 2434 1392 2483 s.
1409 2433 1521 2492 colesea
1537 2445 1551 2482 e
1570 2443 1646 2481 come
1662 2431 1689 2481 di

900 2512 1041 2564 Cardinale
1058 2527 1091 2563 ne
1109 2513 1132 2562 ia
1150 2513 1194 2575 ριιι
1210 2512 1282 2561 ιοιιε
1300 2514 1437 2562 menzione
1453 2514 1480 2561 in
1496 2511 1568 2562 detta
1590 2511 1687 2571 storia;

901 2594 1027 2644 siurone
1043 2593 1130 2656 questi
1154 2592 1206 2651 due
1227 2590 1359 2642 cardinali
1376 2592 1434 2641 tatli
1461 2604 1476 2640 a
1500 2594 1594 2653 parte,
1609 2601 1686 2639 coma
1774 2629 1778 2639 .

900 2673 1008 2723 talvolta
1026 2672 1047 2721 si
1074 2672 1255 2722 beostumato
1282 2671 1308 2719 di
1326 2670 1430 2730 lare,e
1458 2681 1562 2733 ognuno
1588 2669 1616 2719 di
1632 2670 1691 2718 esai

899 2753 982 2812 tatto,
997 2749 1078 2800 credo
1094 2751 1141 2810 io,
1166 2762 1215 2812 per
1233 2761 1298 2799 aver
1324 2749 1405 2800 buoni
1428 2751 1538 2813 appoggi
1555 2758 1685 2812 appresso

899 2829 966 2882 detti
993 2831 1028 2880 lte
1046 2841 1094 2892 per
1119 2830 1228 2892 sagione
1245 2828 1432 2891 dell’impresa
1447 2829 1496 2879 ebe
1521 2831 1574 2878 sua
1589 2826 1689 2878 Santltd

899 2914 991 2960 eontra
1007 2907 1104 2958 Turcbi
1123 2911 1242 2957 tramava
1262 2929 1273 2948 ·
1300 2907 1348 2956 loc.
1365 2909 1407 2958 cit.
1423 2919 1483 2970 poa.
1502 2911 1540 2959 ιι.
1558 2910 1596 2965 ⁷²,-

945 2987 1014 3039 lllibl
1032 2986 1169 3036 vialardus
1191 2987 1303 3045 citatus,
1320 2988 1364 3048 qul
1376 2987 1459 3036 diaria
1471 2989 1497 3036 et
1515 2988 1685 3044 monumenta

893 3061 1106 3129 'quamplurima,
1123 3077 1172 3128 pro
1184 3065 1328 3115 iunocentii
1339 3063 1392 3114 vlll
1410 3065 1465 3114 vita
1476 3062 1686 3124 conscribenda,

898 3150 925 3196 et
941 3147 967 3195 la
989 3145 1120 3195 tabulario
1136 3142 1261 3194 ciborum
1279 3144 1405 3203 extantia,
1423 3143 1496 3204 adiit,
1508 3143 1541 3193 de
1559 3143 1610 3192 allo
1626 3141 1688 3192 Car·

897 3225 984 3275 dinale
1000 3224 1122 3274 notitiam
1148 3221 1226 3274 nobis
1243 3222 1354 3285 praebet
1379 3223 1420 3273 bis
1437 3221 1530 3273 verbis
1548 3243 1557 3264 ·
1577 3222 1686 3286 Pregato

898 3303 1045 3354 innocense
1056 3303 1081 3352 di
1093 3303 1158 3353 dare
1170 3303 1186 3351 il
1204 3302 1324 3363 cappello
1336 3302 1362 3352 dl
1378 3302 1516 3353 Cardinale
1533 3317 1547 3351 a
1564 3301 1687 3353 Pantaleo

897 3384 964 3435 Cibo
980 3385 1094 3448 ligliuolo
1113 3384 1140 3433 dl
1157 3383 1306 3434 Cristolano
1323 3396 1371 3434 suo
1387 3385 1498 3447 cuglno,
1514 3383 1639 3435 ianciullo
1655 3384 1687 3434 di

897 3465 983 3515 ottimi
1008 3465 1120 3513 coslnml
1137 3475 1151 3512 a
1175 3462 1202 3512 di
1219 3463 1310 3512 ultima
1327 3467 1439 3523 natura,
1464 3476 1516 3513 non
1533 3464 1601 3513 valle
1618 3463 1684 3514 dar·

896 3545 989 3605 gllelo,
1006 3541 1103 3605 perche
1115 3554 1161 3591 era
1179 3541 1204 3590 di
1222 3545 1313 3591 tenera
1331 3541 1390 3600 eti,
1406 3555 1450 3592 mo
1466 3542 1485 3591 li
1499 3543 1570 3604 aptat
1589 3543 1649 3593 barra
1667 3542 1686 3592 tt

897 3623 989 3687 mccc,
1003 3620 1052 3671 cira
1069 3619 1153 3685 oggidi
1170 3632 1266 3670 ancora
1285 3620 1307 3669 si
1325 3627 1401 3672 treva
1415 3635 1543 3685 appresso
1561 3624 1577 3671 ll
1594 3624 1684 3686 nlpote

897 3703 1042 3752 Francesco
1058 3702 1139 3751 Maria
1151 3700 1215 3752 cibo
1229 3721 1248 3749 ι.
1264 3701 1326 3751 ibid.
1343 3714 1403 3764 pop.
1422 3704 1461 3754 ιι.
1476 3707 1499 3753 2.
1512 3702 1551 3753 Ex
1563 3703 1686 3752 omnibus

894 3783 1073 3832 monumentis
1097 3780 1176 3842 igitur
1192 3784 1218 3830 et
1242 3781 1342 3830 notitiis
1364 3780 1684 3840 videretur,ann01489

894 3861 1076 3912 innocentium
1101 3859 1195 3922 Papam
1221 3860 1247 3908 la
1263 3858 1418 3910 cardinales
1441 3861 1464 3909 S.
1483 3861 1612 3910 Romanae
1633 3859 1686 3910 Ee·

895 3939 994 3990 clasiae
1011 3951 1073 3989 vere
1086 3938 1212 4000 selegisse
1223 3941 1249 3987 et
1260 3938 1414 4000 designasse
1426 3937 1556 3988 andream
1574 3938 1686 4001 d’lispi·

895 4031 964 4083 nay,
980 4019 1150 4068 Laurentium
1167 4017 1239 4074 Cibo,
1255 4016 1408 4067 Ardiciuum
1427 4017 1463 4067 na
1476 4018 1499 4066 la
1516 4017 1607 4075 Porta,
1625 4022 1677 4066 Aa·

894 4098 1033 4146 toaiottum
1050 4095 1254 4152 Pallavlcinum,
1270 4095 1374 4145 Petrum
1391 4095 1417 4145 (ι’
1426 4096 1587 4154 Aubusson,
1602 4096 1681 4148 ioan·

894 4188 954 4225 nem
970 4175 1005 4224 da
1026 4173 1149 4229 Medicis,
1171 4173 1309 4235 ltapneom
1333 4173 1494 4234 corradum,
1519 4175 1680 4226 iridericum

892 4255 1107 4312 Sausereriaum,
1124 4253 1289 4303 fridericum
1305 4251 1481 4315 lagellonem,
1498 4255 1683 4319 trehiepisco·

894 4346 954 4395 pum
971 4332 1132 4395 strigoniae,
1152 4336 1178 4382 et
1196 4331 1377 4383 Pantaleonem
1395 4333 1468 4383 cibo.
1488 4334 1586 4386 Horum
1603 4337 1683 4400 quin·

893 4426 945 4476 que
956 4412 1129 4474 promulgati,
1140 4423 1188 4461 sex
1199 4412 1304 4462 silentio
1316 4414 1467 4476 praeteriti,
1478 4427 1537 4464 eum
1549 4416 1602 4466 duo
1614 4429 1681 4479 pne·

894 4492 979 4539 ritiam
995 4489 1042 4539 rix
1059 4489 1229 4548 excederent,
1245 4493 1272 4540 et
1288 4492 1382 4554 reliqui
1400 4492 1468 4542 ιοιιε
1479 4494 1608 4544 nominari
1625 4508 1676 4547 non

893 4573 1003 4631 possent
1027 4570 1077 4618 nisi
1102 4572 1163 4631 post
1188 4573 1299 4620 mortem
1324 4571 1434 4634 alicujus
1458 4572 1622 4632 cardinalis,
1646 4586 1680 4624 ne

893 4641 1098 4710 Purpuratorum
1116 4646 1259 4709 collegium
1275 4649 1346 4699 oltra
1369 4661 1508 4699 numerum
1524 4656 1675 4710 cresceret,

893 4728 919 4777 in
944 4730 1062 4789 spretum
1089 4726 1264 4787 capitulorum
1287 4728 1514 4790 supradictorum,
1530 4729 1557 4778 in
1580 4728 1676 4791 quibus

892 4806 1020 4868 scriptum
1037 4808 1093 4854 erat
1112 4824 1122 4846 ·
1141 4803 1177 4854 ite
1197 4805 1334 4867 parentela
1355 4809 1382 4854 ει
1393 4805 1620 4868 consanguinitate
1632 4818 1683 4856 sua

893 4896 942 4934 nec
959 4883 1049 4946 plures
1066 4895 1143 4946 quam
1169 4895 1264 4942 nuum,
1283 4882 1412 4933 duntaxat
1434 4882 1626 4945 qualificatom,
1650 4888 1680 4934 ut

894 4976 989 5026 supra,
1007 4962 1185 5025 promovebis
1202 4975 1251 5012 nee
1267 4971 1391 5026 umquam
1409 4961 1522 5013 excedet
1539 4976 1678 5014 numerum

893 5042 983 5105 viginti
1001 5045 1113 5105 quatuor
1138 5041 1313 5092 Cardinalium
1331 5043 1489 5105 ubicumque
1506 5047 1534 5093 et
1559 5042 1679 5106 quando·

893 5133 1006 5184 cumque
1029 5121 1228 5171 consistentium
1249 5141 1258 5163 ·
1282 5124 1328 5171 etc.
1350 5122 1498 5175 Notandum
1528 5123 1638 5186 insuper
1655 5124 1680 5173 ιιι

894 5201 1058 5261 promotione
1075 5200 1208 5250 Laurentii
1224 5199 1305 5257 cibo,
1325 5211 1357 5249 ex
1375 5199 1558 5264 superioribus
1574 5204 1680 5264 capitu·

894 5279 977 5328 lorum
996 5279 1103 5338 verbis,
1118 5278 1192 5328 netas
1209 5289 1269 5327 esse
1286 5277 1485 5339 pantaleonem,
1500 5281 1579 5331 etlam
1592 5281 1679 5345 ipsum

894 5371 927 5409 ax
945 5357 1070 5410 ciborum
1089 5358 1189 5419 stirpe,
1206 5358 1349 5410 nominare.

1406 5453 1435 5501 tt
