3764 6036
38 275 149 357 (¹⁴8⁸)

36 413 136 472 lacere
149 410 284 472 recusavi
299 408 355 491 (i).
369 409 561 490 Rogaveruut
572 424 640 474 tunc
654 415 772 492 quodid
787 415 833 476 di·

37 528 135 572 cerem
158 510 194 570 R.
216 509 253 570 D.
279 510 427 571 Cardinali
452 512 724 599 vicecancellario‚
757 516 833 594 quod

35 609 118 683 ieci3
141 609 191 670 sed
213 610 248 668 R.
276 608 312 668 D.
335 609 594 673 vicecancellarius
626 614 772 693 respondit
800 635 832 677 se

35 727 92 769 non
108 729 191 789 posse
210 708 369 787 quidquam
388 712 466 772 circa
486 711 561 772 hanc
578 732 641 774 rem
658 713 830 777 deliberare.

38 811 174 871 Videntes
193 810 282 888 igitur
306 809 445 888 praedicti
461 810 519 872 duo
535 809 686 884 Oratores,
700 813 778 890 quod
791 814 831 875 eis

33 929 91 970 non
109 910 214 970 dabam
231 926 412 987 responsum,
427 923 620 973 surrexerunt
634 923 663 973 et
677 914 831 974 sciverunt

35 1011 210 1089 cappellani.
237 1008 391 1071 Praeterea
413 1012 482 1089 quia
501 1012 573 1073 socii
593 1012 662 1083 mei,
684 1012 751 1075 licet
770 1013 829 1074 Ca·

32 1111 181 1170 merarius
200 1128 258 1170 nou
278 1122 352 1171 esset
373 1113 401 1170 in
421 1112 563 1190 cappella,
579 1112 718 1174 dederunt
734 1116 829 1192 primo

34 1209 187 1269 incensum
208 1220 237 1269 et
258 1228 357 1288 pacem
380 1208 555 1272 Oratoribus
576 1213 726 1291 praelatis,
752 1228 828 1292 quo-

33 1327 103 1367 rum
123 1310 234 1387 primus
254 1322 318 1369 erat
338 1311 488 1389 episcopus
503 1310 699 1372 bescuriensis
714 1309 827 1375 Orator

32 1409 187 1478 Franciac,
198 1419 227 1469 ei
242 1409 384 1469 secundus
397 1410 639 1471 Protbonotarius
661 1411 695 1472 de
717 1412 827 1473 Medius

33 1505 146 1568 Orator
168 1509 318 1586 Hispaniae
347 1510 487 1589 Regum,
505 1508 597 1587 juxti,
620 1512 828 1574 ordinationem

32 1607 89 1667 SS.
114 1606 150 1666 D.
174 1606 212 1682 ll.
232 1609 325 1686 Papae
345 1609 450 1669 factam
477 1610 521 1671 die
542 1628 584 1671 xi.
607 1612 720 1691 aprilis,
739 1625 828 1692 prout

30 1726 122 1787 supra
134 1708 244 1770 dietum
264 1721 328 1782 est,
350 1710 449 1772 deinde
471 1711 598 1790 praefato
625 1712 660 1772 Ι).
681 1712 827 1792 Gregorio

33 1805 157 1868 Uestori
177 1809 264 1888 Regis
285 1810 495 1886 Romanorum;
518 1812 591 1873 idem
613 1812 649 1872 D.
661 1812 827 1893 Gregorius

31 1909 60 1968 id
82 1927 172 1987 aegre
194 1910 271 1981 tulit,
292 1921 321 1970 et
342 1911 434 1971 noluit
450 1930 549 1991 pacem
567 1913 700 1992 accipere
718 1913 828 1987 dicens,

29 2009 87 2069 SS.
110 2009 146 2069 D.
166 2008 199 2068 ti.
221 2028 316 2089 super
339 2009 393 2071 boe
417 2011 555 2088 conqueri
578 2013 652 2073 velle
672 2026 726 2074 etc.

26 2137 30 2142 ·
73 2111 160 2170 Feria
181 2110 317 2182 sectuttla,
331 2127 412 2172 xxx.
421 2108 507 2188 junii,
520 2114 598 2173 circa
611 2113 712 2173 boram
725 2127 825 2173 uitri.

30 2213 109 2272 exivi
130 2211 252 2283 Urbem,
274 2213 396 2291 patriam
420 2213 597 2274 visitaturus.

76 2312 148 2372 Die.
172 2356 180 2371 .
200 2356 208 2370 .
228 2314 332 2373 mensis
351 2309 442 2388 jutit,
462 2313 534 2376 Rev.
555 2315 584 2373 in
602 2312 720 2374 Christo
740 2311 826 2373 Pater

27 2413 175 2473 Dominus
194 2412 233 2471 D.
256 2413 360 2474 Petrus
379 2414 554 2475 Sanctorum
576 2413 696 2476 Cosmae
723 2423 751 2474 ci
763 2412 827 2472 Da·

27 2512 129 2584 miani,
150 2511 302 2573 Diaconus¹
324 2513 484 2574 Cardinalis
509 2514 544 2574 de
563 2516 645 2574 Fuso
667 2515 825 2592 vulgariter

29 2625 236 2692 nuncupatus,
260 2617 377 2673 recessit
398 2635 432 2675 ex
453 2598 533 2677 Urbe
553 2618 649 2674 iturus
670 2612 818 2694 Neapolim

28 2714 202 2775 visitaturus
239 2711 349 2792 Regem
378 2713 596 2793 Neapolitanum
625 2733 679 2793 pro
711 2714 826 2792 spectati

25 2815 165 2874 amicitia.

68 2917 204 2977 Die...
233 2913 268 2973 R.
301 2915 330 2974 in
359 2914 476 2976 Christo
498 2914 584 2974 Pater
619 2913 658 2974 D.
690 2912 835 2975 Matthias

26 3018 179 3096 episcopus
199 3014 416 3094 Populaneusis,
433 3015 467 3073 R.
481 3015 517 3074 i).
534 3013 695 3076 cardinalis
710 3010 825 3090 Neapo-

28 3117 107 3176 litani
137 3133 224 3193 nepos
244 3126 273 3174 ei
296 3115 434 3193 Magister.
464 3114 598 3184 Domus,
625 3115 733 3175 Romae
767 3114 824 3172 vita

28 3218 147 3278 iunctus
173 3227 239 3288 est,
266 3213 352 3291 cujus
376 3222 485 3294 ‘corpus
514 3216 543 3274 in
577 3215 693 3275 ecclesia
721 3215 824 3273 &atae

30 3319 140 3378 Mariae
161 3336 249 3396 supra
265 3317 428 3376 Minervam
442 3335 492 3396 per
509 3316 630 3376 familias
651 3315 706 3374 SS.
729 3313 765 3372 D.
788 3313 824 3372 ti.

26 3420 121 3499 Papae
138 3429 168 3478 et
190 3417 253 3476 RR.
272 3416 335 3477 DD.
356 3416 551 3477 Cardinaiium
571 3435 605 3476 ac
627 3415 823 3492 praelatorum

26 3521 133 3582 Curiae
156 3516 312 3578 honorifice
337 3519 509 3578 associatum
525 3528 567 3577 est
582 3559 591 3588 ‚
604 3526 633 3576 et
651 3514 749 3575 eadem
772 3533 839 3593 ec·,

26 3621 111 3682 alesia
136 3617 276 3679 traditum
297 3618 474 3697 sepulturae,
487 3615 571 3692 cujus
594 3617 687 3674 anima
703 3616 820 3693 requie·

27 3731 85 3781 scat
107 3720 137 3778 in
159 3736 239 3797 paee.

66 3820 120 3879 Die
146 3814 239 3892 jovis,
260 3815 384 3878 secunda
406 3817 510 3886 mensis
530 3816 668 3890 octobris,
692 3815 764 3877 Rev.
794 3818 821 3876 ia

29 3920 151 3982 Christo
166 3919 253 3978 Pater
270 3928 299 3978 st
317 3917 456 3977 Dominus
476 3917 512 3976 D.
539 3916 683 3978 lohannes
701 3917 821 3976 arcim-

26 4021 130 4082 boldus
153 4019 229 4080 tituli
252 4018 375 4078 Sanctae
396 4017 531 4079 Praxedis
560 4019 719 4097 Presbyter
745 4017 822 4079 Car-

28 4120 132 4180 dinalis
145 4118 361 4180 Mediolanensis
376 4117 536 4197 vulgariter
551 4129 743 4197 nuncupatus,
758 4118 822 4178 Ro·

29 4240 93 4282 mae
122 4221 150 4279 in
171 4219 302 4280 domibus
323 4236 392 4280 suae
417 4219 516 4279 solitae
549 4218 716 4280 residentiae
743 4219 820 4279 circa

24 4322 130 4382 horam
155 4332 299 4398 quartam
320 4320 411 4379 noctis
434 4316 567 4399 spiritum
590 4317 711 4379 reddidit
729 4316 821 4377 Crea-

24 4409 94 4492 tori,
117 4417 209 4495 cujus
232 4437 349 4498 corpus,
369 4420 480 4478 veneris
502 4419 645 4495 sequentis
665 4418 743 4477 eirca
766 4415 821 4483 ba-

29 4540 97 4581 ram
121 4520 293 4599 vigesimam
313 4517 481 4591 secundam,
497 4517 533 4576 ad
554 4518 702 4578 ecclesiam
725 4515 821 4575 Sancti

26 4620 183 4701 Augustini
206 4616 363 4680 honorifice
386 4618 573 4688 associatum,
589 4614 821 4696 praecedentibus

28 4720 183 4800 Religionis
205 4728 233 4779 ei
251 4717 337 4779 Clero
357 4718 460 4789 Urbis,
482 4717 566 4776 dietis
588 4717 669 4795 prius
704 4715 730 4773 ia
755 4715 821 4773 aula

31 4819 154 4892 domus,
176 4817 278 4876 funere
299 4828 461 4895 praesente,
484 4815 602 4895 vigiliis,
623 4814 822 4877 cardinalibus

32 4918 240 4997 praesentibus,
256 4927 284 4977 et
306 4918 369 4976 aliis
390 4917 424 4978 de
446 4935 527 4978 more
549 4917 708 4977 observatis
729 4914 784 4996 (i).

38 5042 191 5054 »ψ
767 5043 820 5052 ¹-—

71 5103 107 5157 tt)
123 5098 224 5148 tucior
240 5098 309 5147 torta
327 5097 443 5160 scripsit.
463 5117 472 5138 ·
493 5096 622 5158 Tanquam
640 5097 769 5152 illicitum,
782 5095 822 5142 ta·

39 5187 93 5227 rere
110 5177 240 5226 recusavi.
260 5198 279 5235 ·¹

74 5259 107 5316 (2¹,
121 5257 253 5305 iohannes
266 5241 458 5313 maimboldus,
470 5253 683 5310 Mediolanensis‚
697 5249 821 5311 juvenili·

44 5330 82 5382 bus
98 5336 181 5394 annis,
199 5334 307 5392 iubente
324 5334 455 5385 Galeaeiio
473 5334 551 5384 Maria
569 5332 664 5380 Siortia
684 5329 819 5379 Mediolani

515 273 799 344 ronrmtctrus
821 278 1044 344 innocuum
1066 282 1218 346 Octavi.

1630 288 1694 350 titii

943 417 986 478 De
1022 437 1117 482 mense
1149 421 1317 500 septembris
1350 426 1479 502 proxime
1514 427 1689 504 praeterito,

902 530 989 597 prout
1011 530 1108 598 postea
1129 521 1164 580 ad
1188 522 1298 587 Urbem
1319 528 1461 605 scriptum
1487 539 1546 598 est,
1566 527 1638 589 obiit
1652 530 1689 588 -in
1710 601 1714 608 Ι

900 618 1025 679 Francia
1046 618 1118 681 Rev.
1137 622 1165 680 in
1185 621 1302 683 Christo
1321 623 1408 684 Pater
1427 636 1456 685 et
1476 625 1626 700 Dominus,
1652 629 1688 689 D.
1781 656 1786 665 ·

900 716 1057 779 Bartholus
1090 707 1271 782 miseratione
1293 722 1387 783 diviua
1410 724 1485 784 tituli
1510 725 1542 786 S.
1573 727 1689 789 Martin'

899 819 928 877 in
961 817 1105 879 Montibus
1126 819 1284 901 Presbyter
1305 821 1466 885 Cardinalis
1489 823 1689 905 Lugdunensis

899 920 1062 998 vulgariter
1089 933 1282 1001 nuncupatus,
1306 923 1390 1006 cujus
1410 929 1504 988 anima
1527 928 1689 1007 requieseat

899 1016 927 1079 in
949 1037 1019 1097 pace
1040 1020 1094 1102 (3).

897 1227 978 1290 Duce,
995 1244 1104 1282 uxorem
1120 1233 1205 1292 duxit,
1221 1233 1287 1284 filios
1305 1237 1466 1297 procreavit,
1477 1239 1687 1300 allegationibus

898 1308 931 1358 ad
947 1308 1087 1360 Caesarem
1107 1316 1134 1361 et
1155 1313 1188 1363 ad
1212 1314 1361 1365 Pontificem
1384 1316 1489 1367 intactus
1514 1322 1562 1367 est.
1584 1319 1685 1381 Mortua

897 1388 1019 1451 coniage,
1035 1389 1248 1443 Protiionoiarius
1266 1394 1685 1459 diciushpostolicus‚episcopus

896 1459 1078 1527 Navariensis,
1089 1475 1115 1518 ei
1128 1472 1241 1531 tandem,
1258 1475 1408 1534 postulante
1425 1475 1495 1525 Duce
1512 1474 1685 1526 Mediolanen-

897 1544 1090 1602 steatomatis
1107 1554 1213 1600 creatus
1235 1556 1285 1611 est,
1302 1556 1414 1615 primum
1438 1554 1505 1603 tituil
1523 1555 1546 1603 s,
1562 1553 1641 1605 Nerei
1659 1559 1686 1603 et

896 1624 1117 1687 Achillei,postea
1126 1627 1151 1676 S.
1161 1628 1295 1680 Praxedis.
1304 1631 1512 1691 Observandum,
1524 1631 1684 1682 Galeaciium

896 1701 999 1762 ducem,
1015 1706 1176 1766 poenitentia
1191 1707 1310 1767 ductum,
1321 1711 1439 1771 Sittium,
1454 1711 1531 1761 novis
1553 1710 1684 1773 epistolis,

897 1779 929 1829 ab
946 1781 1106 1833 arcimboldi
1124 1786 1291 1847 promotione
1309 1792 1444 1840 retrabere
1462 1791 1620 1849 tentavisse,
1638 1790 1685 1839 sed

896 1859 1043 1919 incassum
1058 1869 1220 1925 quapropter
1233 1868 1375 1926 mandavit,
1388 1869 1584 1918 arcimboldum
1597 1869 1630 1918 ad
1641 1868 1686 1918 Pa·

896 1951 955 2000 pam
972 1941 1106 2002 secedere,
1123 1943 1193 2005 quod
1209 1945 1345 1995 Mediolani
1363 1960 1394 1996 eo
1420 1959 1486 2009 opus
1504 1960 1555 1996 oon
1566 1947 1686 1997 haberet.

895 2018 1002 2068 liomam
1019 2020 1172 2081 adveniens,
1186 2022 1301 2074 Pontifici
1317 2029 1418 2088 graius,
1430 2026 1541 2089 laegatus
1552 2025 1686 2076 Perusiam

896 2099 1017 2158 primum,
1026 2104 1127 2161 postea,
1136 2113 1204 2150 anno
1214 2105 1294 2164 titt,
1304 2105 1393 2154 occiso
1403 2090 1455 2162 jana'
1465 2104 1598 2154 Galeactio
1609 2104 1688 2161 duce,

895 2178 937 2228 die
961 2181 1103 2228 creationis
1128 2181 1289 2241 iunocentii,
1307 2183 1522 2246 archiepiscopus
1547 2181 1684 2232 Mediolani

895 2258 996 2307 eiectus
1014 2262 1063 2308 esi.
1078 2257 1116 2307 iix
1130 2271 1231 2318 errore,
1243 2260 1348 2322 quidam
1361 2259 1488 2310 aitirroant
1500 2261 1532 2310 M.
1544 2261 1683 2310 Antonium

896 2336 1063 2399 Maioragium
1081 2338 1236 2400 panegyrim
1253 2340 1276 2388 ei
1294 2340 1434 2388 recitasse=
1452 2351 1511 2387 nam
1531 2337 1618 2386 oratio
1634 2338 1685 2388 Ma·

892 2414 987 2477 joragii
1004 2414 1093 2465 habita
1110 2415 1157 2464 iuit
1174 2417 1200 2465 ia
1217 2417 1321 2466 laudem
1337 2416 1461 2465 lobannis
1474 2415 1563 2480 angeli
1580 2415 1686 2465 breim·

896 2493 975 2553 baidi,
992 2497 1016 2544 in
1033 2508 1083 2557 qua
1106 2494 1138 2544 de
1154 2495 1286 2545 Cardinali
1298 2495 1325 2544 ili
1341 2499 1439 2544 lanium
1453 2495 1560 2552 mentio,
1572 2507 1622 2543 avo
1638 2493 1684 2543 lo·

897 2572 990 2622 bannis
1018 2573 1121 2635 tingeti3
1146 2576 1206 2634 qui,
1233 2574 1321 2635 nepoti
1345 2586 1391 2621 suo
1412 2586 1445 2622 ex
1473 2572 1543 2630 illio,
1563 2571 1686 2621 Poniiflee

895 2652 1093 2712 acquiescente,
1117 2650 1338 2700 Mediolanensem
1367 2650 1624 2713 archiepiscopatum
1641 2661 1687 2698 re·

896 2729 1054 2791 signaverat.
1081 2729 1109 2779 ld
1126 2730 1278 2788 notandum,
1296 2742 1328 2779 ne
1345 2743 1379 2780 ex
1397 2732 1516 2780 oratione
1532 2729 1686 2790 Majoragii,

895 2807 1036 2857 cardinalis
1054 2808 1164 2857 historia
1181 2808 1346 2859 deturbetur.

935 2887 963 2936 ln
979 2887 1092 2936 comitiis
1108 2889 1253 2937 innocentii
1270 2888 1372 2945 Octavi,
1390 2901 1422 2937 ex
1435 2887 1557 2937 omnibus
1575 2883 1686 2940 notitiis,

894 2964 1009 3027 ignotum
1035 2968 1076 3015 est
1096 2965 1178 3014 verba
1203 2966 1269 3014 tacta
1295 2964 1376 3014 tuisse
1402 2965 1434 3013 de
1457 2959 1620 3013 arcimboldi
1645 2971 1687 3008 as·

895 3046 1051 3106 sumptione.
1077 3043 1189 3093 Temere
1210 3045 1288 3105 igitur
1313 3047 1339 3092 et
1361 3044 1459 3092 ieviter
1480 3041 1593 3091 Palatius
1619 3038 1684 3087 baec

895 3121 1037 3171 scribebat:
1051 3142 1060 3163 ι
1072 3122 1168 3171 Romae
1179 3121 1295 3171 decessit
1307 3134 1374 3170 anno
1387 3123 1448 3172 1489
1458 3125 1519 3182 post
1530 3119 1688 3180 assumptio·

893 3213 953 3249 nem
970 3198 1125 3257 innocentii,
1141 3200 1217 3256 cuius
1234 3200 1259 3247 in
1277 3200 1388 3249 comitiis
1405 3212 1437 3247 ne
1463 3202 1519 3261 ipse
1536 3195 1685 3247 Arcimboi-

895 3279 943 3328 dus
961 3281 1163 3341 promoveretur
1180 3278 1207 3326 in
1224 3276 1328 3339 Papam,
1341 3277 1366 3325 in
1379 3290 1457 3326 causa
1470 3277 1544 3325 luere
1560 3274 1684 3337 loquendi
1709 3266 1714 3279 '

894 3358 1078 3415 tortuositatis,
1091 3356 1205 3413 vanitas,
1217 3356 1289 3414 vitia,
1302 3355 1397 3418 quibus
1414 3357 1527 3404 virtutes
1539 3353 1688 3402 obrueban-

894 3441 937 3487 tur
952 3436 1098 3487 cardinaiis
1114 3434 1286 3493 arcamboldi,
1296 3439 1366 3485 iesie
1377 3434 1555 3493 (isemberto,
1567 3446 1592 3495 p.
1608 3435 1659 3483 toa.
1674 3451 1683 3475 ι

934 3516 1079 3578 intemplo
1100 3514 1153 3564 divi
1171 3513 1308 3576 augustini
1333 3515 1454 3574 sepultus
1476 3512 1526 3563 iuii
1551 3513 1608 3561 sine
1629 3522 1682 3559 me·

894 3596 1051 3647 mortai‘ost
1063 3599 1193 3657 tempora,
1209 3594 1339 3646 iohannes
1354 3594 1452 3656 Nepos,
1468 3591 1684 3653 archiepiscopus
1744 3594 1748 3604 '

893 3676 1042 3734 Mediolani,
1064 3673 1261 3736 inscriptionem
1280 3672 1375 3735 adjecit
1392 3676 1560 3736 sequentem:

1023 3836 1137 3882 tontum
1153 3836 1336 3883 maturatos
1353 3830 1449 3880 Passa.
1465 3829 1550 3878 cano.

1108 3918 1167 3961 avo
1183 3915 1311 3960 Parnaso
1328 3914 1467 3979 braiaum

1031 3996 1069 4041 Er
1085 3995 1206 4041 Gutnovr
1223 3996 1344 4040 saroam
1362 3994 1542 4038 aaaruaocno

932 4075 1041 4121 Pnrnuo
1058 4073 1155 4118 Masso
1173 4073 1307 4117 taeniae.
1326 4069 1520 4115 Menronmaa.
1535 4060 1645 4111 tsr‘smr

1038 4148 1175 4197 tonsarum
1192 4150 1319 4195 hacanos
1336 4144 1538 4193 hartmannus

978 4224 980 4237 ⁴
1075 4231 1115 4276 Aa
1130 4230 1306 4275 nrtscorsrn
1320 4226 1495 4273 uovtarnusi

1045 4305 1094 4355 cui
1120 4305 1197 4355 xxv.
1226 4310 1314 4355 sanos
1341 4307 1528 4352 Passsusasr

983 4388 1022 4433 tm
1042 4385 1205 4434 incarnata.
1229 4387 1386 4433 Mentorea.
1404 4386 1591 4432 Tasuscsrus

1248 4464 1276 4511 it.
1299 4465 1326 4511 r.

1026 4540 1096 4588 inan
1112 4546 1202 4589 sanos
1220 4542 1298 4588 Lxx.
1314 4541 1442 4591 Moarsrr.
1459 4545 1550 4592 oatvr

1053 4638 1055 4642 ’
1106 4619 1171 4670 Xttt.
1184 4618 1254 4668 iovs.
1266 4625 1382 4671 arescas
1398 4622 1495 4670 Mbnv.

920 4777 956 4835 (3)
973 4775 1095 4825 Fortasse
1110 4788 1142 4823 cx
1156 4778 1355 4825 amanuensium
1373 4787 1474 4834 errore,
1486 4776 1625 4825 Dsrtboius
1637 4787 1684 4836 ap·

892 4855 1003 4916 pellatur
1022 4855 1064 4903 iiic
1081 4853 1228 4903 Cardinaiis
1246 4854 1355 4904 Carolus
1366 4851 1399 4903 de
1416 4853 1607 4903 borboniorum
1619 4854 1684 4901 sitr-

892 4948 934 4996 pe·
956 4933 1141 4995 archipraesul
1167 4932 1368 4995 Lugdunensis,
1389 4934 1561 4980 consecratus
1583 4930 1632 4978 luit
1658 4929 1683 4978 in

893 5013 1046 5074 episcopum
1069 5024 1136 5060 anuo
1154 5012 1223 5060 tito.
1249 5010 1454 5060 administrator
1471 5011 1615 5071 perpetuus
1632 5007 1684 5056 Ec·

891 5092 990 5142 clasiae
1007 5090 1228 5153 burdegalensis,
1245 5091 1362 5151 suscepit
1380 5102 1395 5138 e
1412 5101 1489 5138 sacro
1506 5088 1576 5136 tonte
1599 5085 1681 5136 Caro·

892 5170 945 5220 lum
963 5171 1022 5220 viil.
1041 5172 1133 5232 liegem
1151 5169 1260 5220 Galliae.
1284 5168 1426 5232 Presbyter
1443 5166 1589 5217 Cardiaalis
1612 5166 1679 5214 tituli

891 5248 915 5296 S.
930 5251 1032 5300 Martini
1049 5251 1075 5298 in
1091 5242 1223 5300 Montibus
1239 5247 1327 5296 dietus
1351 5245 1401 5294 inii
1418 5259 1432 5293 a
1448 5246 1520 5293 Sixto
1549 5242 1586 5292 lV.
1610 5254 1678 5292 anno

892 5328 960 5376 tito.
973 5327 997 5375 in
1010 5328 1087 5376 tertia
1104 5326 1278 5376 Cardinaiium
1296 5325 1439 5374 creatione.
1458 5322 1565 5373 Praetor
1577 5322 1680 5371 archie-

1409 5419 1435 5466 ii
