3758 6030
71 273 87 354 .)
458 272 745 348 ronrtrtca‘rus
760 269 993 363 gnanxtttnnt
1014 258 1144 334 sanat.
1199 365 1202 369 Ι
1570 263 1631 324 Pii

73 413 228 478 adcreuit
246 415 376 478 Pontifex
408 435 460 496 per
482 434 585 485 narem
607 415 772 484 salvatoris

71 535 84 576 ι
100 512 166 592 ejus
178 515 381 577 coturnissioue
392 515 505 578 lerram
528 518 646 578 lanceae
660 516 781 577 dasbus'

70 635 94 676 rs
114 625 145 677 et
165 626 233 696 post
258 616 357 676 cultus
390 602 507 678 tlomini
528 616 589 678 sire
611 616 772 677 sudarium

71 739 75 774 ι
97 715 230 789 vicibus,
251 717 292 778 ita
314 727 410 779 temen
430 718 509 796 quod
532 735 601 778 cum
622 736 658 779 eo
689 719 772 779 tertia

71 815 259 889 benediceret,
277 834 328 897 per
340 816 387 876 t).
414 815 592 897 Episcopum
613 818 778 878 ttetneores

71 935 104 978 m
125 916 220 978 dietae
241 917 385 979 Rasilicae
406 917 556 979 vicariam
572 918 690 997 publice
705 928 773 977 sunt

71 1039 100 1081 a.
121 1018 322 1081 iuterfuerunt
344 1019 445 1080 Rissae
466 1031 496 1081 et
517 1020 621 1080 ceteris
653 1018 774 1099 praedi·

71 1137 138 1183 trra.
169 1118 357 1192 Cardinales,
380 1119 529 1195 videlicet,
545 1103 773 1200 Neapolitanus,

72 1223 80 1281 i
101 1221 182 1282 Petri
202 1219 242 1284 ad
263 1220 400 1292 Vincula,
421 1220 521 1282 Sancti
537 1221 656 1301 -Angcii,
675 1219 773 1282 Reco-

71 1323 103 1384 ris
123 1321 273 1401 episcopie
294 1320 394 1383 Sancti
416 1320 582 1398 Clementis,
604 1321 772 1398 leonensis,

71 1425 171 1498 ensis,
190 1423 425 1496 Beneventanus,
446 1422 572 1484 Sanctae
589 1423 774 1503 Anastasiae,

73 1547 86 1586 s
98 1525 215 1605 Regalis
227 1524 406 1605 Presbyteri3
419 1523 562 1596 Senensis,
576 1523 774 1593 Camerarius,

71 1626 127 1698 lus,
142 1624 296 1698 Columna,
311 1624 449 1694 Ursinus,
463 1624 614 1698 necamus,
627 1634 655 1685 et
672 1623 774 1684 Sancti
824 1663 826 1665 -

71 1728 115 1787 ini
134 1726 267 1800 Diaconi,
279 1738 308 1787 et
320 1726 384 1787 [ion
394 1726 564 1787 Friderieas
576 1725 611 1787 de
623 1729 774 1804 tragona,

80 1829 165 1889 etiam
180 1829 287 1888 iutuitu
299 1816 449 1907 reliquiae
463 1828 627 1908 praedictae
641 1832 773 1888 ostensae

78 1929 160 2006 ,qen
181 1930 279 1989 locum
297 1947 382 1988 strum
404 1929 558 2009 pristinam
581 1929 702 2001 babuit,
728 1929 774 1987 si-

71 2040 87 2089 t
106 2031 179 2090 inter
198 2030 354 2090 Ascanium
373 2040 402 2090 ct
425 2029 524 2091 Sancti
546 2031 679 2091 Severini
701 2031 774 2090 Dia·

71 2154 74 2189 ι
100 2130 279 2192 cardinales.
311 2126 439 2190 Osteusis
465 2131 593 2209 reliquiis
621 2131 774 2210 praedictis

71 2232 93 2290 ).
117 2229 151 2292 ll.
173 2230 333 2291 associatus
353 2230 390 2289 ab
411 2231 547 2292 omnibus
572 2231 773 2292 Cardinalibus

71 2314 162 2401 ιιιιι,
182 2339 213 2389 e
234 2327 297 2388 non
320 2329 480 2400 noscano,
501 2328 538 2393 aa
560 2329 706 2389 catarrum
724 2349 776 2391 te·

71 2452 88 2491 ‚s
98 2440 141 2491 est
152 2447 206 2508 per
218 2446 306 2489 noras
318 2432 500 2507 cameras‚iu
516 2450 643 2510 quarum
658 2442 773 2509 quarte,

71 2552 88 2603 ι,
107 2530 168 2591 sire
188 2541 357 2592 ornamenta
371 2550 460 2592 >sacro
483 2531 599 2592 dimisit.
617 2530 721 2592 Oratio
739 2532 775 2592 ad

71 2641 117 2702 te,
139 2641 168 2692 et
194 2633 512 2710 postcommunionem
536 2652 590 2713 pro
611 2633 691 2719 Rege
720 2633 776 2693 tti-

71 2751 153 2794 arum
171 2733 200 2791 in
223 2731 309 2791 Missa
330 2734 500 2811 serpradict'a
520 2736 593 2796 lecta
612 2746 681 2794 sont
699 2746 753 2796 ete.

71 2833 139 2896 »dem
161 2832 207 2893 die
229 2832 285 2892 SS.
314 2833 349 2895 D.
384 2831 418 2892 N.
450 2853 596 2894 ennuram
629 2834 776 2914 Papagalli

71 2956 80 2995 s
98 2936 242 2995 commisit
260 2934 343 3006 milri,
358 2947 392 2996 ut
410 2935 566 3016 Magnifica
577 2936 641 2998 Dan
659 2936 777 3000 loiredo

70 3037 107 3109 ia,
128 3033 295 3096 sanctitatis
310 3034 387 3096 Suae
402 3038 572 3102 secundnm,
585 3057 703 3101 earnem
725 3056 778 3100 ne-

71 3155 103 3197 ιιι
123 3154 225 3197 sorore
247 3153 299 3195 sua
322 3137 430 3197 carnali
452 3149 540 3209 nato,
562 3140 658 3199 locum
678 3139 777 3201 darem

71 3237 110 3297 lio
131 3255 185 3299 sao
207 3248 272 3316 post
303 3237 383 3298 illus.
418 3238 453 3298 ll.
481 3238 623 3299 Comitem
652 3239 777 3300 Pititiani

71 3335 134 3397 aiae
154 3336 344 3416 capitaneum
361 3339 524 3416 generatam
545 3351 572 3400 et
592 3339 701 3400 llaccm
722 3340 778 3401 So-

83 3437 242 3509 similitet·‚
264 3447 292 3498 et
317 3437 345 3497 in
368 3438 463 3499 eundo
487 3438 524 3497 ad
545 3440 716 3510 ecclesiam,
745 3459 778 3500 oc

100 3538 269 3610 redeundo,
293 3551 322 3600 et
343 3540 405 3600 aliis
427 3540 550 3620 publicis
569 3541 757 3602 conventibus
768 3563 779 3616 3

84 3647 115 3701 et
132 3639 198 3701 leci.
213 3640 309 3700 Finita
328 3641 425 3711 blissa,
444 3640 499 3701 SS.
516 3642 551 3703 Ι).
568 3640 601 3701 Ν.
620 3643 647 3702 in
664 3661 779 3702 camera

71 3751 172 3822 recreta
195 3739 229 3801 de
251 3740 448 3803 cardinalium
470 3743 612 3815 consilio,
636 3754 669 3802 ut
691 3744 794 3803 moris·

71 3839 200 3901 naesecit
218 3838 255 3900 R.
279 3840 312 3901 P.
335 3842 369 3902 D.
389 3841 550 3903 iohannem
568 3841 666 3922 Lopez
688 3842 779 3902 Data·

100 3959 188 4000 suum
220 3939 365 4003 Ecclesiae
386 3942 543 4005 Perusinae
564 3942 640 4025 (per
669 3944 785 4005 obitum*

71 4063 84 4105 c
116 4043 273 4104 memoriae
306 4044 475 4134 Hieronymi
506 4045 624 4106 Raibani
655 4047 780 4126 episcopi

839 415 981 477 Friderici
1010 410 1198 476 Conoratoris
1210 453 1219 483 ,
1242 410 1292 489 qui
1313 410 1384 471 obiit
1416 411 1495 471 circo
1526 409 1630 474 horam

840 516 972 595 quintam
1003 516 1095 583 noctis
1116 511 1301 592 praeteritae.
1328 512 1442 593 Rogavi
1476 527 1630 595 propterea

840 615 912 677 Rev.
935 615 1151 676 Dominationes
1177 630 1282 697 eorum
1304 612 1495 692 dignarentur
1525 633 1630 677 eoram

841 718 984 795 praelatos
1010 715 1205 786 domesticos,
1226 724 1255 775 et
1272 713 1397 781 familias
1421 713 1460 774 ad
1481 714 1632 777 honoran-
1679 786 1682 790 Α

841 817 910 877 deam
929 817 1017 878 tranas
1039 814 1209 892 hujusmodi
1228 815 1352 877 mittere.
1374 814 1453 877 idem
1474 817 1564 877 etiam
1585 818 1632 878 in-

841 919 977 980 timatum
996 916 1173 979 Oratoribus
1186 915 1356 995 Principum
1377 926 1407 976 et
1427 915 1633 978 Poteotatuum

841 1020 870 1080 iu
890 1018 972 1081 Urbe
986 1017 1183 1094 existentibus,
1204 1014 1254 1095 qni
1274 1016 1373 1079 eadem
1392 1015 1464 1078 bora
1478 1028 1632 1090 reneruot,

840 1131 870 1182 et
888 1120 977 1180 lunas
997 1119 1179 1180 associarunt
1205 1128 1356 1196 equestres
1383 1130 1504 1199 propter
1536 1121 1632 1180 lutum

832 1238 933 1299 'armoe
952 1220 992 1280 ad
1011 1218 1119 1280 dictam
1139 1219 1318 1291 ecclesiam,
1340 1219 1390 1279 abi
1419 1220 1632 1307 descenderunt

840 1339 875 1380 ex
895 1320 987 1398 equis3
1010 1318 1228 1399 praecesserunt
1251 1318 1339 1378 lanus
1358 1319 1566 1399 quadraginta.
1584 1321 1632 1381 in·

840 1420 984 1492 torticia,
1011 1429 1041 1479 et
1070 1419 1162 1481 secuti
1189 1429 1257 1479 sunl
1278 1420 1372 1500 ipsum
1399 1420 1558 1481 familiares
1581 1421 1634 1481 -sui

841 1519 1016 1606 lugubribus
1040 1519 1291 1594 restibusindnti.

882 1623 968 1684 Ferla
1002 1623 1109 1692 tertia,
1132 1639 1202 1684 erar.
1220 1617 1364 1697 junuarii,
1384 1621 1456 1682 horo
1481 1622 1633 1701 vigesima,

841 1722 897 1784 tuit
916 1723 1103 1802 congregatio
1124 1723 1185 1783 sive
1205 1723 1377 1787 convocatio
1399 1722 1536 1782 omniurn·
1550 1721 1627 1785 car.

821 1870 822 1874 ,
842 1822 978 1884 diocliam
995 1822 1030 1882 ab
1051 1841 1085 1883 ea
1107 1822 1251 1900 usquead
1274 1823 1389 1883 tertiam
1410 1821 1513 1883 haram
1530 1824 1634 1896 noctis,

843 1911 950 2003 inqua
972 1926 1000 1984 ln
1022 1923 1171 1985 Pontificis
1192 1915 1351 2004 praesentia
1372 1924 1428 1986 luit
1443 1922 1632 2004 disceptatum

841 2045 929 2110 super
949 2027 1156 2106 dispensatione
1177 2044 1267 2105 qnam
1288 2026 1494 2087 Serenisslmus
1516 2025 1633 2088 Wtadt-

843 2129 921 2188 slaas
942 2125 1090 2206 Ungariae
1111 2136 1140 2189 et
1161 2126 1315 2187 Rohemiae
1336 2125 1399 2186 Rex
1419 2124 1490 2207 (qui
1504 2126 1576 2187 alies
1596 2126 1633 2186 ad

843 2221 977 2308 Regnum
998 2226 1174 2299 Bobemiae,
1194 2225 1272 2304 qarod
1294 2236 1365 2286 tanc
1386 2224 1514 2286 nondum
1537 2225 1635 2289 luerat

843 2341 1003 2402 assecutus,
1016 2331 1157 2408 aspirans,
1179 2339 1214 2388 ut
1235 2327 1308 2390 illud
1327 2327 1441 2389 facilius
1459 2346 1632 2407 assequere·

844 2441 911 2503 tar,
933 2448 1002 2491 carn
1024 2431 1104 2490 illus.
1123 2430 1159 2490 l).
1180 2428 1311 2490 Barbara
1332 2426 1391 2489 lilia
1411 2428 1557 2506 quondam
1580 2430 1634 2488 ΔΙ-

844 2533 919 2594 berti
939 2530 1113 2593 biarchionis
1133 2529 1403 2609 brandeburgensis
1418 2528 1520 2590 relicta
1535 2544 1635 2606 quon·

845 2634 910 2694 darn
932 2632 1022 2693 Ducis
1044 2632 1206 2694 Sebelesiae
1226 2628 1294 2714 (i).
1315 2678 1321 2692 .
1341 2677 1348 2690 .
1371 2676 1378 2690 .
1398 2648 1448 2712 per
1472 2627 1633 2708 legitimum

845 2745 1068 2814 procuratorem
1079 2735 1223 2794 contraxit
1234 2731 1466 2803 matrimonium,
1478 2750 1528 2810 per
1545 2731 1633 2792 rerba

847 2839 972 2915 legitime
985 2837 1019 2898 de
1035 2837 1177 2915 praesenti
1198 2836 1225 2894 in
1243 2836 1316 2897 tacte
1329 2832 1474 2897 Ecclesiae
1495 2830 1635 2896 solemni·

848 2949 944 2997 zatum
977 2933 1045 3016 (R),
1063 2955 1098 3000 oe
1121 2937 1220 2999 deinde
1240 2936 1318 2996 dicto
1343 2936 1450 3020 Regno.
1477 2935 1632 2998 Robemiae

845 3049 999 3109 assecuto,
1022 3047 1141 3098 vacante
1160 3053 1251 3115 regno
1271 3034 1417 3117 Ungariae
1448 3056 1510 3116 pers
1522 3035 1635 3098 obitam

846 3139 909 3218 piae
930 3135 1085 3197 memoriae
1105 3135 1230 3197 marniae
1249 3134 1337 3213 Regis
1357 3135 1526 3215 Ungariae,
1548 3146 1581 3196 ut
1602 3146 1631 3211 et

847 3240 883 3298 ad
906 3238 978 3299 illud
997 3256 1049 3317 per
1069 3236 1219 3316 Principes
1238 3235 1332 3316 Regni
1353 3237 1535 3316 eligeretur,
1567 3253 1634 3296 ma·

848 3341 1014 3400 trimonium
1031 3357 1098 3397 cum
1117 3336 1198 3397 llius.
1215 3337 1337 3398 Domina
1358 3337 1546 3398 Serenissimi
1558 3335 1635 3398 Fer·
1723 3413 1726 3419 Ι

847 3443 964 3505 dinondi
997 3442 1176 3523 Neapolitani
1209 3460 1242 3502 uc
1276 3441 1392 3504 Siciliae
1425 3439 1534 3518 Regis,
1571 3437 1631 3499 iilia

849 3549 949 3608 relicta
978 3547 1046 3607 dicti
1078 3544 1204 3606 blathine
1226 3544 1314 3622 Regis
1343 3544 1513 3624 Ungariae,
1534 3560 1587 3621 per
1606 3560 1637 3601 se

848 3648 958 3728 ipsum,
980 3666 1031 3727 per
1054 3646 1142 3708 rerba
1171 3646 1205 3708 de
1232 3647 1374 3724 praesenti
1402 3642 1548 3705 contraxit
1564 3635 1636 3713 ,ac

849 3748 923 3810 iilud
944 3748 1057 3810 carnali
1092 3748 1196 3826 copula
1227 3747 1403 3824 subsequuta
1431 3741 1639 3821 consumavltl

848 3871 945 3914 secam
964 3849 1028 3910 lieri
1051 3848 1235 3929 postulabat,
1260 3858 1293 3908 at
1318 3845 1482 3926 praemissis
1505 3859 1560 3903 raon
1582 3839 1639 3900 ob·

848 3954 988 4014 stantibus
1007 3969 1075 4013 cum
1093 3949 1155 4028 jam
1174 3959 1248 4009 esset
1269 3937 1355 4009 etiam
1372 3946 1485 4007 dictum
1500 3942 1635 4021 Regnum

849 4054 998 4132 Ungariae
1010 4050 1128 4135 pacitice
1140 4059 1298 4120 assecutas,
1315 4058 1409 4127 posset
1421 4043 1639 4106 matrimonium

71 4144 134 4217 sini,
152 4143 246 4203 seticis
280 4144 509 4207 reminiscentiae
541 4148 704 4210 innocenti,
722 4146 781 4206 Pa·
814 4140 818 4260 p
850 4173 921 4215 cum
922 4196 1031 4211 .....
1047 4149 1093 4232 (3)

71 4245 132 4306 vna
160 4245 247 4324 primi
275 4244 455 4319 Secretarii,
475 4246 524 4324 qui
547 4247 601 4307 hac
628 4247 655 4305 in
679 4245 782 4320 Urbe,

71 4347 122 4407 rita
140 4345 258 4406 functus
279 4347 335 4428 est)
346 4346 475 4407 Pastoris
494 4347 598 4407 solatio
620 4347 781 4408 destitutae.

71 4440 141 4507 adem
183 4446 228 4508 die
259 4446 401 4527 (sabbato
443 4447 472 4508 ὅ.
511 4444 671 4531 januarii)
707 4448 782 4506 inira

71 4547 145 4609 lium
161 4548 323 4607 intimatum
339 4548 395 4608 tuit
411 4548 544 4608 omnibus
564 4548 636 4609 Rev.
653 4547 783 4610 liominis

71 4649 195 4711 inalibus
217 4668 268 4729 per
290 4648 434 4712 Corsores
456 4651 492 4709 ad
511 4649 683 4719 instantiam
701 4642 783 4709 llius.

71 4752 108 4812 ini
128 4751 272 4812 Frideriei
292 4750 326 4810 de
341 4753 475 4830 Aragona
490 4750 580 4810 Ducis
598 4750 783 4820 Andriensis,

71 4854 133 4934 cipis
165 4852 336 4912 ditamurae
357 4863 384 4913 et
407 4852 501 4932 Regni
524 4851 704 4923 bdnrirandi,
727 4851 784 4912 Se·

71 4954 135 5014 simi
154 4952 328 5014 Ferdinandi
343 4951 467 5015 ¹Siciliae
488 4962 544 5013 etc.
566 4952 656 5032 Regis
677 4971 785 5013 seeun-

71 5054 130 5126 niti,
152 5052 230 5130 quod
261 5050 344 5114 bodie
363 5051 435 5112 bora
457 5068 542 5141 xxm
561 5053 725 5131 portabitur
747 5054 784 5112 ad

71 5155 143 5216 siam
174 5154 278 5214 Beatae
299 5151 408 5212 Mariae
437 5170 525 5231 supra
548 5152 708 5214 Minervam
737 5173 785 5214 se·

70 5274 129 5316 rrae
150 5253 410 5315 commendandum
431 5253 518 5314 irritus
538 5253 573 5314 R.
597 5253 630 5313 P.
653 5254 687 5313 D.
712 5254 785 5314 Rie-

71 5359 111 5419 mi
150 5356 277 5437 episcopi.
314 5356 556 5431 Pollcastrensis,
594 5356 682 5436 ipsius
699 5392 702 5403 ·
721 5357 784 5417 Uon

892 4253 977 4314 Feria
1000 4252 1155 4330 quinta‚x.
1172 4245 1313 4318 ianuarii,
1328 4245 1408 4307 llius.
1421 4246 1558 4323 Princeps
1575 4243 1638 4305 Uen

850 4353 1018 4415 Fridericus
1033 4350 1069 4415 tie
1084 4354 1218 4426 Aragona
1231 4346 1370 4426 Princeps
1382 4346 1563 4417 nitamurae,
1574 4344 1641 4408 Dux

851 4452 1028 4520 Andriensis‚
1045 4449 1139 4529 Regni
1150 4445 1355 4517 Admirandas,
1368 4444 1551 4509 serenissimi
1563 4445 1640 4506 Fer·

851 4553 966 4614 dinandi
995 4550 1172 4632 Neapolitani
1195 4560 1223 4611 et
1245 4548 1361 4610 Siciliae
1387 4547 1475 4625 Regis
1495 4544 1640 4605 secondo·

851 4655 975 4734 genitus,
1000 4672 1038 4714 en
1060 4652 1168 4732 palatio
1189 4649 1262 4711 Rev.
1291 4648 1325 4708 U.
1348 4646 1511 4709 Cardinotis
1541 4644 1641 4704 Sancti

853 4753 931 4817 Petri
953 4752 990 4813 ad
1011 4753 1135 4814 Vincula
1160 4748 1238 4830 opud
1272 4748 1395 4809 Sarrctos
1422 4746 1587 4830 Apostolos,
1607 4746 1637 4803 in

853 4876 911 4936 quo
930 4854 1094 4935 hospitatus
1115 4852 1211 4912 luerat
1232 4848 1363 4926 equitans
1383 4857 1448 4907 ante
1470 4845 1590 4904 doraum
1606 4843 1641 4902 de

894 5144 931 5196 ιι)
947 5137 974 5187 ta
992 5134 1109 5186 Recordo
1125 5130 1278 5182 Sobtssr'octr.
1406 5177 1417 5206 a

894 5220 930 5279 (²)
947 5217 1012 5267 ttate
1030 5215 1056 5264 ta
1074 5211 1191 5263 Eecardo
1214 5207 1417 5267 solemnitatem,
1437 5207 1538 5270 aliaque
1562 5206 1645 5257 verbo

852 5296 1005 5359 deturpata.

895 5379 931 5434 tt)
947 5373 1003 5424 vid.
1022 5386 1103 5435 supra
1120 5383 1177 5433 pag·
1196 5370 1252 5423 tto.
