3764 6036
39 250 150 334 (eron

40 390 149 470 mribus
171 386 260 453 initis
272 430 283 461 ,
296 395 496 465 acceptmc
516 385 697 464 ererppsttc
718 383 836 452 uadtdr

40 491 105 551 iilos
126 488 281 568 praedicta
302 473 678 568 dangrnromppenun
705 485 754 546 ab.
768 500 836 548 ente

39 585 95 652 son
114 572 269 661 morando,
288 606 362 666 qnos
381 586 580 667 lantgravius
593 586 749 666 accipiens,
761 602 833 655 ,ma-

37 708 107 752 num
121 723 130 762 ς
142 689 372 768 -deindepsdem
395 689 488 768 Papae
509 689 658 752 aeratus
679 698 743 757 eat,
763 686 834 755 bre·,

40 792 124 853 ribus
142 791 239 853 verbis
259 789 412 851 Sotntitnti
434 791 512 851 suaa
533 788 749 869 gratiosagcns.
772 786 834 850 ba·

37 892 149 954 seatdit
168 892 240 952 colio
254 887 454 969 lrantgrasius
467 903 497 952 et
515 888 690 961 retradidit
707 887 832 948 Domino

37 991 223 1054 Tlteodarico
243 992 331 1054 militi
346 1011 401 1053 suo
421 991 559 1055 servitori
581 1004 680 1055 eorurn
701 1006 733 1049 se
751 988 833 1051 dele-s

37 1091 149 1164 renda3
183 1091 262 1171 Papa
284 1091 382 1154 deinde
396 1131 406 1164 ,·
426 1090 661 1171 praecedentibus
685 1088 832 1150 Cardine·

37 1194 115 1254 libus
139 1194 167 1254 in
189 1200 292 1255 ebruna
312 1194 420 1272 cappis,
444 1193 521 1255 renit
534 1212 585 1272 per
606 1205 710 1252 narem
724 1191 832 1252 Vultus

40 1295 165 1368 Sancti,
187 1295 237 1372 qai
256 1314 292 1356 ea
311 1294 446 1356 anrrdato
468 1295 564 1373 Pupoe
591 1312 642 1372 por
657 1291 832 1372 episcopum

36 1395 161 1456 &miae
189 1395 321 1472 Agatbae
343 1395 485 1463 abaciam
506 1394 646 1455 Basilicas
663 1391 831 1472 praedictae

35 1495 152 1576 pabllce
170 1507 300 1557 ostettsus
320 1508 374 1579 est,
390 1495 543 1557 ascendens
561 1493 663 1556 deinde
683 1492 720 1552 ad
740 1492 830 1551 Pala·

35 1597 120 1664 tium,
143 1594 347 1658 cardinalibus
366 1596 421 1656 sub
442 1597 559 1676 porticu
580 1595 718 1656 Basilicas
737 1594 828 1653 licen-

35 1698 128 1769 tiatis,
148 1694 331 1775 benignario
351 1698 490 1758 continuo
511 1698 605 1777 ipsum
627 1696 657 1756 in
676 1708 739 1756 'suo
763 1695 827 1754 loco

32 1795 242 1876 praecedente,
269 1810 297 1859 et
331 1800 420 1859 milite
441 1818 495 1860 suo
516 1810 581 1858 ante
604 1800 696 1878 ipsum
730 1812 826 1856 ensem

32 1895 179 1960 deser-ente
200 1900 349 1977 usquead
371 1919 519 1985 camerato
537 1899 705 1980 Papngalli3
728 1895 826 1981 eainde

35 1997 110 2060 idem
144 1998 343 2078 {lantgravius
373 1988 531 2062 aswciatns
563 2001 619 2062 suit
640 2020 658 2059 a
680 1998 826 2081 Praelatis

33 2096 159 2172 Palatii,
184 2101 370 2161 cubiculariis
391 2112 420 2162 et
441 2102 585 2163 scutiferis
607 2102 721 2181 Papae,
743 2099 825 2159 iliar-

33 2199 138 2263 cbione
162 2200 283 2261 Budensi
305 2200 432 2263 Oratore
453 2201 599 2283 imperiali
618 2247 626 2275 ,
645 2222 679 2262 no
701 2201 826 2263 Archia·

33 2303 152 2381 piscopo
169 2303 330 2381 drgentim
340 2315 370 2365 et
384 2304 474 2366 Ducis
490 2303 632 2365 &conice
649 2302 826 2364 Oratoribus

34 2419 127 2481 osqrm
148 2402 184 2462 ad
207 2402 362 2483 hospitium
383 2405 483 2465 Sancti
502 2404 605 2484 Angeli
626 2406 716 2484 prope
735 2405 825 2466 Cam·

32 2520 103 2581 pum
123 2504 228 2565 Florae
251 2505 326 2579 inter
347 2504 580 2565 Gubernatorem
600 2505 690 2567 Urbis
711 2516 740 2565 et
772 2522 826 2564 ar·

33 2603 249 2686 cbiepiscopum
266 2607 460 2667 braimensem
482 2606 623 2689 equitans
641 2605 690 2665 ubi
704 2605 825 2685 singuiis

32 2706 145 2782 pretias
157 2710 217 2786 egit
227 2725 309 2769 more
324 2709 413 2768 ¹solito
434 2709 563 2769 aliorum
585 2704 758 2770 Oratorum.
780 2708 843 2768 Ex·

33 2806 153 2868 iamiliis
173 2807 372 2870 cardinalium
393 2810 490 2869 nullus
512 2808 651 2881 interluit,
666 2809 732 2871 licet
747 2810 826 2869 San·
856 2773 860 2847 Ι

32 2909 179 2969 ctissitnus
209 2907 352 2968 Dominus
382 2904 508 2983 noster,
530 2908 733 2982 cardinalibus
773 2932 824 2990 per

34 3027 80 3070 me
102 3009 159 3070 dici
181 3010 308 3082 lecisset,
332 3010 410 3088 quod
434 3011 538 3072 velient
568 3020 679 3090 portent
701 3013 824 3073 [omiliae

32 3129 126 3183 suae,
144 3110 183 3171 ad
205 3110 408 3172 honorandum
443 3111 555 3174 dictum
588 3111 824 3192 Lantgrnrium,

33 3213 167 3284 mittere,
181 3225 209 3272 et
231 3212 260 3270 id
281 3231 312 3273 se
332 3213 462 3273 lecturos
485 3215 607 3293 polliciti
629 3218 744 3276 luerint.

72 3314 163 3374 Feria'
178 3313 303 3374 secundo
325 3314 429 3374 mensis
441 3313 572 3394 januarii
591 3317 671 3377 llius.
684 3316 824 3378 Dominus

33 3415 208 3476 Guilielmus
248 3394 462 3495 brintgravin(
488 3418 603 3480 Hessius
638 3417 755 3480 recessit
791 3440 826 3480 ex

32 3516 124 3589 Urbe,
145 3517 182 3576 od
212 3518 336 3596 patriam
366 3537 450 3578 snam
473 3518 622 3581 rediturus
650 3523 678 3580 in
709 3521 824 3584 nomine

30 3616 159 3690 Domini.

70 3719 157 3797 Faria
172 3719 298 3780 secundo
310 3719 413 3781 meinsis
425 3721 565 3780 februarii
580 3722 608 3781 in
620 3706 732 3783 secretd
744 3723 825 3785 Con·

31 3820 148 3884 sistorio
177 3822 323 3901 publicata
353 3834 384 3882 et
415 3823 551 3883 cortclusa
582 3821 640 3882 iuit
669 3844 724 3904 pox
750 3827 824 3889 inter

31 3922 254 3983 sanctissimum
291 3924 449 3983 Dominum
484 3922 622 3994 Nostrum
657 3924 765 4005 Puporn
796 3937 825 3987 et

29 4023 110 4088 ilius.
132 4024 347 4085 Ferdinnndum
366 4023 472 4104 Regem
496 4023 714 4110 Neapolitanum
737 4026 791 4111 (i).
818 4092 820 4096 p

70 4127 157 4188 Ferin
180 4127 331 4211 quintoli)
346 4126 451 4188 mensis
467 4125 620 4199 februarii,
640 4128 710 4189 testo
731 4127 824 4190 Puri·

30 4227 175 4289 flectionis
200 4230 304 4292 Deulae
325 4230 433 4290 Mariae
455 4229 592 4307 Virginis,
613 4230 738 4292 Sanctis.
761 4233 824 4293 Do-

30 4329 125 4389 minus
156 4329 265 4391 'Nuster
300 4344 419 4412 paratus
448 4348 532 4389 more
566 4333 649 4391 solito
681 4333 758 4391 venit
786 4334 823 4392 nd

29 4432 192 4511 cappellani
228 4431 388 4512 mojorem,
417 4431 465 4492 ubi
493 4431 633 4493 benedixit
668 4432 821 4507 residebo,

28 4552 46 4592 a
78 4535 187 4614 populo
224 4534 290 4593 binc
329 4535 393 4597 inde
427 4545 543 4609 tentns;
576 4547 639 4596 turn
673 4535 821 4596 distribuit

29 4650 113 4695 more
136 4635 230 4696 solito.
249 4634 388 4696 Candelss
410 4656 528 4717 magnas
554 4636 722 4698 Sanctitotis
744 4635 822 4697 Suae

30 4733 188 4798 tenuerunt
220 4737 380 4806 vDominus
424 4740 598 4802 Franciscns
635 4732 708 4800 Cibo
743 4737 822 4798 filius

30 4857 100 4898 suus
121 4839 262 4900 aderitis
275 4853 334 4913 ,et
353 4841 516 4920 Aipbonsns
538 4842 573 4906 de
594 4841 717 4903 Corneio
739 4841 822 4903 Mat·-

30 4940 99 5000 ebio
120 4941 258 5013 Fianrii,
280 4944 330 5020 qui
353 4942 440 5003 fllium
463 4945 557 5023 Papae
576 4943 649 5004 lilino
680 4944 822 5005 Dominae

30 5040 232 5104 Pbeodorinoe
250 5043 334 5104 babet
350 5030 520 5113 ,inustorem
542 5063 559 5103 a
581 5043 714 5104 sinistris.
734 5044 820 5105 Post·

33 5195 186 5206 ω--ψς-ο-
193 5194 587 5211 w—-n--q———m-
625 5210 626 5213 *
748 5195 822 5210 ὴ·-

68 5270 105 5326 lti
124 5266 162 5317 De
174 5267 319 5330 peculator
330 5268 508 5317 innocentium
519 5271 545 5316 et
554 5264 744 5319 Perdinaudum
757 5277 819 5316 coa·

31 5348 115 5400 citiam
137 5348 293 5410 delannarii
308 5352 479 5407 monumenta
497 5346 641 5398 afferuntur
658 5347 683 5396 in
702 5347 813 5409 append.

511 245 796 315 nonnrrotrua
817 241 1045 336 tmuoeurtr
1064 243 1218 309 nonin.

1631 255 1690 321 titt

904 398 991 462 msam
1025 383 1260 456 distributionem
1283 384 1359 449 dedit
1387 387 1446 451 (bix
1467 390 1582 467 Sorae,
1610 393 1692 477 Papa

901 484 1153 564 processionaliter
1175 488 1335 567 cappellam
1356 509 1490 571 mnam
1508 505 1638 569 exeunte,
1661 497 1691 560 in

902 586 997 650 nredio
1017 589 1100 658 aulae
1127 606 1247 667 magnae
1277 591 1418 669 genuflexi
1440 595 1571 662 ,inerunt
1591 597 1690 679 decem

900 687 978 750 circs
999 688 1147 760 dscnlrmi,
1168 692 1435 772 quorumquam
1453 695 1608 777 militaret
1634 698 1690 760 do-

900 799 1006 859 ctores,
1025 807 1122 851 omines
1139 789 1222 862 nudi,
1236 789 1354 854 detectis
1370 794 1512 872 capitibus
1533 808 1562 855 et
1581 797 1689 859 discale

900 889 980 959 cisti,
995 888 1029 949 de
1048 889 1172 948 camisiis
1187 901 1298 954 tantum
1314 906 1379 972 pnst
1395 896 1567 961 umbilicum
1579 899 1689 964 cineas

900 986 1050 1073 babentes,
1071 1001 1101 1052 et
1121 990 1241 1052 baculos
1263 994 1322 1055 sive
1346 995 1449 1074 virgas
1466 998 1599 1077 singulas
1623 1000 1694 1065 sins>

898 1089 960 1167 guli
981 1091 1009 1150 in
1031 1092 1226 1165 manibusue
1248 1095 1385 1174 cingulos*
1401 1098 1438 1158 ad
1457 1102 1544 1176 colla3
1561 1101 1613 1179 sqtti
1634 1120 1694 1171 ise-2

897 1201 969 1252 stata
982 1194 1140 1285 praeterita
1162 1207 1264 1256 eontra
1285 1197 1341 1258 SS.
1363 1197 1519 1276 Dantipum
1547 1200 1694 1266 Nostrum..

897 1291 1086 1366 rebellarunt,
1102 1295 1212 1356 renium
1227 1297 1401 1363 delictornot
1424 1318 1545 1365 tuorum
1564 1313 1689 1382 etpre-

897 1396 1012 1462 ttarum,
1033 1404 1062 1456 et
1083 1398 1325 1461 censurarcmia
1344 1411 1470 1479 unoque
1498 1404 1563 1465 loro
1594 1395 1707 1482 usque'

896 1491 1024 1577 inillum
1040 1494 1128 1565 diem,
1140 1514 1197 1556 inno
1212 1516 1316 1575 eorum
1330 1518 1385 1579 pro
1402 1502 1537 1565 omnibus
1561 1505 1697 1582 loquen-⁴

896 1601 934 1666 te,
948 1595 1153 1677 parentale„
1169 1616 1237 1677 *quo
1258 1599 1356 1671 tacto,
1378 1604 1604 1680 poenitentiariis
1625 1607 1687 1666 ml-

859 1729 864 1738 ·
894 1694 1015 1754 nuribus
1035 1695 1177 1765 Basilicas
1198 1697 1297 1761 Sancti
1320 1700 1398 1762 Petri
1417 1703 1696 1778 circumstantbttw

894 1810 998 1856 eorum
1030 1796 1157 1859 decanus
1182 1801 1266 1879 petiit
1299 1821 1323 1863 o.
1344 1801 1476 1866 Domino,
1491 1804 1623 1879 Nostro,
1646 1825 1684 1867 an

895 1895 1038 1958 &caius
1059 1898 1120 1959 Suo
1144 1902 1230 1964 veliet
1242 1921 1300 1987 ‘eos
1319 1904 1489 1976 absolvere,
1504 1917 1561 1968 aut
1580 1924 1694 1970 eoram.

893 1997 1103 2061 absolutionem
1119 2005 1297 2064 committere
1307 2026 1317 2077 ;
1327 2004 1375 2075 cni
1388 2002 1539 2074 »Sanctitas
1553 2006 1614 2069 Sua
1630 2007 1685 2074 ab·

893 2100 1063 2169 solutionem
1086 2099 1253 2178 lrtrjnsmodi
1275 2106 1437 2180 commisit,
1457 2118 1487 2170 et
1505 2120 1561 2187 pro
1581 2108 1685 2188 poeni-

894 2201 979 2266 tentia
1000 2203 1040 2263 eis
1060 2202 1238 2269 trlduurinnr
1257 2202 1403 2283 jejunium
1425 2226 1486 2269 non
1503 2209 1532 2268 in
1552 2226 1624 2288 patre
1654 2222 1685 2271 et

893 2317 968 2380 aqtra
988 2303 1038 2364 aad
1070 2320 1224 2370 comrnnnc
1245 2309 1334 2374 nina
1356 2309 1591 2375 conlocatarum
1619 2310 1688 2373 die-r

893 2421 960 2465 rum
991 2402 1138 2481 jejanium
1172 2420 1223 2487 per
1255 2409 1469 2474 dictes-decens
1484 2421 1548 2482 ‚et
1573 2412 1686 2474 dictum

892 2505 1032 2583 popnium
1048 2510 1200 2586 utriusque
1215 2522 1299 2572 susus
1311 2511 1614 2577 civitatis'dsaulnnae
1628 2512 1685 2575 obs

892 2606 1066 2668 serrandum
1090 2608 1267 2689 injungeret,
1289 2625 1378 2690 prout
1397 2613 1586 2696 iaetpmsest,
1605 2631 1685 2691 uno*

892 2705 927 2764 ad
946 2705 1206 2772 absolutionemet
1231 2711 1354 2790 primam
1375 2715 1553 2796 mentionem
1576 2713 1688 2776 Cardi-

892 2806 1004 2867 nalibur
1019 2851 1028 2880 ,
1046 2809 1173 2892 etaliis
1188 2812 1320 2873 omnibus
1342 2814 1445 2894 ibidem
1473 2814 1684 2893 praesentibus.

892 2908 970 2970 Turn
993 2909 1124 2971 Pontifex
1148 2911 1225 2974 venit
1243 2913 1281 2973 ad
1309 2915 1408 2976 locum
1428 2916 1562 2986 solitum,
1578 2917 1688 2996 populo

892 3010 1025 3073 candelas
1045 3009 1213 3090 projiciensc
1235 3013 1321 3074 rediit
1334 3015 1442 3077 ,deinde
1457 3016 1500 3077 ad
1520 3001 1636 3077 Missam
1648 3016 1685 3077 od

891 3112 998 3174 dictam
1032 3115 1195 3191 cappellam
1224 3112 1374 3190 nnjnrem.
1400 3129 1493 3193 qtrmn
1523 3117 1683 3180 celebrioris

891 3211 963 3274 Res.
984 3212 1144 3274 Cardinrlis
1160 3214 1337 3289 Parmensis,
1348 3218 1397 3278 cni
1412 3217 1561 3298 Papsnon
1575 3214 1617 3300 (l)
1631 3236 1684 3286 sor·

892 3317 953 3377 lttnt
975 3314 1124 3375 candelam
1145 3315 1222 3375 dedit
1228 3336 1240 3387 3
1261 3316 1316 3376 alia
1342 3319 1439 3398 omnia
1472 3329 1584 3380 cerreta
1617 3329 1685 3380 sttnt

891 3434 973 3477 more
1003 3416 1096 3479 solito.
1134 3417 1295 3494 Antequam
1328 3418 1363 3478 D.
1402 3417 1505 3481 Noster
1537 3438 1684 3484 cameram

886 3595 1176 3603 m-mm*
1182 3599 1207 3603 ..-
1214 3598 1261 3604 .--.-
1272 3598 1370 3604 ,αα-..-

933 3689 969 3741 (2)
985 3681 1053 3733 llaec
1072 3685 1168 3745 scripta
1182 3688 1243 3732 sunt
1257 3683 1281 3732 in
1291 3682 1411 3734 vialardo
1423 3699 1505 3748 super
1522 3688 1684 3746 argumento.

935 3781 945 3807 ι
964 3762 988 3810 Si
1008 3761 1194 3811 ribeildancbc
1211 3763 1340 3821 risnello
1357 3761 1373 3812 n
1392 3762 1459 3826 Papa
1476 3765 1532 3814 lece
1550 3757 1572 3813 si
1592 3775 1642 3813 con
1659 3764 1684 3814 la
1756 3767 1763 3776 ‘

892 3853 940 3892 sua
957 3842 1035 3892 solita
1052 3840 1188 3904 prudenza
1202 3854 1221 3890 a
1238 3843 1386 3892 amoreroli
1411 3842 1610 3892 dimostraziooi
1636 3841 1685 3893 cbo

888 3921 1377 3984 ,suppressntsrsnoaquetotttadint
1403 3922 1419 3970 l'
1431 3933 1507 3971 error
1530 3922 1603 3978 loro,
1624 3933 1639 3970 o
1665 3921 1683 3985 il

891 4003 1009 4064 periculo
1027 4001 1069 4051 nei
1087 4001 1164 4063 quale
1178 4001 1390 4061 s'ingollavano‚
1406 4001 1454 4048 che
1466 4004 1605 4049 muterono
1622 4010 1686 4060 pen·

892 4084 1013 4136 siero,e
1040 4080 1202 4128 mandarouo
1227 4078 1294 4128 dieci
1324 4079 1380 4127 loro
1406 4078 1526 4128 cilladini
1548 4078 1646 4127 dottort
1668 4083 1683 4125 e

891 4158 1074 4221 gentilnomini
1091 4171 1105 4206 a
1123 4158 1211 4215 noma,
1229 4157 1246 4206 li
1264 4158 1334 4219 quali
1353 4157 1370 4206 il
1386 4158 1502 4207 secondo
1520 4156 1546 4206 dl
1563 4154 1685 4216 iebbralo

890 4237 996 4302 quando
1013 4239 1030 4286 il
1047 4236 1114 4299 Papa
1133 4237 1282 4289 tornasset
1298 4238 1429 4299 cappella,
1441 4239 1467 4288 iu
1485 4249 1576 4287 mezzo
1589 4236 1612 4284 la
1626 4235 1683 4289 sala

891 4317 990 4382 grande
1006 4330 1035 4367 se
1053 4317 1069 4365 ii
1087 4317 1316 4377 ioginocclrtarooo
1342 4318 1429 4366 inanzi
1454 4316 1515 4367 nudi
1532 4329 1582 4365 con
1600 4315 1624 4363 ie
1641 4326 1683 4364 ca·

892 4398 984 4447 miscio
1002 4396 1086 4456 legate
1104 4397 1127 4443 al
1145 4394 1245 4453 belino,
1263 4409 1277 4442 e
1296 4395 1374 4444 scaici
1392 4409 1442 4444 nnn
1459 4410 1493 4446 nn
1518 4391 1680 4445 bestnncalio

891 4475 917 4525 ln
935 4487 1012 4524 mano
1030 4487 1044 4523 e
1062 4485 1111 4521 una
1129 4473 1190 4522 ltine
1209 4474 1232 4521 ai
1250 4474 1327 4531 collo,
1345 4470 1492 4523 rbledendo
1515 4473 1683 4522 umiiissime·

891 4558 978 4619 mente
1007 4552 1146 4614 perdono,
1174 4565 1188 4600 e
1217 4554 1384 4602 assolueiooe
1411 4552 1480 4603 dallo
1513 4551 1681 4601 scomunicbe

889 4634 958 4684 uelle
983 4632 1054 4694 quali
1077 4643 1159 4680 araon
1186 4632 1291 4681 incorsi.
1310 4631 1328 4680 tt
1344 4632 1413 4692 Papa
1436 4631 1639 4692 benignaments
1662 4628 1680 4678 li

889 4711 991 4763 ascoitb
1009 4725 1023 4759 a
1040 4709 1209 4764 couiortd,e
1233 4711 1248 4757 li
1275 4710 1366 4760 rimisa
1384 4710 1406 4758 al
1425 4709 1529 4758 Decano
1552 4707 1594 4756 de'
1606 4706 1682 4754 Peni-

890 4793 1000 4840 lenzieri
1018 4789 1067 4837 cbe
1085 4788 1117 4850 gii
1136 4789 1297 4846 asscivesse,
1314 4801 1363 4838 con
1381 4788 1536 4837 condizione
1559 4785 1609 4833 cbe
1630 4784 1683 4832 essi

889 4873 989 4920 elutis
1007 4870 1030 4917 ia
1047 4867 1117 4922 citii.
1139 4867 1161 4916 sl
1180 4868 1275 4915 nomini
1293 4878 1369 4915 coma
1384 4867 1480 4921 donne,
1497 4864 1680 4925 diginnassero

889 4956 929 5001 tre
947 4947 1032 5011 giorui
1050 4946 1195 4997 contineri.
1209 4945 1226 4993 li
1239 4946 1369 4993 ricerette
1386 4944 1412 4992 io
1424 4942 1523 5012 grazia
1535 4939 1681 4999 riduoeodo

887 5043 938 5079 con
957 5030 981 5078 lu
999 5028 1054 5079 sois
1072 5023 1184 5075 autoritir
1203 5022 1337 5086 pontilicis
1354 5022 1414 5084 quei
1432 5022 1540 5084 popolo,
1555 5021 1605 5068 cbe
1621 5018 1636 5068 b
1653 5013 1679 5068 di

887 5089 980 5160 umore
1007 5104 1216 5170 gagliardlssirno
1243 5113 1258 5151 c
1286 5100 1412 5150 indomito
1441 5099 1631 5149 sll’nbidleoza
1660 5112 1680 5143 s.

887 5166 1016 5238 Vrrcsnn.
1032 5199 1058 5248 p.
1076 5184 1113 5233 ts.
1134 5185 1171 5234 50.
1187 5182 1244 5231 niele
1260 5180 1337 5230 ettam
1353 5180 1476 5228 mantola
1491 5189 1517 5240 p.
1535 5179 1588 5229 tii.
1604 5176 1681 5241 buius

886 5265 970 5316 diarii.
989 5285 999 5307 ·
1018 5260 1141 5315 Asculani
1165 5260 1311 5312 mandorno
1334 5259 1401 5310 disci
1426 5257 1546 5310 clttadlni
1563 5258 1588 5308 sl
1612 5256 1680 5319 Papa

887 5360 936 5411 per
954 5349 1076 5398 ottocaro
1098 5344 1216 5408 perdono
1235 5364 1257 5397 ·,·
