3780 6030
164 256 206 320 94
644 255 851 320 conmitti
872 254 974 319 POST
997 251 1145 317 stituit
1164 249 1365 322 durarunt.

168 411 240 472 quas
264 396 293 456 in
310 395 392 462 Urbe
408 395 547 466 obtinent,
565 412 615 455 seu
631 414 687 474 pro
703 404 832 475 tempora
851 394 966 455 obtine-

170 494 251 569 bant,
276 507 304 557 et
325 495 456 556 similiter
479 496 514 556 de
539 496 638 556 officiis
655 495 743 576 bujus
761 497 855 557 almae
877 494 965 557 Urbis

173 595 316 656 consuetis
338 594 401 654 dari
426 595 540 655 ciribns
565 597 692 656 romanis
712 613 769 656 non
794 593 966 674 providebo,

166 694 218 752 nisi
242 693 308 771 ipsis
329 692 455 765 civibus,
477 695 564 754 etiam
582 695 616 757 de
633 694 883 775 prothonotariatu
905 695 964 758 Ca·

167 792 267 869 pitolii,
282 810 337 853 non
349 792 480 853 obstante
494 789 557 874 ejus
573 796 676 856 nnione
688 796 764 857 iacta
775 814 827 875 per
842 795 889 856 iel.
904 815 963 858 rec.

166 893 315 952 dominum
337 892 451 953 Sixtnm
466 893 574 975 Papam
593 894 738 966 Quartum
757 896 962 976 praedecesso·

168 1013 229 1055 rem
247 1006 378 1054 nostrum
390 991 461 1075 (d).

208 1094 302 1165 ltem,
322 1112 390 1153 cum
410 1112 547 1173 persaepe
569 1094 716 1174 contingat
732 1095 905 1156 ttardtnates
926 1095 963 1156 od

166 1195 302 1272 palatium
312 1194 500 1273 apostolicum
512 1214 541 1256 se
556 1196 693 1259 conterre
707 1197 794 1267 uariis
810 1216 845 1258 ex
857 1185 963 1272 causis,

167 1306 195 1354 et
208 1293 373 1356 Pontificem
385 1314 440 1374 pro
452 1306 583 1375 tempore
598 1298 762 1359 existentem
775 1306 963 1378 oecnpatum,

168 1392 245 1455 illico
267 1413 315 1454 eos
335 1394 438 1456 audire
461 1413 517 1456 non
546 1415 639 1477 posse,
657 1398 891 1478 detrabaturque
906 1418 961 1462 non

168 1495 312 1555 modicum
335 1493 463 1575 dignitati
486 1497 682 1573 eorumdem,
702 1499 869 1563 cardinales
887 1503 963 1582 ipsos

167 1607 346 1687 expectantes
361 1596 534 1656 audientiam
555 1600 722 1677 permixtim
744 1619 813 1662 cum
828 1602 891 1662 aliis
907 1621 963 1664 non

167 1694 368 1756 cardinalibus
378 1696 406 1756 in
419 1698 520 1776 aliquo
533 1700 598 1760 loco
612 1713 699 1774 stare,
712 1703 861 1782 contingit,
875 1717 964 1783 prout

168 1813 375 1875 nonnunquam
390 1799 499 1858 lactum
525 1799 580 1860 tuit
598 1802 748 1862 retroactis
771 1804 964 1885 temporibus,

169 1907 202 1955 ut
225 1893 390 1972 lnrjusmodi
411 1899 517 1959 obustis
537 1900 763 1976 submoveatur,
775 1917 808 1965 nt
825 1905 921 1979 decet,
935 1919 964 1968 et

169 2006 262 2063 tamne
278 1997 408 2077 dignitati
429 2017 486 2059 non
510 1998 691 2089 detrahatur.
707 2003 776 2064 Pari
798 2006 884 2067 modo
908 2026 964 2069 vo·

171 2116 236 2170 veo,
248 2096 330 2174 juro,
349 2111 378 2159 et
396 2103 534 2179 promitto
556 2102 653 2164 locum
669 2103 808 2178 debitum,
824 2118 853 2167 et
872 2107 979 2170 boner

166 2209 242 2257 stum
254 2197 569 2262 eisdetnCordinalibus
582 2221 638 2282 pro
652 2201 817 2281 hujusmodi
827 2206 963 2289 expecta-

167 2297 242 2360 tione
259 2302 288 2358 in
302 2301 410 2380 palatio
429 2304 597 2380 apostolico,
608 2316 637 2366 et
655 2306 719 2366 loco
739 2307 921 2383 residentiae,
934 2313 962 2373 in

166 2419 224 2478 sparo
241 2420 286 2461 me
300 2421 360 2462 esse
376 2405 541 2482 contigerit,
554 2406 713 2485 assignare,
730 2404 760 2469 et
774 2409 828 2468 sub
842 2415 963 2490 gravis·

165 2502 243 2560 simis
258 2504 386 2563 censuris
405 2516 435 2565 et
456 2506 552 2583 poenis
567 2550 576 2579 ,
600 2507 787 2570 cubiculariis
802 2523 831 2571 et
845 2511 912 2577 aliis,
925 2515 960 2573 ad

166 2621 239 2680 (ptius
264 2602 416 2679 pertinebit
444 2605 590 2680 inhibere,
614 2625 649 2667 ne
671 2609 733 2670 ullo
754 2621 904 2690 praetextu
932 2618 961 2676 in

166 2705 248 2763 illum
263 2704 388 2781 aliquem
405 2705 599 2781 introducant,
610 2709 697 2770 etiam
723 2708 881 2774 Oratorem
899 2717 958 2776 im-

87 2868 90 2871 ,
167 2805 318 2884 peratoris,
330 2824 446 2884 regum,
460 2818 489 2867 et
503 2808 629 2870 aliarum
648 2822 859 2889 potentatuum,
872 2817 959 2878 etiam

168 2923 236 2964 curn
249 2904 375 2984 ipsorum
392 2905 588 2968 cardinalium
603 2911 671 2970 inibi
689 2932 744 2991 pro
761 2925 889 2995 tempore
899 2921 961 2979 exi-

165 3007 300 3065 stantiam
323 3026 457 3087 expresso
480 3028 643 3084 consensu,
672 3015 720 3075 scd
742 3016 840 3078 locum
862 3019 957 3098 ipsum

166 3107 288 3168 liberum
313 3109 457 3171 dimittant
481 3113 648 3191 receptioni,
664 3127 693 3176 et
713 3120 900 3196 expectationi
922 3142 957 3186 ac

165 3209 405 3270 collocutionibus
425 3210 624 3273 cardinalium
646 3216 870 3294 praedictorum.

184 3295 185 3298 ¹
206 3309 291 3379 llam,
311 3310 466 3387 promitto,
489 3331 581 3374 voveo
594 3325 627 3375 ut
642 3332 742 3394 supra,
760 3319 837 3396 quod
855 3320 881 3379 in
897 3323 957 3401 spi-

167 3407 320 3469 ritualibus
338 3419 367 3469 et
392 3412 615 3489 temporalibus,
628 3433 702 3493 quae
727 3419 866 3496 grauiora
888 3436 955 3494 snm

159 3519 194 3568 -et
223 3508 321 3586 magni
348 3512 508 3584 momenti,
531 3512 646 3574 Statum
662 3514 815 3580 Ecclesiae
836 3539 954 3601 quoquo

166 3608 259 3696 nmdq
271 3611 517 3685 concernentibus,
532 3614 642 3674 nullam
649 3613 891 3695 jurisdictionem,
906 3637 958 3686 aut

166 3708 438 3770 administrationem
466 3714 654 3791 promittam,
678 3729 730 3778 aut
759 3718 832 3780 dabo
853 3725 956 3799 quovis

165 3807 293 3886 quaesito
312 3810 421 3882 colore,
437 3814 541 3889 carique
558 3814 706 3878 bominum
725 3818 809 3894 laico,
827 3824 871 3884 vel
892 3841 958 3886 sae·

165 3911 258 3969 calori
283 3910 496 3990 cujuscumque
523 3915 708 3994 conditionis,
733 3933 784 3984 aut
800 3921 957 4002 dignitatis

167 4011 268 4071 existat

170 4148 960 4181 --—-—-—-—-—----

208 4235 245 4284 (tt
261 4228 331 4289 Quae
348 4230 373 4277 in
390 4229 441 4279 boo
457 4226 595 4294 paragrafo
613 4226 655 4284 die
671 4228 703 4286 td
719 4242 820 4301 augusti
840 4241 867 4289 in
884 4241 959 4290 lavo·

167 4315 222 4354 rem
240 4305 329 4368 papati
347 4309 445 4356 romani
463 4315 615 4371 reservata,
631 4314 763 4376 promissa
778 4317 831 4374 jam
854 4317 958 4370 luerent

165 4383 208 4431 dic
225 4385 257 4431 at
282 4382 521 4435 conservatoribus
544 4385 618 4437 llrbis
636 4391 661 4439 io
677 4390 793 4442 Tribuna
809 4395 833 4443 S.
851 4396 919 4445 Petri
943 4413 957 4448 a

164 4461 243 4510 Sacro
256 4459 369 4521 collegio
381 4460 478 4510 ibidem
492 4470 659 4528 congregato.
671 4488 680 4509 ·
690 4466 734 4519 Dio
744 4473 773 4519 at
786 4471 849 4522 dicti
861 4479 957 4527 mensis

165 4538 268 4600 arvgusti
295 4541 445 4609 congregati
469 4538 622 4594 Cardinates
640 4557 730 4596 omnes
749 4549 774 4597 in
795 4549 911 4602 Tribuna
934 4555 960 4607 S.

166 4616 235 4667 Petri
253 4618 432 4678 promiserunt
443 4621 541 4680 reputo
558 4621 673 4673 Romano
690 4627 847 4679 unanimiter
859 4635 885 4680 et
897 4643 958 4681 con·

164 4695 281 4744 corditer
301 4707 330 4744 se
347 4693 538 4758 observaturos
555 4701 681 4762 quasdam
706 4707 803 4766 gratias
820 4712 957 4758 contentas

166 4775 189 4822 in
213 4788 263 4823 nun
281 4773 373 4824 cedula
392 4772 418 4822 in
436 4777 560 4825 auxilium
585 4782 612 4827 et
630 4782 768 4831 comodum
786 4784 891 4834 Romani
908 4800 958 4848 po·

168 4854 232 4914 puli,
249 4856 276 4901 et
293 4853 361 4901 inter
378 4851 427 4900 alla
446 4859 623 4914 promiserunt
635 4861 721 4908 omnia
733 4860 814 4910 officia
832 4866 858 4912 et
874 4862 957 4914 bene·

167 4930 225 4980 lrcin
236 4930 351 4980 Romana
362 4930 508 4997 concedere
521 4946 572 4983 non
583 4936 639 4984 aliis
650 4950 728 4998 quam
738 4939 869 4998 Romanis,
878 4948 956 5003 prout

165 5017 227 5059 suut
243 5011 331 5059 bullae
348 5009 456 5070 Nicolai,
473 5012 584 5074 Callisti,
601 5019 627 5064 ct
643 5015 719 5066 Sixti
736 5018 798 5067 item
811 5018 955 5072 observare

166 5087 199 5136 ad
225 5101 335 5151 unguem
354 5088 439 5137 bullas
457 5091 546 5150 studii,
564 5105 701 5144 removero
719 5095 842 5148 officiales
865 5100 898 5148 ad
916 5102 956 5160 vi·

167 5170 267 5224 tarnat
279 5167 365 5216 laoerc
378 5170 406 5216 ut
417 5180 508 5218 omnes
522 5173 609 5220 terrac
622 5171 757 5229 subjectae
770 5177 866 5243 populo
876 5192 955 5241 prae·

167 5248 236 5294 stent
253 5248 276 5294 ei
294 5244 470 5296 obedientiam
489 5249 513 5297 in
533 5250 726 5312 Carnis-privio
744 5274 753 5294 a
773 5255 916 5317 loressan,
929 5260 953 5307 in

167 5324 256 5374 literni
276 5324 320 5374 tor.
339 5328 380 5373 rit

1716 243 1826 330 (star)

1076 391 1159 464 ltem,
1172 387 1326 469 promitto,
1347 402 1439 445 roveo
1459 396 1488 446 et
1504 380 1587 460 juro,
1608 383 1686 463 quod
1706 385 1730 443 si
1753 389 1824 446 oon-

1036 490 1136 570 tigerit
1162 490 1287 567 aliquem
1309 505 1342 547 ex
1370 486 1562 567 potentatibus
1589 498 1617 548 et
1648 486 1824 566 principibus

1034 590 1240 664 saecularibus,
1251 590 1400 650 occasione
1410 589 1538 649 fortassis
1549 588 1742 667 displicentiae
1753 606 1823 648 corr·

1034 702 1132 770 ceptae
1154 710 1188 752 ex
1209 701 1278 751 roto
1300 685 1425 766 alicujus
1446 673 1606 752 Cardinalis
1631 690 1659 750 in
1682 690 1823 768 praesenti

1033 792 1171 853 electione
1186 789 1307 851 Romani
1323 787 1469 851 Pontificis
1480 791 1571 850 ⁴aliter
1583 806 1669 868 quum
1688 789 1824 851 ralatitset

1033 891 1111 966 dato,
1129 891 1257 953 redditus
1271 888 1475 952 beneficiorum
1489 891 1577 969 ipsius
1593 889 1756 951 Cardinalis
1770 909 1824 951 oc·

1033 1010 1152 1075 cupere,
1172 1004 1240 1053 ttrnc
1254 1003 1284 1053 et
1299 1011 1334 1053 eo
1355 1010 1423 1052 casu
1440 991 1474 1052 de
1489 992 1614 1071 propriis
1629 991 1773 1071 pecuniis,
1794 1004 1821 1053 et

1032 1093 1196 1155 introitibus
1214 1091 1360 1153 Romanae
1386 1091 1530 1154 Ecclesiae
1559 1092 1657 1159 eidem
1676 1091 1823 1154 cardinali

1032 1204 1142 1253 tantum
1168 1193 1325 1273 providebo
1350 1204 1380 1256 et
1405 1192 1600 1268 satisfaciam,
1621 1206 1762 1271 quantum
1789 1216 1822 1257 ex

1032 1294 1107 1354 dieta
1139 1295 1326 1375 occupatione
1357 1294 1392 1356 de
1430 1293 1592 1356 introitibus
1627 1296 1685 1356 suis
1716 1296 1822 1356 amise-

1031 1397 1079 1456 rit.

1073 1497 1155 1569 ltem,
1178 1497 1273 1558 omnia
1297 1506 1376 1575 gestu
1395 1507 1424 1557 et
1447 1497 1523 1556 iacta
1537 1495 1612 1557 Sede
1632 1508 1751 1557 vacante
1772 1515 1821 1575 per

1029 1597 1142 1658 obitum
1159 1598 1279 1677 praelati
1295 1597 1401 1658 domini
1417 1597 1489 1658 Sixti
1507 1596 1602 1677 Papae
1613 1595 1717 1667 Quarti
1734 1615 1821 1677 prae·

1030 1699 1186 1760 decessoris
1213 1700 1268 1759 mei
1297 1715 1348 1778 per
1373 1718 1489 1763 sacrum
1515 1700 1671 1778 collegium
1695 1700 1739 1759 vel
1761 1699 1820 1759 eins

1030 1799 1154 1877 priores,
1168 1800 1228 1860 sive
1250 1799 1398 1879 deputatas
1413 1800 1449 1860 ab
1464 1799 1562 1862 eodem
1587 1818 1672 1861 sacro
1693 1801 1817 1879 collegio

1029 1900 1165 1979 speciales
1180 1901 1413 1974 commissarios,
1434 1912 1518 1979 grata
1534 1913 1561 1962 et
1578 1900 1668 1960 ‘firma
1692 1899 1820 1972 habebo,

1029 2000 1130 2061 tenebo
1145 2011 1172 2061 et
1193 2000 1371 2073 observabo,
1386 2013 1476 2080 prout
1491 2019 1568 2061 nunc
1584 2012 1687 2072 teneo,
1706 2000 1822 2071 babeo,

1030 2110 1058 2160 et
1070 2100 1210 2179 approbo,
1221 2111 1288 2161 cum
1298 2084 1375 2160 iacta
1392 2100 1509 2173 suerint,
1522 2110 1643 2179 urgente
1654 2100 1821 2162 necessitate

1030 2197 1168 2262 libertatis
1188 2201 1347 2261 electionis.

1070 2301 1152 2373 ltem,
1169 2301 1247 2379 quod
1265 2302 1430 2381 supradicta
1448 2303 1574 2381 capitula
1593 2301 1688 2362 omnia
1711 2312 1740 2364 et
1760 2303 1822 2362 sin-

1029 2400 1098 2477 gula
1117 2399 1154 2458 ad
1173 2419 1300 2480 unguem
1317 2402 1440 2462 servabo
1451 2402 1505 2462 sub
1519 2418 1608 2481 poena
1623 2401 1826 2474 anathematis,

1030 2517 1082 2561 nec
1106 2519 1234 2579 unquam
1255 2502 1309 2562 sub
1327 2501 1433 2564 eisdem
1454 2505 1552 2582 poenis
1574 2505 1721 2581 requiram
1746 2503 1825 2564 Car·
1853 2583 1860 2588 ·

1028 2600 1154 2677 dinales,
1184 2615 1216 2662 ut
1245 2603 1340 2681 aliqua
1372 2603 1563 2665 intervertant
1595 2604 1749 2681 praedictis
1771 2623 1823 2665 cu·

1028 2703 1134 2779 pilulis.
1154 2701 1275 2773 Quodsi
1297 2716 1437 2783 peterem,
1455 2706 1522 2766 vulo
1537 2705 1616 2783 qnod
1637 2705 1720 2764 nullo
1736 2713 1822 2785 paeto

1029 2805 1215 2876 consentiant,
1235 2806 1293 2865 imo
1308 2805 1462 2867 observent
1475 2808 1571 2867 narnia
1582 2805 1635 2865 sub
1650 2805 1733 2865 dictis
1751 2825 1817 2886 poe·

1029 2905 1071 2963 nis
1090 2917 1116 2966 et
1132 2899 1381 2967 maledictionibus
1399 2908 1538 2979 aeternis,
1553 2918 1582 2967 et
1601 2906 1624 2965 si
1638 2924 1733 2979 secus,
1749 2925 1821 2985 gra-

1029 3005 1068 3063 tia
1082 3007 1128 3066 vel
1146 3007 1250 3068 timore
1264 3006 1429 3079 iecerint,et
1442 3007 1593 3069 accedente
1605 3007 1783 3070 autboritate
1793 3017 1820 3068 et

1027 3103 1261 3168 determinatione
1273 3126 1335 3168 meu
1347 3108 1523 3188 obligentur,
1534 3107 1666 3168 similiter
1683 3108 1819 3187 quicquid

1028 3224 1079 3283 per
1097 3225 1142 3267 me
1161 3220 1265 3291 eontra
1283 3211 1326 3271 vel
1341 3221 1455 3288 praeter
1474 3209 1619 3289 praedicta
1634 3226 1818 3288 quacumque

1027 3308 1138 3368 ratione
1164 3320 1276 3388 gestum
1298 3311 1344 3371 vel
1365 3312 1473 3372 iactum
1499 3312 1598 3386 inerit,
1614 3313 1652 3372 sit
1671 3313 1734 3391 ipso
1751 3312 1818 3390 jure

1027 3405 1144 3469 irritum
1174 3421 1203 3471 et
1225 3409 1305 3472 inane
1332 3413 1649 3489 nulliusquemomenti
1670 3424 1697 3472 et
1727 3414 1818 3473 robo-

1028 3508 1078 3582 ris,
1089 3521 1117 3570 et
1129 3530 1184 3588 pro
1195 3511 1300 3572 inlecto
1312 3511 1468 3586 babeatur3
1487 3525 1515 3575 et
1530 3512 1716 3574 nibllominus
1729 3532 1816 3594 prae·

1026 3611 1112 3670 missa
1131 3613 1226 3671 omnia
1242 3625 1270 3673 et
1289 3614 1436 3690 quodlibet
1451 3616 1580 3694 ipsorum
1600 3616 1629 3674 in
1648 3633 1702 3677 suo
1721 3617 1818 3694 rigore

1026 3722 1055 3770 et
1069 3711 1249 3773 observantia
1268 3711 1352 3773 lirina
1367 3727 1561 3793 permaneant.
1578 3715 1610 3776 ln
1627 3715 1713 3794 cujus
1733 3715 1818 3777 fidem

1025 3823 1054 3873 et
1068 3813 1259 3877 testimonium
1276 3831 1435 3877 nosornnes
1444 3816 1591 3878 amanibus
1607 3817 1734 3896 propriis
1748 3817 1822 3878 sub·

1025 3916 1126 3993 scripti
1147 3934 1257 3976 snmus.

1066 4017 1135 4097 qu
1153 4017 1189 4076 R.
1205 4017 1383 4100 Episcopus
1400 4019 1597 4095 Parmensis,
1615 4020 1820 4085 l‘ireeoaeel-

1026 4118 1130 4178 lorior
1144 4120 1311 4197 proedicto
1324 4120 1473 4201 promisi,
1496 4121 1581 4193 aovi,
1602 4132 1631 4182 et
1647 4124 1775 4203 iuraui,
1790 4137 1819 4188 et

998 4242 999 4245 ¹
1026 4220 1070 4278 od
1084 4220 1173 4298 sedem
1192 4240 1285 4282 monn
1296 4221 1433 4301 proprio
1448 4239 1494 4280 me
1510 4223 1686 4302 subscripsi
1707 4220 1763 4305 (b).

1066 4318 1124 4380 ilos
1142 4334 1240 4383 omnes
1256 4331 1287 4382 et
1298 4321 1404 4401 singuli
1421 4319 1451 4380 S.
1475 4319 1511 4379 tt.
1534 4319 1569 4380 E.
1584 4321 1752 4385 Cardinales
1766 4343 1819 4385 su·

1024 4422 1189 4502 proscripti,
1215 4441 1270 4501 pro
1293 4421 1378 4494 bono,
1403 4431 1433 4481 et
1456 4422 1532 4493 salici
1554 4423 1708 4502 regimine,
1731 4437 1819 4504 atque

1065 4710 1101 4764 ‹2›
1127 4706 1224 4756 Eadem
1250 4708 1333 4756 torma
1352 4709 1741 4772 subscripseruntCardinates
1768 4713 1819 4763 Ca·

1024 4785 1819 4850 ralla,Barbo,Dellaliuveretlulianns),zano,Nardiniltr·

1023 4863 1163 4920 cimboldi,
1179 4863 1257 4926 Cibo,
1275 4861 1402 4925 Ugonctti,
1418 4867 1547 4924 blicbebo,
1565 4867 1661 4927 Costa,
1678 4870 1750 4919 Delta
1766 4871 1818 4921 ito·

1023 4953 1085 4990 vere
1102 4940 1299 5001 (dominicus),
1312 4944 1485 5007 dragonalic
1497 4947 1584 5006 Conti,
1598 4947 1636 4997 De
1652 4950 1817 5013 margaritis,

1021 5020 1184 5081 solamento,
1200 5021 1373 5080 Piccolomini,
1390 5025 1485 5086 liiario,
1502 5024 1604 5084 Savelii,
1621 5026 1748 5087 Colonna,
1766 5028 1817 5078 Or-

1021 5101 1090 5158 sini,
1106 5099 1195 5150 Siorza
1220 5101 1342 5151 t'iseonti.
1366 5103 1430 5152 Cum
1455 5103 1546 5154 Petrus
1570 5103 1673 5157 fuscari
1698 5107 1816 5158 subscri·

1021 5177 1084 5227 bere
1110 5185 1275 5238 recusasset,
1301 5182 1520 5232 conventionibus
1541 5187 1731 5248 suprascriptis
1754 5187 1815 5236 adc-

1022 5262 1079 5306 rant
1096 5258 1242 5320 vigintiduo
1260 5259 1420 5310 Cardinales.
1438 5263 1507 5321 Quae
1526 5271 1670 5326 sequuntur
1686 5270 1812 5331 capitula.

1020 5340 1079 5396 posi
1099 5336 1167 5385 diam
1186 5338 1322 5387 evidenter
1341 5340 1442 5396 sitarcia
1461 5349 1527 5392 sunt.
