3780 6030
195 261 237 324 96

678 254 960 321 ΡΟΝΤΙΡΙΟΑΤΙΙ8
971 254 1202 320 -ΙΝΝΟΟΕΝΤΙΙ
1222 255 1374 322 UchVl.

1722 257 1833 343 (⁴⁴⁸⁸)

199 397 236 460 ll.
258 397 294 457 Ι).
317 395 471 460 cardinale
492 395 692 470 Ulixbooense,
711 396 906 484 Tirasonense,
923 395 986 473 Ur·
1054 394 1192 472 usquead
1206 412 1288 456 mane
1304 391 1391 466 venit,
1409 390 1458 454 sed
1478 392 1506 453 in
1528 409 1611 454 mane
1631 410 1699 455 cunr
1715 395 1747 454 in
1763 412 1831 456 con·

202 497 348 558 binatense
362 507 391 557 et
405 496 462 557 alio
478 495 602 574 quodam
630 508 745 558 creatos
759 505 802 557 est
817 493 985 570 cardinalis,
1051 496 1166 556 sistorio
1177 496 1293 575 publico
1303 494 1391 576 recipi
1402 493 1547 567 deberent,
1557 494 1724 559 cardinales
1739 514 1833 559 omnes

195 608 226 658 et
245 608 309 678 post
330 610 414 657 snam
433 597 609 661 creationem
632 593 798 673 hujusmodi
821 595 857 655 ad
874 594 984 658 Urbem
1051 612 1101 655 eos
1121 596 1327 658 conduxerunt.
1343 594 1422 657 ldcnr
1434 594 1490 657 init
1504 608 1655 659 serratum
1677 616 1734 677 pro
1749 595 1829 658 itt).

198 713 347 776 nunqnam
377 696 555 770 advenerit,
577 697 652 758 dieta
684 707 750 764 sunt
782 695 921 774 quaedam
956 695 984 755 in

196 815 295 871 mnne,
320 797 490 877 praesertim
512 797 589 876 qood
609 797 656 858 die
689 797 847 860 consistorii
878 796 984 876 publici

195 897 368 976 receptionis
394 913 463 957 suae
487 897 597 958 iturum
618 909 702 971 esset,
723 909 754 959 et
774 916 829 959 nnn
857 909 940 959 antea
967 919 984 960 a

195 995 260 1056 litt.
295 994 428 1057 omnibus
461 996 521 1057 nt).
554 996 756 1059 cardinalibus
789 999 818 1058 in
854 999 984 1059 clanstro

195 1097 299 1159 &atae
331 1097 440 1159 Mariae
466 1096 502 1160 de
534 1097 647 1178 Populo
668 1100 698 1159 in
719 1117 778 1177 quo
805 1097 986 1179 praecedenti

195 1208 280 1258 nocte
300 1202 512 1278 pernoctasset,
535 1198 670 1283 visitari,
692 1211 721 1261 et
738 1200 925 1279 collegialiter
948 1200 984 1259 ad

193 1294 337 1383 Palatium
368 1299 570 1378 nposrottcum
597 1301 734 1362 associari
746 1323 756 1374 3
785 1302 834 1361 alii
867 1301 983 1381 quidam

193 1397 370 1472 Cardinales,
391 1400 476 1461 amici
499 1401 545 1461 sui
565 1403 702 1481 speciales
719 1415 749 1463 et
761 1405 984 1482 compatriotae,

194 1500 279 1560 etiam
300 1500 329 1559 in
343 1493 396 1562 'die
414 1500 554 1564 adrentus
575 1505 621 1563 sni
640 1504 676 1563 ad
698 1502 807 1565 dictum
823 1504 984 1566 claustrum

192 1601 246 1661 sibi
262 1619 422 1681 perunum
444 1615 496 1665 ant
517 1615 560 1665 tot
582 1616 653 1683 quot
673 1605 713 1666 eis
736 1606 863 1685 placeret
894 1605 984 1666 millia

192 1719 331 1783 passuum
356 1714 437 1764 extra
457 1703 567 1766 Urbem
588 1707 775 1785 personaliter
799 1706 897 1768 venire
928 1706 983 1766 ob·

194 1804 271 1864 riam
304 1814 364 1864 aut
388 1804 531 1866 iamilinm
566 1824 647 1868 suam
676 1809 792 1883 mittere
821 1818 851 1869 et
886 1806 986 1870 deinde

192 1898 341 1980 ipsum,ot
356 1902 533 1981 praefertur,
554 1904 582 1963 in
607 1923 690 1968 mnne
710 1905 747 1964 ad
767 1904 913 1966 Palatium
929 1923 980 1965 as·

193 2003 305 2063 sociare
326 2002 441 2077 debere,
461 2016 490 2066 et
510 2025 603 2086 posse,
627 2007 800 2068 asserebant.
826 2005 911 2068 Tunc
929 2005 984 2068 SS.

194 2101 229 2163 Ι).
250 2100 284 2162 Ν.
300 2122 355 2182 pro
369 2105 450 2166 nobis
465 2107 589 2181 mittere,
603 2118 631 2168 et
647 2107 734 2186 quod,
750 2109 828 2170 circa
843 2111 986 2188 receptio-

196 2219 262 2262 nem
284 2220 427 2265 norornm
448 2204 645 2268 cardinalium
661 2211 689 2269 in
705 2210 787 2269 libris
808 2210 913 2270 nostris
931 2209 987 2270 lia-

193 2299 315 2364 beretor
337 2305 479 2383 quicquid
499 2305 637 2367 haetenus
659 2307 844 2370 observatum
858 2320 931 2370 esset
944 2326 985 2383 ,a

131 2452 135 2465 .
193 2400 274 2462 nobis
284 2403 456 2483 intelligere.
471 2405 525 2466 Die
537 2406 626 2485 igitur
636 2424 734 2492 xxrrrr.
746 2405 872 2485 januarii
887 2427 986 2469 coram

193 2499 351 2563 Sanctitate
366 2503 429 2563 Sua
448 2507 540 2566 vocati
555 2518 584 2567 et
605 2507 751 2568 constituti
770 2507 842 2569 ller.
856 2507 886 2568 in
898 2506 986 2568 cbri-

192 2612 237 2661 sto
244 2601 330 2663 Pater
336 2603 372 2663 Ι).
379 2604 504 2683 Augusti
511 2623 564 2665 nna
579 2608 729 2686 episcopus
743 2606 888 2668 Pientinns
899 2625 987 2686 prae·

194 2700 286 2763 iectus
303 2700 396 2764 Officii
416 2704 680 2779 caerimoniarum,
695 2718 722 2768 et
738 2725 810 2787 ego,
832 2708 986 2767 retulimus

193 2793 224 2862 8.
240 2804 318 2865 Suae
333 2821 407 2882 qnae
421 2803 576 2865 observata
592 2817 660 2866 snnt
679 2809 851 2885 antiquitus,
866 2816 895 2868 et
911 2825 985 2885 quae

191 2913 359 2984 atempore
378 2905 426 2966 iel.
449 2923 508 2965 ree.
538 2905 612 2967 Sixti
646 2905 742 2988 Papae
765 2906 981 2970 in‘abusionenr

192 3006 324 3068 deducta.
337 3005 503 3084 Antiquitas
518 3008 606 3081 enirn,
624 3017 714 3086 prout
732 3008 800 3068 libri
815 3009 917 3082 nostri,
933 3011 984 3086 qui

190 3108 253 3169 iere
267 3125 366 3169 ornnes
380 3111 409 3167 in
429 3107 574 3168 Franciae
594 3106 737 3187 partibus,
755 3126 806 3169 serr
829 3106 984 3183 drenione,

193 3208 327 3269 iabricnti
345 3219 422 3281 sont,
444 3207 586 3268 reserant:
601 3206 761 3268 cardinalis
776 3226 868 3269 noras
883 3225 934 3269 seu
950 3209 984 3272 de
1001 3254 1015 3283 ¹·

192 3310 282 3371 latere
301 3306 429 3387 [regatus
449 3307 486 3366 ad
507 3307 620 3369 Urbem
643 3310 758 3371 veniens
779 3310 841 3371 sire
856 3307 984 3384 rediens,

192 3428 245 3490 per
265 3411 377 3487 aliquot
396 3427 501 3491 pnnm,
523 3408 660 3471 videlicet
680 3423 808 3489 quatuor
823 3423 874 3472 ant
887 3413 985 3490 '‘qnin-

193 3529 251 3589 que
271 3511 409 3585 miliaria,
429 3509 638 3590 progredietur
657 3523 737 3572 estra
756 3511 877 3583 Urbem,
898 3522 927 3573 et
954 3513 983 3572 in

197 3629 280 3673 mane
301 3613 356 3673 iter
377 3610 506 3691 capiebat
530 3627 633 3671 versus
654 3610 786 3672 Urbem:
815 3610 982 3672 cardinales

193 3732 265 3775 vero
279 3731 377 3774 omnes
392 3713 420 3772 in
436 3713 534 3789 aliqua
555 3710 668 3790 platea,
689 3723 800 3791 portae,
814 3730 870 3790 qna
887 3730 979 3773 norns

193 3815 354 3878 Cardinalis
367 3832 418 3875 sen
436 3811 566 3895 [regatus
581 3813 776 3892 ingressurus,
791 3814 897 3886 ricino,
910 3830 983 3873 con·

191 3916 355 3989 veniebant,
368 3915 419 3976 nbi
434 3913 545 3993 equites
561 3913 695 3975 eumdem
712 3913 908 3993 expectabann
921 3930 982 3991 qno

192 4017 449 4097 appropinquante,
470 4014 581 4076 eribant
602 4015 656 4088 illi,
674 4025 702 4085 et
720 4025 868 4092 equestres
885 4015 979 4093 ipsum

193 4118 386 4196 colleqlnliter
406 4116 598 4196 recipiebant,
620 4126 650 4178 et
670 4115 756 4176 simul
777 4113 814 4174 nd
835 4113 980 4175 Palatium

194 4216 402 4278 conducebant.
418 4216 463 4277 Ab
482 4217 596 4296 aliquot
617 4217 699 4277 annis
720 4232 792 4276 vero
806 4215 892 4285 citra,
907 4213 983 4276 car·

194 4315 302 4378 dinales
312 4316 340 4376 in
354 4313 521 4392 hujusmodi
534 4317 656 4378 habenas
670 4318 847 4388 relaxarunt,
862 4326 890 4376 et
901 4313 999 4376 noris'

194 4415 280 4478 Card.
307 4435 359 4478 seu
380 4415 496 4496 legatis
518 4417 694 4479 venientibus
713 4416 749 4476 ad
774 4416 884 4478 Urbem
892 4416 982 4477 etiarn

198 4527 265 4578 ante
291 4517 365 4578 diem
400 4521 546 4597 ingressus
570 4533 674 4578 eornm
701 4517 738 4576 ad
764 4517 984 4589 consistorium,

197 4617 312 4678 obviarn
341 4627 483 4678 venerunt
513 4618 660 4697 sigillatim
688 4618 803 4696 quidam
830 4635 883 4699 per·
918 4636 984 4691 sex,

196 4718 336 4796 quinque,
355 4718 400 4778 vel
412 4717 508 4796 plura,
519 4718 609 4796 aliqui
620 4717 678 4779 duo
689 4719 735 4781 rel
746 4737 837 4779 unum
849 4718 984 4792 miliaria,

194 4821 244 4880 alii
271 4836 355 4880 snanr
382 4817 519 4881 familiam
546 4822 685 4882 miserunt
706 4865 714 4894 ,
739 4820 816 4899 qnod
843 4838 907 4905 non·
925 4821 984 4880 sine

195 4930 263 4997 nota
274 4919 592 5000 gravitatisTernpore
602 4929 715 4982 sanctae
728 4919 932 4982 recordationis
939 4918 984 4980 Pii

1053 690 1183 756 oliverio
1203 694 1398 776 Neapolitano,
1408 706 1542 776 >tempore
1557 696 1641 757 Pauli
1655 696 1795 771 Secundi,
1806 709 1832 758 ea

1052 793 1097 854 Jo.
1128 795 1330 859 Mediolanensi
1358 795 1575 871 cardinalibus,
1597 810 1728 878 tempore
1764 796 1833 858 Sitti

1052 889 1192 971 praedicti
1212 891 1248 951 ad
1270 891 1380 954 Urbem
1405 894 1599 968 venientbus3
1629 897 1679 958 sed
1707 915 1777 959 curn
1801 896 1833 960 de

1052 1008 1147 1054 rueme
1160 992 1298 1054 febroarii
1310 1008 1545 1057 acccenmrr.
1566 995 1604 1056 lt.
1619 996 1656 1056 Ι).
1678 995 1836 1058 cardinalis

1051 1089 1317 1170 nonagenariam
1338 1095 1478 1174 legatione
1507 1115 1560 1167 soa
1580 1096 1615 1158 de
1631 1097 1758 1158 Francia
1788 1115 1836 1157 re·

1052 1189 1149 1252 diisset
1165 1191 1194 1251 in
1210 1195 1401 1274 sero,«plures
1414 1195 1551 1257 titane.
1564 1196 1732 1259 cardinales
1747 1200 1835 1276 ipsun

1052 1289 1188 1355 abeston
1210 1311 1301 1372 nsque
1321 1293 1359 1363 ad
1379 1294 1514 1358 Sanctam
1533 1297 1654 1357 Mariam
1669 1296 1707 1359 de
1725 1296 1835 1376 Populo

1052 1391 1258 1467 conduxerunt.
1270 1394 1364 1468 idem,
1379 1406 1412 1456 nt
1427 1396 1552 1459 intellexi
1562 1398 1599 1459 de
1612 1398 1750 1479 pluribus
1768 1398 1836 1471 aliis,

1054 1491 1184 1553 videlicet
1199 1494 1386 1574 temporePii
1404 1495 1540 1570 Secundi,
1561 1499 1591 1559 in
1611 1498 1740 1559 adventu
1750 1499 1836 1559 Atra·

1053 1592 1174 1655 batensis
1185 1596 1263 1658 etDe
1274 1595 1405 1671 Libreto,
1417 1600 1466 1677 qui
1483 1601 1568 1661 simul
1589 1619 1623 1663 ex
1644 1600 1773 1662 Francia
1789 1619 1835 1662 re·

1052 1706 1167 1769 nerunt,
1181 1709 1221 1767 et,
1242 1709 1276 1757 ut
1295 1715 1393 1780 omnes
1408 1698 1501 1778 Reges
1510 1700 1665 1776 anciae,
1678 1702 1710 1762 in
1724 1700 1834 1781 publica

1052 1798 1120 1862 ania
1146 1807 1226 1859 retro
1252 1795 1397 1859 bancbum
1412 1797 1667 1880 ‘Presbyternrnm
1694 1800 1834 1862 cardina-

1054 1897 1126 1958 lium
1151 1906 1257 1958 stantes
1282 1897 1312 1956 in
1338 1898 1454 1977 publico
1474 1898 1662 1976 comistorio,
1677 1901 1834 1962 orationem

1053 1996 1227 2070 babuerunt,
1242 2006 1271 2057 et
1286 1995 1486 2077 Pragmaticae
1508 1999 1659 2064 Sanctioni
1680 2000 1833 2062 monacis·

1055 2108 1143 2171 runt;
1164 2096 1276 2170 deinde,
1296 2108 1389 2161 stante
1410 2099 1621 2176 consistorin,a
1643 2103 1777 2180 praefato
1790 2100 1834 2162 Pio

1054 2202 1150 2279 pileati
1166 2202 1285 2262 inerunt
1295 2223 1305 2275 3
1316 2201 1390 2264 idem
1407 2204 1436 2263 in
1452 2204 1576 2289 adventu
1595 2205 1791 2288 constantien.
1807 2224 1833 2267 ex

1054 2302 1158 2363 eisdem
1179 2301 1311 2383 partibus
1325 2303 1381 2364 init
1397 2304 1595 2379 obsecratum,
1604 2317 1634 2367 et
1654 2296 1692 2367 de
1708 2305 1833 2386 pluribus

1054 2403 1224 2485 aliis,etinm
1236 2390 1496 2483 temperamenta
1516 2404 1626 2478 Quinti,
1641 2417 1735 2485 prout
1755 2404 1791 2465 R.
1805 2406 1835 2466 Ι).

1054 2502 1213 2565 cardinalis
1228 2502 1327 2564 Sancti
1339 2504 1431 2566 ldarci
1444 2505 1523 2565 nobis
1538 2505 1647 2566 retulit.
1663 2503 1778 2574 Quibus
1791 2524 1833 2585 per

1055 2603 1110 2665 88.
1126 2604 1164 2663 Ι).
1179 2602 1213 2664 Ν.
1232 2605 1394 2677 intellectis,
1411 2593 1520 2684 placuit
1537 2604 1636 2665 Sanct.
1659 2604 1752 2678 Suae,
1766 2603 1833 2683 qood

1055 2703 1164 2783 primae
1185 2715 1214 2765 et
1234 2704 1368 2781 antiquae
1387 2705 1575 2766 caerimoniae
1592 2705 1832 2769 observarentur:

1056 2805 1149 2867 soluit
1170 2815 1264 2864 tamen
1279 2803 1420 2865 Sanctitas
1440 2804 1501 2866 Sua
1523 2797 1600 2884 quod
1616 2819 1744 2867 mentem
1761 2824 1834 2869 suern

1054 2905 1082 2965 in
1103 2907 1268 2984 praemissis
1287 2904 1350 2963 lili.
1370 2907 1622 2981 vicecancellario,
1641 2892 1833 2988 Neapolitano,

1053 3005 1154 3067 Sancti
1175 3005 1288 3081 Marci,
1304 2993 1532 3086 ‘'audegavensh
1550 3007 1778 3082 Mediolanensi,
1797 3008 1835 3070 U·

1054 3107 1210 3169 lisbonenai
1226 3151 1236 3180 ,
1255 3119 1285 3169 et
1310 3108 1344 3169 da
1366 3106 1488 3168 Sabellis
1508 3108 1717 3171 Cardinalibus
1730 3106 1834 3189 signid-

1053 3226 1205 3280 caremns,
1227 3219 1376 3271 eteorum
1397 3209 1563 3271 sententiam
1588 3209 1745 3271 Sanctitati
1766 3210 1834 3271 Suae

1052 3309 1152 3372 deinde
1169 3306 1352 3371 refricamus.
1370 3309 1485 3371 Placuit
1501 3308 1589 3393 igitur
1608 3310 1743 3373 omnibus
1756 3328 1835 3390 prae·

1051 3410 1117 3471 latis
1139 3409 1204 3470 litt.
1221 3409 1283 3469 tit).
1304 3420 1371 3470 octo
1391 3409 1592 3472 cardinalibus
1613 3410 1669 3472 88.
1682 3411 1719 3472 Ι).
1743 3411 1832 3472 llostri

1052 3510 1146 3592 Papae
1159 3511 1336 3584 deliberatio,
1356 3527 1443 3589 quanr
1454 3522 1483 3571 et
1496 3520 1696 3592 acceptarunt,
1714 3524 1744 3574 et
1764 3512 1833 3573 San·

1053 3612 1143 3673 ctitati
1156 3611 1236 3672 Suae
1247 3622 1425 3691 propterea,
1447 3612 1526 3690 qnod
1548 3610 1718 3689 hujusmodi
1729 3617 1771 3676 rei
1786 3632 1835 3675 co·

1052 3731 1116 3773 rant
1129 3711 1272 3785 babuerit,
1280 3712 1391 3791 gratias
1401 3710 1652 3791 egeruntddjecit
1664 3726 1760 3778 tamen
1766 3712 1834 3775 itt).

1051 3812 1089 3873 Ι).
1113 3811 1287 3876 cardinalis·
1305 3811 1518 3892 Andegarensis
1536 3814 1614 3875 dicto
1629 3833 1685 3877 suo
1711 3815 1790 3895 quod
1810 3814 1834 3873 in

1053 3914 1138 3993 pleno
1159 3911 1330 3974 consistorio
1350 3911 1541 3974 deliberatam
1563 3913 1663 3977 inisset
1678 3918 1774 3995 ipsum
1791 3933 1835 3975 sn-

1053 4015 1126 4087 lnm,
1137 4025 1285 4090 tamquam
1301 4013 1522 4092 compatriotam
1544 4015 1666 4094 praeisti
1682 4015 1836 4077 cardinalis

1052 4115 1087 4176 de
1107 4114 1200 4187 Faxo,
1221 4112 1336 4174 obriain
1358 4115 1401 4175 ire
1422 4113 1525 4176 debere
1535 4136 1546 4187 ;
1568 4127 1723 4196 propterea
1742 4115 1835 4189 mirari

1053 4213 1187 4277 Sanctiss.
1207 4213 1243 4275 D.
1264 4212 1298 4274 Ν.
1320 4214 1359 4275 ita
1382 4215 1416 4275 rle
1430 4215 1507 4276 iacili
1519 4215 1753 4278 deliberationem
1771 4235 1839 4278 con·

1053 4319 1224 4379 sistorialem
1236 4335 1375 4377 revocare
1386 4326 1414 4376 et
1424 4317 1479 4377 alia
1490 4317 1585 4397 plura.
1601 4317 1694 4397 lgitnr
1709 4318 1745 4380 de
1759 4337 1839 4379 nran-

1053 4403 1120 4480 dnto
1142 4416 1255 4478 88)).
1277 4415 1311 4477 Ν.
1339 4417 1502 4479 intimatum
1535 4417 1590 4479 init
1623 4419 1745 4498 singulis
1776 4419 1842 4479 llll.

1053 4520 1115 4580 tii).
1135 4516 1334 4580 Cardinalibns
1364 4537 1418 4596 per·
1448 4508 1583 4580 cursores
1604 4519 1650 4581 die
1670 4519 1821 4581 Dominica
1834 4562 1855 4590 ‚

1052 4635 1149 4682 xxrrr.
1182 4616 1287 4677 mensis
1308 4614 1435 4694 januarii
1464 4617 1615 4698 praedicti,
1631 4620 1721 4697 ¹quod
1747 4622 1870 4683 nullos

1053 4735 1155 4780 eorum
1175 4715 1233 4777 «rel
1264 4716 1374 4791 radat,
1399 4718 1444 4778 rel
1468 4735 1549 4778 stram
1582 4717 1722 4780 ramittam
1750 4723 1885 4782 mittat

1053 4819 1169 4891 obviarn
1189 4817 1226 4878 ll.
1248 4817 1283 4879 Ι).
1307 4817 1456 4880 cardinali
1475 4819 1510 4882 de
1529 4819 1624 4892 Fuso,
1638 4821 1689 4881 illo
1704 4828 1772 4884 sero
1793 4839 1889 4885 ref

1053 4918 1142 4981 nienti
1162 4919 1199 4980 ad
1220 4919 1385 4982 claustrum
1400 4919 1524 5004 Sanctae
1542 4920 1651 4984 blaciae
1670 4922 1706 4983 de
1720 4923 1867 5005 Popula)

197 5020 334 5093 Secundi,
355 5019 480 5094 eSenis,
502 5039 570 5081 cum
591 5020 626 5080 lt.
645 5021 682 5080 Ι).
698 5017 857 5081 cardinalis
872 5019 984 5081 Seiren-
1055 5021 1123 5098 quia
1144 5031 1187 5081 est
1205 5028 1307 5081 contra
1327 5009 1459 5098 antiquas
1480 5033 1510 5082 et
1530 5022 1618 5084 bonas
1638 5025 1850 5086 caerimoniam

196 5121 235 5179 sis
249 5130 279 5181 et
291 5119 381 5180 bonne
398 5121 553 5182 memoriae
573 5119 732 5182 cardinalis
750 5119 902 5181 Rninutlus
915 5131 984 5185 tunc

194 5222 309 5281 noviter
343 5224 432 5283 creati
459 5221 569 5283 Urbem
602 5231 708 5283 essent·
723 5219 879 5293 intraturi,
900 5238 984 5283 neruo

196 5317 407 5396 Cardinalium,
418 5333 583 5385 aureorum
596 5320 772 5384 familiarum
786 5320 854 5417 ipsis
868 5322 983 5384 obviarn

1054 5122 1103 5183 sed
1123 5122 1252 5200 sequenti
1274 5122 1319 5184 die
1344 5121 1420 5183 bono
1441 5141 1524 5185 mane
1555 5123 1661 5185 radant
1680 5145 1785 5189 omnes
1808 5147 1824 5186 n
1861 5123 1890 5167 'l

1054 5223 1164 5286 dictum
1187 5225 1349 5284 claustrum
1371 5221 1494 5285 Sanctae
1518 5223 1626 5287 Maniae
1648 5225 1683 5287 de
1702 5226 1832 5307 ‘Populo
1885 5275 1888 5280 r

1052 5336 1082 5388 et
1102 5325 1141 5387 ibi
1164 5323 1303 5404 recipiant
1332 5324 1514 5403 praedictum
1540 5313 1577 5386 lt.
1600 5326 1887 5392 l).·car·dlnale1¹¹
