3758 6030
160 216 223 279 Bi!

161 348 294 410 humeris
318 348 388 409 dicti
409 347 520 409 loiredi
539 348 685 429 imposuit,
707 362 736 412 et
754 351 846 429 ipsum
860 350 954 410 socie·

162 452 214 511 lati
234 447 402 526 hujusmodi
423 449 594 511 llermellini
609 452 786 531 aggregavit.
818 450 953 511 Postmo-

163 549 232 609 dam
252 570 303 630 per
325 553 409 611 aliam
439 550 570 611 cedulam
590 552 678 611 simili
712 553 797 612 modo
818 569 953 631 pronun·

164 653 292 723 clatum,
314 661 344 712 et
365 652 604 731 proclamatum:
621 653 683 713 Rex
715 654 751 714 ob
773 655 952 731 singularem

163 752 340 813 allectionem
366 765 420 812 etc.
442 753 532 825 iecit,
564 755 712 814 constitnit
733 765 788 815 etc.
812 751 953 832 magnili-

164 869 234 911 cnm
266 853 302 912 D.
335 851 478 913 Gentilem
513 854 675 932 virginiam
707 854 742 914 tle
773 853 886 915 Ursinis
921 852 954 912 de

165 950 260 1012 Domo
287 954 468 1031 aragoniae,
498 964 528 1013 et
558 954 704 1015 Grandem
735 953 954 1016 Contestabilem

168 1051 271 1131 Regni.
294 1054 409 1131 lnsigna
427 1063 522 1113 autem
539 1064 597 1126 tam
620 1056 684 1116 Don
702 1054 847 1127 infredo,
868 1070 954 1132 quam

168 1151 274 1214 Gentili
294 1154 427 1233 virginio
441 1153 565 1215 Grandis
583 1155 826 1217 Contestabilatas
847 1151 955 1231 hujus-

168 1255 246 1315 modi
263 1272 319 1314 non
338 1245 427 1326 dedit,
447 1256 529 1332 qaia,
543 1255 599 1315 illis
615 1256 751 1336 receptis,
769 1254 887 1316 debeant
905 1273 956 1337 per

168 1356 316 1418 civitatem
336 1375 353 1414 a
371 1356 534 1416 Beronibus
551 1357 688 1417 associari
707 1358 859 1437 equitatai3
879 1354 956 1433 qaod

169 1454 254 1516 hodie
273 1466 394 1536 propter
411 1457 615 1534 equitationem
636 1456 722 1536 Regis
744 1456 808 1517 tieri
827 1474 882 1516 non
903 1473 958 1535 po·

170 1557 248 1631 luit,
265 1557 313 1619 sed
330 1557 366 1616 ad
392 1558 481 1617 aliam
502 1557 577 1618 diem
598 1558 654 1618 hoc
674 1559 846 1619 reservavit.
865 1557 958 1618 Creo-

171 1658 213 1719 rit
231 1670 294 1738 post
313 1658 368 1718 hoc
384 1658 458 1718 idem
479 1658 540 1719 Rex
562 1675 642 1720 xvir.
659 1661 731 1729 alios
747 1659 863 1734 milites,
882 1677 958 1736 qao·

171 1777 238 1819 ram
261 1759 379 1819 cuilibet
393 1762 505 1838 galeam
524 1761 681 1840 imposuit,
711 1773 739 1821 et
761 1779 829 1822 cam
850 1770 958 1841 puncta

170 1860 244 1920 ensis
265 1862 393 1936 singulos
412 1862 484 1920 inter
507 1878 608 1920 aurem
630 1862 798 1932 sinistram,
829 1872 858 1921 et
879 1879 960 1919 surn-

172 1959 300 2020 mitatem
320 1962 419 2038 galeae
437 1961 547 2039 tetigit,
563 1962 658 2022 dicens
676 1961 813 2040 singulis:
824 1961 919 2022 iddio
929 1974 960 2023 et

173 2059 241 2119 Son
262 2061 398 2140 Giorpio
419 2062 445 2120 ti
466 2063 572 2142 soccia
590 2064 673 2123 ouon
690 2064 910 2124 conciliarent
924 2063 961 2121 il-

172 2160 210 2221 lis
226 2162 274 2238 qui
294 2162 420 2222 collanas
439 2162 608 2235 offerebant,
629 2164 692 2222 illas
710 2163 838 2224 humeris
858 2180 960 2223 eoram

170 2263 327 2342 imposuit,
348 2262 397 2323 sed
416 2264 529 2323 nullam
549 2282 651 2324 eoram
669 2263 704 2324 de
724 2265 860 2325 socictate
881 2264 961 2324 Stel·

169 2365 214 2424 lae
235 2364 278 2423 vel
299 2363 470 2424 Hermellini
488 2364 565 2424 iecit.
580 2363 698 2424 Primus
717 2365 863 2425 dictorum
878 2381 959 2425 xvir.

168 2461 225 2523 init
245 2463 397 2524 lohannes
416 2464 451 2524 de
467 2464 604 2544 Sanginio
623 2466 727 2526 nobilis
745 2465 961 2544 Neapolitanus,

169 2563 357 2626 Camerarius
385 2563 490 2644 Regis,
512 2577 551 2637 et,
572 2577 605 2625 at
621 2568 730 2640 credo,
755 2570 858 2630 tertios
879 2569 961 2628 hiar-

136 2721 141 2728 .
171 2666 285 2726 tinellas
301 2665 389 2744 Regis
407 2666 548 2746 Magister
565 2667 756 2728 iustitiaeias.
775 2669 884 2730 Creatis
904 2672 962 2730 mi·

171 2765 272 2825 litibus
287 2765 468 2844 hujusmodi,
487 2767 616 2828 surrexit
635 2767 707 2839 Rex,
726 2779 755 2830 et
770 2768 896 2849 Legatos
911 2773 961 2848 qai

173 2867 267 2946 ipsam
287 2867 396 2947 Regem
419 2886 509 2946 usque
529 2869 564 2928 ad
577 2880 699 2948 portam
717 2871 878 2941 ecclesiae,
903 2872 961 2932 imo

172 2979 253 3030 extra
269 2982 383 3050 portam
392 3015 400 3042 ,
410 2989 427 3028 a
439 2971 538 3031 dextra
545 2971 635 3050 Regis
645 2972 788 3044 incedens,
800 2973 962 3046 associavit,

155 3089 156 3093 ’
172 3071 356 3149 sequentibus
368 3072 503 3150 praelatis
514 3074 542 3130 in
554 3091 657 3132 eoram
672 3075 821 3134 mantellis.
831 3074 893 3135 Rex
905 3075 963 3133 ibi·

174 3171 368 3250 dem,Legato
381 3183 522 3250 presente,
532 3174 659 3234 ascendit
671 3192 791 3251 equam,
804 3171 891 3249 cujas
900 3175 962 3236 ire·

174 3291 255 3344 nuni,
275 3275 436 3353 pectorale,
455 3286 484 3335 et
511 3293 656 3354 groppera
675 3277 763 3354 perlis
793 3278 821 3334 in
844 3276 962 3355 copioso

175 3391 296 3434 numero
322 3386 425 3435 ornata
449 3385 549 3447 erant,
567 3388 595 3436 et
623 3377 729 3455 pallam
749 3377 962 3455 perstringam

174 3491 229 3533 sao
260 3474 351 3552 digito
378 3477 510 3535 annulari
536 3494 638 3535 manas
659 3477 791 3539 sinistrae
809 3478 874 3539 lecit
891 3480 964 3540 alla·

175 3573 252 3652 gari,
270 3586 415 3653 sceptrum
435 3577 465 3634 in
488 3576 604 3637 dextera
625 3579 728 3650 ter-eris,
747 3590 775 3640 et
793 3579 846 3638 sab
864 3578 965 3638 balda·

178 3675 279 3747 ahino,
305 3676 383 3754 quod
413 3678 541 3737 barones
561 3680 736 3757 portabant,
754 3682 894 3758 equitavit
914 3701 964 3762 per

180 3789 284 3838 stratas
304 3779 464 3858 designatas
486 3778 523 3838 od
545 3782 681 3859 palatium
714 3800 811 3842 suam.
836 3781 965 3861 Legatas
1003 3786 1005 3788 ’

180 3898 214 3940 ex
249 3880 367 3942 ecclesia
387 3882 473 3942 rediit
500 3883 535 3941 ad
556 3884 691 3962 palatium
723 3883 965 3964 archiepiscopale

182 3981 365 4043 habitationis
385 4002 470 4056 sane,
494 3994 523 4044 et
544 3985 664 4062 praelati
698 3984 734 4043 ad
767 3984 869 4045 domas
899 4003 965 4044 suas

181 4082 311 4144 iverunt.
340 4084 536 4147 interfuerunt
563 4087 741 4146 coronationi
769 4086 964 4165 praedictaea

183 4183 327 4262 principio
357 4184 402 4243 ad,
424 4182 508 4245 linem
539 4197 567 4245 et
597 4199 795 4247 convenerant
825 4188 860 4246 D.
892 4187 964 4246 Phi·

183 4282 306 4342 libcrtus
327 4283 470 4346 llatnrelli
494 4284 604 4347 Orator
625 4289 764 4348 Sereniss.
784 4288 966 4349 blaxitniliani

182 4381 383 4444 Romanorum
405 4385 510 4465 Regis,
529 4388 700 4466 ltlagniiicas
718 4390 754 4450 l).
775 4389 885 4449 Paulas
904 4391 966 4452 Ur-

181 4484 262 4543 sinus
281 4485 435 4562 atriasqac
453 4487 532 4547 ,laris
550 4487 659 4549 Doctor
672 4488 783 4550 Orator
800 4491 885 4551 dacis
903 4491 967 4554 lte·

184 4583 307 4658 diciaci,
324 4595 353 4646 et
364 4586 399 4644 D.
410 4586 564 4665 Dionysius
581 4589 706 4651 Paccius
724 4590 832 4653 Orator
844 4595 968 4654 Floren-

185 4686 325 4757 tinorum,
338 4687 442 4764 quibus
460 4706 476 4746 a
496 4688 639 4768 principio
650 4693 734 4754 officii
745 4696 841 4754 locam
857 4694 921 4754 dedi
940 4697 967 4755 in

181 4806 299 4848 scamno
317 4806 374 4866 pro
389 4789 429 4848 eis
448 4800 572 4869 parato,
602 4791 651 4849 abi
670 4792 821 4869 sederant3
853 4797 900 4857 sed
921 4797 968 4856 in·

185 4897 287 4968 coepto
303 4890 397 4948 oilieio
411 4908 458 4950 me
475 4903 609 4954 vocantes
623 4893 755 4954 dixerant
771 4897 866 4957 locam
886 4899 968 4957 illam

181 4970 248 5069 ipsis
267 5008 324 5049 nort
349 4992 503 5052 convenire
522 5011 589 5053 cam
610 4994 666 5054 sint
685 4992 804 5070 majoris
824 4999 969 5077 temporis,

181 5101 210 5151 et
236 5092 319 5169 longe
346 5093 485 5173 episcopis
516 5098 672 5175 postpositi.
695 5097 838 5177 Respondi
860 5100 890 5158 in
914 5076 969 5160 hoc

179 5201 247 5252 acta
266 5192 412 5272 episcopos
431 5193 498 5273 ipsis
513 5197 596 5276 louge
610 5198 733 5277 majores
750 5219 810 5261 esse
829 5218 897 5260 cam
916 5202 972 5262 sint

182 5289 269 5352 simul
291 5312 358 5353 cam
378 5293 487 5374 [legato
506 5311 709 5377 cooperatores
728 5312 757 5363 et
775 5312 969 5365 coronatores.

631 213 914 280 contumacus
936 214 1160 278 tumtunm
1179 215 1306 277 satiri.

1700 209 1809 293 (rior)

1020 348 1088 409 Post
1110 350 1234 409 moltam
1252 349 1415 427 importune
1436 364 1482 406 me
1503 345 1651 417 vicerunt,
1671 343 1750 421 qaod
1769 346 1809 406 eis

1021 450 1117 511 locam
1143 449 1207 509 dedi
1228 449 1257 509 in
1276 451 1379 527 quinto
1397 465 1513 508 scamno
1533 446 1751 525 praelatorum,
1774 446 1809 505 ad

1021 549 1166 610 dexteram
1197 549 1388 609 descendentis
1409 548 1575 618 tribunam,
1596 547 1728 607 videlicet
1759 546 1810 606 illo

1021 668 1107 710 muro
1139 649 1270 708 tribunae
1304 650 1463 728 contiguo;
1496 659 1523 709 et
1551 647 1693 727 praelatos
1724 646 1752 703 in
1776 664 1810 706 eo

1021 752 1147 812 sedentes
1166 751 1277 810 adalia
1297 769 1411 811 scamna
1432 751 1550 822 locavi3
1570 748 1618 809 sed
1637 748 1734 807 adhuc
1755 765 1811 808 non

1022 854 1147 913 contenti
1168 851 1282 911 inacta
1303 853 1496 912 coronationis
1516 862 1595 910 retra
1617 848 1727 927 Regem
1747 847 1811 907 iae·

1023 963 1108 1024 rant,
1128 961 1161 1011 at
1192 953 1293 1013 melius
1323 952 1510 1025 viderentur,
1540 950 1639 1011 deinde
1669 949 1705 1008 ad
1737 947 1811 1007 idem

1022 1072 1171 1115 scamnum
1198 1053 1351 1126 sederant,
1377 1053 1509 1114 videlicet
1539 1054 1667 1130 quinque
1695 1050 1811 1130 praela-

1022 1165 1120 1215 tocam
1134 1153 1295 1227 redierant,
1316 1163 1346 1214 et
1362 1153 1389 1212 in
1403 1171 1438 1215 eo
1453 1162 1673 1233 permanserunt
1689 1196 1698 1225 ,
1720 1170 1813 1231 usqne

1023 1254 1060 1315 ad
1080 1254 1165 1317 linem
1187 1255 1290 1316 blissae
1312 1266 1367 1315 etc.
1391 1256 1420 1314 in
1442 1254 1559 1315 civitate
1581 1254 1771 1332 neapolitana.

1026 1401 1186 1417 ......
1202 1355 1300 1417 Ι)...
1324 1399 1331 1415 .
1355 1401 1362 1416 .
1387 1401 1394 1415 .
1418 1400 1425 1415 .
1448 1355 1626 1433 gubernator
1648 1354 1815 1415 cataloniae

1025 1456 1136 1520 Orator
1157 1459 1243 1537 Regis
1265 1468 1294 1518 et
1315 1455 1444 1536 Reginae
1459 1456 1677 1535 Hispaniarum,
1699 1456 1750 1533 qai
1765 1465 1813 1514 ta·

1025 1578 1090 1620 men
1112 1560 1206 1619 uoluit
1228 1557 1408 1618 coronationi
1431 1559 1565 1618 interesse
1592 1568 1714 1637 propter
1736 1554 1815 1617 Ora·

1026 1670 1119 1720 torem
1140 1658 1229 1737 Regis
1248 1658 1447 1718 Romanorum
1463 1702 1472 1727 ,
1493 1659 1542 1718 cai
1558 1658 1672 1720 nolebat
1688 1663 1814 1734 cedere,

1025 1761 1073 1822 sed
1094 1761 1188 1839 ipsam
1203 1758 1375 1838 praecedere
1392 1759 1515 1832 volebat;
1535 1769 1655 1838 propter
1671 1758 1751 1838 qaod
1766 1778 1816 1819 ro-

1026 1872 1111 1940 gatas
1132 1859 1189 1920 luit
1211 1877 1262 1938 per
1284 1860 1319 1918 D.
1340 1859 1535 1932 Fridericum,
1555 1859 1634 1936 quod
1656 1876 1714 1920 non
1738 1859 1816 1919 veni·

1028 1971 1089 2034 ret,
1111 1972 1201 2040 prout
1222 1960 1299 2020 iecit.

1070 2061 1268 2121 laterinerunt
1286 2057 1397 2120 Orator
1417 2059 1516 2140 lliagni
1531 2058 1648 2120 Tarcae
1663 2077 1733 2120 cam
1749 2079 1817 2139 per·

1027 2155 1103 2223 sonis
1123 2181 1184 2224 xta.
1209 2164 1253 2222 vel
1276 2162 1371 2234 circa,
1391 2161 1442 2238 qai
1463 2163 1561 2221 locnm
1579 2160 1746 2220 habuerant
1763 2179 1815 2220 su·

1028 2284 1080 2343 pra
1103 2282 1207 2324 navem
1230 2262 1430 2324 collateralem
1454 2263 1591 2322 ecclesiae
1619 2261 1655 2319 ad
1684 2262 1814 2322 dextram

1029 2365 1213 2436 intrantium,
1238 2375 1344 2437 retro,
1365 2375 1395 2425 et
1415 2361 1503 2442 suprd
1526 2364 1652 2444 gradum
1675 2365 1705 2424 ia
1728 2364 1817 2425 choro

1029 2467 1237 2527 canonicorum
1264 2464 1300 2523 ad
1322 2466 1401 2525 illam
1433 2482 1550 2524 monam
1571 2476 1734 2543 paratum,
1766 2466 1812 2542 qai

1029 2577 1196 2626 manserunt
1217 2567 1246 2624 in
1273 2567 1415 2639 ecclesia,
1437 2567 1586 2643 usquead
1608 2567 1813 2645 praelationem

1029 2668 1057 2727 in
1079 2668 1164 2728 illissa
1183 2667 1281 2739 dicto,
1303 2685 1391 2745 quarn
1413 2684 1480 2727 cam
1503 2664 1631 2745 Legatas
1649 2666 1761 2728 diceret
1779 2667 1819 2725 isi

1029 2769 1065 2829 ad
1086 2769 1219 2847 Regem,
1239 2777 1268 2829 et
1301 2768 1359 2827 dixi
1390 2765 1533 2844 Molestati
1554 2768 1632 2829 Suae
1655 2769 1736 2845 quod
1769 2785 1819 2827 ne·

1030 2888 1176 2947 quaquam
1208 2871 1376 2931 cotrvenicet
1407 2869 1529 2930 Tarcho
1563 2871 1599 2929 ad
1628 2871 1818 2932 elevationem

1030 2971 1211 3033 Sacramenti
1243 2971 1272 3030 in
1299 2970 1421 3031 ecclesia
1443 2989 1525 3044 esse,
1560 2973 1610 3048 qui
1640 2973 1728 3033 vellet
1750 2990 1820 3052 pro·

1031 3083 1129 3151 pterea
1157 3073 1198 3132 eis
1229 3070 1361 3129 mandari
1391 3071 1492 3157 'iacere
1514 3080 1546 3130 at
1577 3071 1710 3144 exirent3
1745 3071 1821 3150 quod

1030 3174 1125 3235 statim
1148 3173 1239 3246 iacit,
1259 3183 1288 3234 et
1306 3185 1497 3234 recesserant.
1523 3173 1721 3234 interfuerant
1734 3176 1819 3234 etiam

1031 3276 1210 3336 coromtioni
1243 3272 1410 3350 hujusmodi
1432 3277 1478 3336 lll.
1511 3275 1546 3334 l).
1581 3276 1702 3348 inians,
1737 3293 1820 3335 soror

1031 3376 1108 3455 regis
1127 3376 1266 3455 Alphonsi
1296 3379 1450 3449 coronati,
1471 3387 1501 3438 et
1521 3377 1610 3456 ipsias
1637 3378 1718 3456 regis
1741 3375 1820 3450 filia,

1033 3497 1106 3555 qaae
1127 3488 1270 3538 steterant
1291 3478 1320 3537 in
1342 3479 1436 3558 capite
1459 3480 1539 3538 navis
1558 3478 1668 3540 mediae
1691 3478 1727 3537 ad
1750 3478 1822 3538 sini·

1032 3590 1123 3638 stram
1145 3581 1283 3641 ecclesiae
1299 3582 1488 3654 intrantium,
1510 3581 1593 3659 quasi
1614 3598 1705 3661 sopra
1727 3581 1823 3641 thala·

1034 3700 1115 3740 mum
1138 3683 1236 3759 regis,
1257 3694 1286 3741 et
1308 3681 1398 3743 rideri
1420 3700 1476 3742 non
1498 3692 1655 3760 potuerunt
1676 3684 1745 3760 qaia
1770 3682 1823 3741 ha-

1032 3780 1136 3841 bebant
1158 3801 1257 3842 coram
1272 3803 1301 3842 se
1316 3784 1452 3862 gelasias,
1474 3793 1593 3863 propter·
1615 3784 1726 3844 obitam
1750 3786 1822 3863 regis

1033 3882 1228 3954 Ferdinandi,
1252 3895 1370 3963 propter
1392 3884 1470 3962 qaod
1490 3885 1533 3946 eis
1552 3886 1580 3943 in
1602 3884 1756 3963 publicam
1772 3865 1822 3944 ve·

1034 3986 1096 4045 nire
1132 4002 1189 4044 non
1228 3984 1339 4046 licebat.
1378 3985 1577 4045 interfuerunt
1612 3986 1700 4044 etiam
1734 3986 1822 4047 eidem

1034 4085 1213 4145 coronationi
1247 4087 1369 4164 praelati
1405 4086 1523 4166 parati:
1556 4095 1640 4146 erant
1675 4086 1823 4149 videlicet:

1033 4185 1125 4246 Revr.
1150 4184 1207 4244 PP.
1230 4185 1293 4245 OD.

1076 4285 1236 4346 Alexander
1270 4285 1511 4365 Archiepiscopns
1544 4285 1752 4365 Neapolitanus
1787 4318 1824 4328 -

1033 4387 1178 4448 lordanas
1199 4385 1371 4446 Patriarcha
1398 4387 1594 4447 Antiochenus
1619 4386 1826 4465 Archiepisco·

1034 4508 1089 4569 pus
1122 4489 1278 4566 Capuanus
1310 4518 1349 4533 -
1384 4485 1551 4566 Stephanus
1581 4487 1823 4567 Arcbiepiscopas

1035 4590 1216 4650 Patracensis
1237 4589 1386 4668 episcopus
1420 4586 1611 4649 Torcellanus
1632 4621 1674 4634 --
1701 4589 1825 4649 Vincen-

1037 4690 1094 4751 tins
1118 4689 1360 4778 acchiepiscopus
1380 4688 1592 4750 acherontinus
1615 4720 1653 4733 -
1681 4688 1827 4750 Robertns

1036 4790 1278 4869 Archiepiscopaa
1291 4789 1518 4851 Brindesinensis
1534 4823 1572 4834 -
1587 4789 1752 4852 Alexander
1768 4796 1825 4850 Ar-

1037 4890 1234 4970 chiepiscopus
1257 4890 1288 4950 S.
1311 4889 1467 4952 Severime
1491 4924 1528 4935 —
1552 4891 1672 4952 blarcus
1701 4891 1825 4952 Archia·

1038 4994 1173 5072 piscopos
1205 4991 1405 5070 Rhegynensis
1426 5025 1467 5037 -
1499 4991 1647 5053 Menelaus
1673 4989 1826 5069 Archiepi-

1038 5114 1142 5176 scopos
1168 5093 1379 5156 Carratinensis
1400 5125 1441 5136 -
1462 5092 1507 5153 io.
1539 5094 1700 5174 Episcopus
1737 5093 1828 5173 Rigo-

1039 5197 1141 5260 biensis
1176 5228 1216 5240 -
1252 5191 1400 5255 Orlnndas
1435 5193 1595 5275 Episcopus
1631 5193 1763 5256 Nolensis
1790 5225 1829 5239 -

1039 5298 1161 5361 loannes
1194 5294 1355 5377 Episcopus
1388 5297 1582 5359 Crotoniensis
1614 5327 1652 5342 ·-
1689 5294 1829 5358 Antonias
