3758 6030
63 237 177 322 (ιιιι)

66 376 228 436 sinistrum.
251 372 336 437 Veste
356 373 449 452 regali
481 374 510 435 in
544 375 663 438 modum
685 375 858 439 dalmaticae

65 495 100 536 ex
131 474 274 536 bracbato
294 475 362 534 auri
393 474 485 536 ciceia
508 479 696 549 cremosino,
717 477 860 538 sessuram

66 573 189 635 habente
222 584 287 634 ante
319 584 348 635 et
377 583 458 635 retro
495 593 558 636 ιιιι.
589 578 780 655 palmorum,
814 579 859 637 vel

65 676 157 748 cirea,
177 674 273 752 lainga,
289 675 433 752 usquead
451 676 562 736 collum
581 677 678 756 pedis,
696 680 775 738 circa
795 680 860 737 cal·

65 775 129 834 lum
150 785 179 834 et
201 774 326 833 uranicae
342 784 371 834 et
393 793 445 853 per
465 772 597 836 ‘fimbrias
618 777 654 836 ad
675 777 859 837 latitudinem

65 885 193 951 quatuor
221 873 400 952 digitorum,
424 874 597 950 calcinea,
631 878 718 957 perlis
747 890 858 939 arctata.

65 974 177 1039 Collari
211 976 247 1033 ad
283 974 464 1036 latitudinem
501 995 603 1037 manus
638 979 725 1057 perlis
756 989 860 1040 ornato

63 1075 120 1135 snb
140 1085 236 1134 menta
263 1073 374 1133 duabus
396 1075 485 1153 perlis
512 1076 617 1156 ligato,
635 1076 714 1154 quod
734 1078 858 1139 formam

65 1175 196 1249 babeat,
217 1186 306 1253 prout
328 1177 419 1236 solent
439 1176 467 1236 in
490 1178 603 1237 amictis
625 1178 711 1258 poni,
732 1198 767 1240 es
787 1179 859 1241 bro·

65 1275 152 1345 choto
174 1279 260 1355 plano
281 1278 440 1337 eremesino
461 1288 490 1338 et
511 1277 602 1338 bcttda
625 1281 710 1359 longa
731 1299 766 1341 ex
787 1280 859 1340 bro·

65 1377 152 1437 eltuto
174 1380 333 1439 cremesino
359 1390 486 1456 quatuor
510 1379 674 1458 digitorum
702 1384 746 1443 rel
769 1385 858 1457 circa,

67 1496 145 1555 quae
166 1495 183 1535 a
206 1480 283 1539 collo
307 1479 428 1559 pendeat
448 1498 540 1558 usgue
571 1481 608 1540 ad
640 1483 749 1544 callum
771 1484 858 1562 pedis.

64 1579 216 1639 Birretum
238 1579 386 1638 retinebit.

109 1678 216 1757 Sicqne
234 1693 353 1758 paratus
379 1681 492 1742 accedit
507 1682 543 1742 ad
558 1681 723 1743 thalamum
743 1681 857 1762 regium

65 1798 82 1839 a
106 1779 219 1839 dnobus
235 1781 293 1850 suis
308 1781 502 1843 assistentibus
522 1802 556 1843 ac
577 1783 678 1864 Regiis
696 1794 723 1845 et
739 1786 858 1863 cappel-

66 1881 141 1941 lanis
157 1883 269 1941 duobus
290 1879 461 1958 majoribus,
481 1883 706 1945 Eleemosinaria
727 1896 756 1946 et
778 1886 858 1946 Can·

64 1980 173 2043 sessore
193 1983 351 2054 dumtaxat,
363 1986 540 2058 associatus,
562 1987 611 2046 ubi
632 1986 662 2044 in
684 1986 781 2046 sediali
805 2005 858 2049 suo

65 2082 247 2161 genuflectit,
266 2093 296 2143 et
309 2102 350 2145 ‘ex
371 2084 447 2145 libro
468 2085 538 2145 dicit
560 2088 715 2147 introitum
738 2087 856 2169 Kgrie·

66 2185 197 2265 lapsas,
217 2184 333 2246 Gloria
350 2185 384 2245 in
404 2188 566 2258 excelsis,
583 2182 753 2248 Orationem
773 2189 858 2252 Deus

64 2284 124 2364 gui
146 2287 245 2345 corda
266 2287 417 2365 fidelium,
436 2298 464 2348 et
480 2288 535 2349 sub
557 2290 656 2350 eadem
677 2290 859 2352 conclusione

64 2397 230 2461 sequentem
254 2385 337 2448 Deus
354 2406 521 2468 regnorum
543 2392 680 2452 amnium
696 2402 860 2471 protector

69 2485 111 2543 da
134 2486 213 2544 milri
234 2503 324 2548 serua
347 2497 401 2547 ma
424 2490 615 2568 triumphurn
636 2493 767 2553 virtutis
786 2503 859 2553 tuce

71 2584 209 2646 scienter
231 2587 397 2660 excolere,
419 2597 450 2647 et
476 2591 533 2669 gui
556 2601 611 2651 tua
633 2592 860 2654 constitutione

65 2685 127 2745 sim
152 2686 323 2766 Princeps,
346 2698 401 2748 tao
423 2708 542 2768 semper
567 2693 693 2752 numine
721 2695 779 2753 sim
798 2712 861 2774 pa·

68 2793 154 2847 tens:
173 2786 237 2847 Per
252 2786 294 2847 1).
313 2786 351 2847 Ν.
374 2799 442 2862 etc,
463 2789 634 2870 Epistulam,
655 2804 683 2853 et
705 2794 859 2872 alleluya,

70 2901 141 2945 eum
167 2887 262 2964 primo
286 2906 375 2948 versu
407 2898 537 2963 tantum,
570 2893 712 2966 videlicet,
742 2894 861 2956 Emitte

69 2983 227 3065 Spiritum
245 2999 314 3060 etc,
330 2989 445 3049 duobus
459 2993 663 3054 assistentibus
678 2995 784 3055 etaliis
799 2995 860 3057 Re·

67 3086 125 3164 giis
148 3089 261 3150 interim
283 3090 359 3169 apud
381 3090 491 3169 Regem
513 3095 666 3155 stantibus.

111 3188 283 3251 contortam
303 3212 422 3254 versam
457 3197 640 3275 praedictum
661 3197 783 3257 Emitte
804 3208 860 3258 etc.

70 3291 279 3363 cantantibus,
312 3295 463 3372 reponitur
484 3296 678 3356 faldistorium
699 3295 800 3376 Legati
833 3297 860 3357 in

71 3392 166 3452 medio
200 3392 300 3452 altaris
335 3396 371 3454 in'
401 3412 460 3473 quo
496 3397 555 3475 ipse
586 3397 667 3456 sedit
702 3414 769 3456 cum
803 3396 861 3456 mi·

72 3503 129 3553 irtt.
799 3562 803 3571 ,

108 3593 171 3654 Rex
187 3593 331 3656 descendit
348 3596 383 3657 de
398 3598 527 3659 thalamo
541 3616 595 3660 suo
616 3598 653 3658 ab
674 3599 731 3659 illis
750 3597 861 3659 dnobus

71 3695 132 3754 suis
162 3697 384 3771 assistentibus,
404 3710 434 3760 et
460 3701 524 3760 aliis
545 3701 603 3760 suis
633 3702 814 3773 associatus,
833 3712 862 3763 et

69 3795 182 3857 accedit
203 3797 240 3855 ad
261 3795 418 3877 Legatum:
440 3801 542 3879 prelati
562 3811 730 3880 assurgunt,
744 3812 773 3862 et
788 3802 862 3861 iaci-

71 3906 124 3956 unt
155 3900 333 3960 reverentias
348 3942 358 3972 ,
381 3899 486 3977 quibus
507 3912 537 3962 et
568 3902 627 3980 ipse
659 3906 768 3982 pariter
794 3903 862 3965 lacit

74 4008 107 4055 ut
129 3997 211 4075 prius
223 4020 233 4072 3
256 4010 286 4059 et
310 4001 408 4075 lacta,
429 4001 542 4063 detecto
563 4004 678 4083 eapite,
700 4006 861 4067 reverentia

72 4115 174 4158 coram
198 4097 330 4178 Legata,
352 4120 439 4181 super
462 4104 574 4164 cassino
594 4104 771 4183 genuilectit.

115 4197 241 4260 Praelati
257 4220 355 4262 ornnes
368 4203 480 4262 iaciunt
495 4205 640 4264 circulum
656 4217 720 4284 past
734 4205 861 4285 Regem,

71 4308 106 4359 ut
124 4302 205 4378 prins
220 4320 288 4362 cum
302 4301 397 4362 mitris
412 4315 530 4379 stantes,
541 4316 570 4365 et
582 4306 679 4366 omnia
694 4308 779 4368 simul
794 4325 861 4370 cum

71 4396 182 4478 Legata
194 4446 203 4475 ,
217 4403 301 4481 plane
323 4414 417 4464 tamen
435 4403 569 4466 dieentes.

119 4498 259 4579 Legatos,
280 4517 399 4584 accepto
417 4523 482 4568 ense
497 4506 576 4566 nudo
595 4505 630 4568 de
645 4509 730 4570 altari
752 4529 803 4588 per
816 4528 863 4572 me

74 4601 129 4660 sibi
149 4613 310 4681 porrecto,
337 4604 422 4664 illum
442 4606 581 4667 traditio
601 4626 689 4668 manu
705 4609 794 4688 Regis
814 4631 863 4672 re-

74 4700 215 4780 cipientis,
232 4703 329 4763 dicens
345 4704 460 4785 Accipe
475 4709 615 4789 gladium
626 4720 694 4783 etc.;
706 4729 766 4788 qua
785 4710 863 4773 dicto

75 4798 140 4861 Rex
161 4805 312 4864 osculatur
333 4822 437 4867 manus
456 4805 570 4887 Legati.
797 4812 800 4822 ’

118 4901 215 4973 Τιιιιι,
237 4905 371 4986 imposito
391 4926 442 4987 per
465 4928 511 4970 me
531 4909 631 4989 gladia
650 4911 680 4972 in
703 4913 861 4992 raginam,

74 5001 205 5083 Legatos
226 5007 317 5087 cingit
345 5007 454 5087 Regem
474 5012 572 5091 gladia
590 5015 619 5072 in
639 5012 797 5092 raginam,
816 5014 864 5073 di·

74 5122 163 5168 cens:
185 5107 360 5192 Accingere
380 5122 437 5171 etc.

106 5206 226 5288 vSurgit
246 5210 308 5270 Rex
339 5223 369 5275 et
388 5223 552 5275 extractum
573 5230 669 5275 ensem
689 5214 724 5276 de
760 5213 863 5292 regim

76 5307 203 5371 viriliter
235 5311 321 5375 tertio
342 5313 460 5388 rihcat3
490 5325 554 5377 tum
586 5334 675 5394 super
708 5313 864 5376 brachium

551 236 836 306 contuleritis
855 238 1081 302 stamnum
1103 240 1232 304 snxrt.

1657 249 1719 313 ddi

927 377 1076 439 sinistrum
1105 378 1249 459 extergit,
1272 380 1384 460 reponit
1406 381 1435 442 in
1466 383 1589 461 ragina,
1610 395 1639 445 et
1659 386 1724 450 ite·.

928 499 995 541 rum
1017 500 1118 543 eoram
1139 480 1271 561 Legata,
1292 493 1326 542 ut
1345 485 1451 564 prius,
1471 484 1649 564 genuflectit.

969 582 1100 655 Corona,
1122 583 1157 643 de
1177 583 1263 644 altari
1284 601 1337 664 per
1366 603 1412 645 me
1432 596 1564 664 sumpta,
1585 586 1713 648 traditur

926 681 1061 763 Legata,
1089 702 1176 762 quam
1199 703 1267 745 cnm
1288 663 1421 745 omnihus
1447 690 1581 764 praelatis
1602 688 1712 766 paratis

928 803 1045 846 manum
1066 785 1298 865 apponentibus,
1320 788 1399 846 solus
1421 785 1495 866 Regi
1514 789 1646 867 imponit,
1668 788 1716 847 dt·
1790 856 1792 860 Α

927 904 1016 947 censs
1039 887 1157 966 Accipe
1178 904 1327 946 caronam
1345 898 1400 947 etc.

969 987 1092 1049 Pontum
1114 987 1212 1049 deinde
1228 1006 1244 1046 a
1258 1007 1304 1048 me
1315 985 1428 1065 Legata
1450 1000 1631 1069 porrectum,
1653 985 1713 1049 Le·

926 1100 1011 1167 gatus
1034 1089 1122 1149 tradit
1143 1089 1215 1166 Regi
1240 1087 1268 1147 in
1303 1090 1448 1148 sinistram
1470 1090 1642 1169 recipienti,
1665 1089 1712 1149 di-

927 1207 1011 1249 ccus:
1037 1189 1154 1271 Accipe
1174 1190 1344 1271 dignitatis
1357 1209 1493 1271 pomum,
1511 1201 1540 1252 et
1552 1209 1612 1269 per
1630 1191 1667 1251 id
1680 1190 1715 1251 in

927 1299 957 1349 te
972 1290 1149 1352 catholicae
1161 1291 1236 1368 patet
1248 1309 1399 1372 cognosce
1414 1291 1623 1372 signaculum,
1637 1290 1715 1370 grtia

926 1400 961 1450 at
975 1392 1070 1451 hodie
1085 1391 1250 1452 ordinaris
1268 1401 1363 1470 capot
1390 1401 1421 1451 et
1444 1391 1598 1470 Princeps
1612 1390 1715 1470 Regni

927 1500 956 1549 et
969 1492 1094 1570 papali,
1111 1491 1158 1552 ita
1175 1509 1355 1570 perseveres
1371 1492 1487 1553 sulbar
1501 1502 1531 1551 et
1548 1491 1715 1552 stabilitor

927 1591 1189 1660 christianarum,
1200 1601 1230 1650 et
1245 1591 1320 1668 pact
1339 1592 1548 1662 christianae,
1560 1602 1594 1652 at
1611 1592 1714 1671 foelix

928 1694 1087 1775 inopere,
1108 1695 1251 1772 iucrrpies
1271 1692 1305 1752 in
1320 1695 1381 1771 fide
1400 1712 1468 1754 cuns
1490 1693 1574 1773 Rege
1595 1692 1713 1773 Regum

926 1795 1092 1876 glorieris,
1104 1795 1160 1874 gui
1175 1794 1255 1856 nisit
1270 1803 1300 1853 et
1316 1804 1425 1874 regnat
1436 1793 1522 1854 Dens
1533 1813 1592 1873 per
1608 1794 1714 1854 amnia

926 1897 1053 1956 saecula
1072 1896 1279 1956 saeculoram.

969 1979 1073 2058 Surgit
1095 1978 1155 2038 Rex
1167 2021 1177 2051 ,
1198 1992 1227 2039 et
1248 1997 1300 2058 per
1323 1997 1368 2038 me
1389 1997 1455 2040 ense
1473 1979 1663 2051 discinditur,
1683 1988 1716 2039 et

926 2079 962 2139 D.
982 2080 1102 2141 llectori
1122 2078 1252 2140 Carall'ae
1271 2080 1434 2140 camerario
1455 2098 1508 2140 sua
1524 2077 1629 2156 majori
1648 2088 1715 2138 tra·

926 2180 1021 2256 ditur,
1036 2183 1087 2258 gui
1106 2199 1174 2242 eum
1195 2181 1224 2239 in
1243 2181 1377 2257 raginam
1393 2181 1555 2241 immediata
1569 2189 1637 2239 ante
1654 2179 1716 2239 Re·

926 2299 992 2360 gem
1013 2281 1106 2342 deiert
1127 2300 1179 2361 per
1200 2292 1298 2342 totum
1321 2282 1465 2344 Officium.

968 2380 1097 2461 Legatos
1115 2402 1132 2441 a
1152 2381 1270 2450 dextris,
1289 2393 1317 2442 et
1336 2382 1579 2462 acchiepiscopus
1600 2381 1716 2461 Respo·

928 2481 1031 2543 litanns
1050 2498 1066 2539 a
1087 2481 1206 2540 sinistris
1222 2481 1310 2559 Regis
1329 2480 1475 2540 deducunt
1493 2481 1588 2559 ipsum
1604 2479 1715 2558 Regem

928 2581 1117 2662 praecedente
1133 2581 1195 2642 solo
1211 2593 1381 2661 porrectore
1400 2578 1542 2657 ejusdem3
1553 2593 1716 2658 sequnntur

928 2685 1100 2746 Patriaccha
1123 2684 1363 2755 Anthiochensis,
1387 2680 1550 2754 Oratores,
1580 2682 1664 2761 Regii
1686 2694 1715 2743 et

928 2786 1087 2867 cappellani
1108 2783 1233 2862 majores
1256 2802 1323 2844 cum
1346 2783 1514 2845 Confessarc
1536 2795 1565 2846 et
1582 2773 1719 2847 Eleemo-

928 2889 1058 2962 sinario,
1076 2887 1126 2947 ubi
1141 2888 1202 2948 Rex
1218 2889 1276 2967 ipse
1295 2907 1362 2948 cum
1383 2900 1499 2968 sceptro
1518 2889 1546 2968 1ιι
1565 2887 1666 2947 dextra
1687 2897 1717 2948 et

928 3009 1014 3070 pomo
1035 2990 1064 3048 in
1084 2990 1197 3048 sinistra
1221 3007 1272 3067 per
1293 2987 1437 3068 Legatum
1459 3000 1487 3048 et
1508 2987 1717 3066 Arcbiepisco·

929 3109 998 3169 pum
1020 3089 1225 3169 praedictum,
1247 3089 1277 3148 in
1299 3091 1371 3149 solio
1387 3102 1415 3150 et
1437 3089 1502 3149 sede
1524 3090 1605 3167 regia
1626 3089 1718 3149 intra-

929 3191 1084 3262 mictitur,
1105 3199 1133 3250 et
1155 3188 1191 3248 ad
1213 3188 1368 3250 sedendum
1391 3191 1519 3270 ponitur,
1541 3188 1651 3267 Legata
1671 3187 1719 3247 di·

930 3303 1014 3352 cente
1036 3293 1083 3353 ita
1101 3301 1130 3351 et
1146 3293 1248 3352 retine
1267 3302 1323 3352 etc.

973 3393 1184 3453 Convenienter
1225 3392 1428 3471 praecederent
1467 3392 1577 3472 Regem
1618 3409 1717 3453 omnes

930 3492 1038 3572 Regii,
1065 3502 1094 3554 et
1115 3493 1234 3571 praelati
1266 3510 1364 3552 omnes
1397 3493 1492 3572 parati
1523 3505 1715 3571 sequerentur

931 3603 1040 3655 stantes
1062 3595 1090 3652 in
1118 3591 1247 3653 thalamo
1278 3612 1295 3652 a
1329 3594 1456 3668 dextris,
1485 3605 1515 3655 et
1545 3613 1562 3653 a
1594 3595 1718 3655 sinistris

930 3706 995 3756 ante
1027 3695 1121 3756 sedem
1163 3696 1298 3773 regiam,
1327 3694 1376 3755 sed
1409 3714 1464 3774 pra
1493 3697 1628 3774 angustia
1661 3696 1718 3756 loci

931 3796 993 3859 fleri
1015 3796 1122 3876 poterit
1140 3806 1173 3855 ut
1193 3815 1280 3876 supra
1300 3796 1371 3869 dien
1391 3795 1465 3855 istud
1488 3807 1582 3856 tamen
1604 3797 1718 3856 melius.

973 3898 1053 3978 Rege
1066 3899 1252 3969 intronizata,
1264 3897 1392 3976 Legatus
1401 3898 1528 3977 deposita
1540 3897 1625 3958 mitra
1642 3909 1719 3961 stans

931 4018 1033 4062 sersus
1056 3998 1226 4068 adultere,
1260 3999 1359 4076 incipit
1392 3999 1420 4056 in
1443 4008 1529 4058 cantu
1555 3998 1596 4059 Te
1619 3998 1719 4059 Deam

931 4100 1107 4170 londonias,
1129 4116 1216 4174 quem
1239 4110 1370 4159 cantores
1389 4108 1608 4176 prosequuntur
1627 4116 1721 4175 usque

931 4200 968 4259 ad
987 4199 1091 4269 linem,
1110 4197 1221 4277 Legata
1242 4197 1306 4276 ipso
1325 4198 1363 4257 ad
1381 4199 1540 4271 dexteram,
1552 4210 1581 4260 et
1596 4198 1722 4260 brebie-

930 4304 1048 4381 piscapa
1070 4299 1107 4360 ad
1128 4299 1272 4360 sinistram
1292 4299 1380 4379 Regis
1407 4301 1466 4361 sine
1487 4301 1585 4361 mitris
1606 4299 1721 4361 interim

930 4397 1082 4475 stantibus,
1098 4412 1128 4463 et
1143 4400 1301 4480 Regalibus
1321 4401 1454 4462 amnibus
1475 4413 1540 4481 post
1561 4401 1722 4483 praedictas

931 4502 999 4563 bine
1016 4503 1081 4564 inde
1099 4500 1185 4580 iuxta
1204 4503 1323 4582 Regem.
1336 4504 1434 4565 Finito
1450 4503 1491 4565 Te
1501 4504 1612 4574 Deam,
1623 4501 1721 4583 Lega-

931 4613 978 4663 tus
998 4614 1076 4664 stans
1098 4604 1127 4664 in
1150 4606 1215 4665 loco
1243 4605 1392 4685 praedicta
1420 4601 1504 4681 juxta
1536 4603 1647 4684 Regem
1669 4602 1721 4663 de·

932 4714 1009 4766 tecto
1031 4705 1136 4782 capite,
1157 4725 1191 4766 ex
1213 4706 1288 4767 libra
1309 4706 1379 4768 dicit
1398 4705 1522 4766 firmiter
1538 4704 1649 4766 dianas
1666 4713 1722 4764 trra

923 4806 986 4868 ete.
1008 4825 1077 4867 cnm
1098 4805 1211 4867 duabus
1229 4807 1408 4868 orationibus
1428 4805 1623 4884 sequentibus:
1644 4802 1720 4864 idem

932 4907 1033 4969 dicunt
1053 4909 1137 4989 plane
1157 4928 1256 4971 omnes
1280 4907 1411 4990 praelati.

975 5010 1026 5070 llis
1047 5010 1151 5083 dictis,
1172 5009 1302 5089 Legatos
1322 5020 1440 5088 accepta
1463 5009 1574 5081 mitra,
1596 5017 1625 5068 et
1645 5006 1724 5067 lacta

933 5128 1001 5171 cunr
1016 5130 1050 5171 ea
1069 5111 1144 5190 Regi
1158 5112 1277 5189 aliquali
1295 5111 1457 5172 reverentia
1472 5154 1480 5183 ‚
1499 5120 1527 5171 et
1542 5128 1594 5188 per
1609 5107 1720 5187 Regem

934 5211 996 5289 pari
1020 5211 1106 5274 moda
1128 5212 1260 5283 reiecta,
1283 5211 1358 5275 redit
1378 5230 1447 5273 cum
1478 5209 1613 5291 praelatis
1638 5207 1724 5269 simi·

936 5313 1088 5375 liternum
1104 5313 1199 5375 mitris
1223 5313 1429 5389 incedentibus,
1450 5312 1584 5375 similiter
1602 5330 1654 5392 per
1675 5327 1725 5372 eas
