3780 6030
182 244 201 302 8
663 245 868 310 coneneie
886 244 987 309 POST
1010 244 1156 311 SlXTUM
1178 244 1378 317 QUARTUM.

173 416 176 435 ,
224 377 263 439 Et
274 378 410 458 quoniam
426 390 554 440 castruur
570 382 670 443 Sancti
686 384 789 462 dngcli
803 384 900 445 adlrue
915 397 979 445 errat

182 477 211 538 in
233 479 364 539 manibus
386 479 499 541 comitis
520 480 691 562 Hieronymi
713 479 776 566 (1),
798 485 907 565 nepotis
928 485 976 545 iel.

183 597 242 642 rec.
270 580 344 641 Sinti
360 580 455 660 Papae
470 582 577 657 quarti,
593 583 643 659 qui
662 584 859 663 superioribus
880 584 980 646 diebus

183 680 293 742 bellum
311 668 551 741 columnensibus
571 681 723 758 indixerat,
744 685 900 747 noluerunt
929 705 980 746 re·

185 780 382 841 verendissimi
403 780 509 843 domiui
531 781 566 844 00
594 782 735 856 Sabellis,
755 784 790 845 de
811 785 975 860 Columna,

186 890 214 939 et
234 879 334 940 Sancti
356 879 436 940 Petri
456 881 492 940 ad
514 880 655 956 Vincula,
673 882 858 957 cardinales,
879 896 908 946 et
929 887 979 963 qui

184 999 288 1043 eorum
314 992 425 1061 partem
452 982 608 1056 forebant,
631 983 667 1043 ad
695 983 794 1045 misses
819 986 980 1064 exequiales

187 1083 350 1159 praedictas
369 1084 479 1155 venire,
490 1095 648 1146 asserentes
665 1084 719 1145 sibi
742 1098 839 1148 tritum
854 1104 910 1147 non
922 1105 981 1165 pe·

187 1193 249 1244 tere
261 1201 420 1255 00000000,
439 1185 492 1244 nisi
514 1195 643 1246 castrum
660 1186 840 1265 praedictum
858 1187 981 1266 collegio

187 1283 386 1343 cardinalium
399 1284 598 1363 assignaretur
604 1307 615 1359 3
631 1286 709 1364 quod
720 1287 834 1349 tandem
848 1287 902 1348 iuit
915 1289 980 1349 col-

188 1382 263 1463 legio
282 1384 471 1462 assignatum,
488 1386 516 1444 in
533 1403 591 1464 quo
613 1388 709 1466 posuit
726 1388 914 1448 castellanum
929 1405 981 1449 re·

187 1485 428 1546 verendissimum
443 1485 472 1545 in
487 1484 606 1548 Christo
624 1497 737 1566 patrem
753 1487 901 1549 dominnm
918 1490 981 1568 epi·

186 1602 306 1664 scopum
317 1584 510 1645 Tudertinum
523 1585 577 1668 (0).
586 1587 734 1648 Venerunt
745 1588 844 1649 deiude
859 1589 981 1668 praeisti

188 1683 440 1746 1100000010
461 1685 497 1744 ad
519 1688 619 1748 misam
639 1689 810 1764 exequiales,
822 1688 982 1767 equitantes

188 1795 247 1844 tarn
270 1786 408 1847 veniendo
428 1787 465 1846 ad
486 1790 587 1848 missae
612 1785 797 1865 hujusmodi,
822 1808 910 1869 quam
930 1810 981 1852 rc·

189 1885 318 1958 denudo,
340 1905 393 1965 per
415 1888 491 1947 riam
513 1888 746 1950 transtiberinnm
762 1888 817 1974 (0).

230 1985 282 2045 His
304 1985 402 2069 010000
424 1985 460 2046 lt.
482 1987 512 2046 in
533 1986 651 2047 Cinislo
672 1999 753 2067 pater
769 2033 779 2062 ,
796 2000 825 2050 et
850 1991 982 2053 dominus

189 2085 328 2146 Ascanius
342 2085 434 2146 Maria
447 2086 546 2148 Sancti
561 2089 617 2150 Viti
638 2101 668 2151 et
682 2090 802 2153 Modesti
824 2091 980 2153 Martianus

188 2186 217 2245 in
238 2187 384 2259 Macella,
406 2187 543 2249 diaeonus
564 2189 726 2253 cardinalis
757 2191 866 2254 Siortia
894 2192 981 2254 Vice-

188 2304 285 2346 comes
298 2297 352 2348 etc.
365 2307 399 2350 en
409 2287 571 2349 Mediolano
583 2292 659 2351 venit
675 2291 799 2353 Romam
818 2296 898 2354 solus
913 2312 980 2354 curn

189 2390 277 2446 unico
293 2387 439 2463 familiari,
454 2388 539 2449 brevi
554 2389 653 2450 lrabitu
672 2392 800 2464 indutus,
817 2394 888 2454 adeo
903 2394 980 2472 quod

228 2680 266 2731 (l)
285 2694 295 2715 ·
314 2673 412 2724 Eadem
429 2674 472 2724 dic
489 2676 586 2725 multae
608 2675 735 2728 Civitates
751 2682 778 2727 et
794 2677 928 2729 Potentiae
950 2692 979 2730 se

186 2753 341 2802 obtulerunt
357 2752 437 2803 dictis
454 2752 504 2802 01).
520 2753 741 2807 columneneibus
755 2792 763 2814 ‚
778 2767 805 2808 et
822 2759 890 2806 inter
913 2758 979 2808 alios

188 2830 319 2880 Florentia
334 2830 429 2881 obtulit
440 2835 554 2894 quatuor
569 2836 701 2896 squadras
717 2838 775 2885 sire
792 2836 918 2888 cobortes
930 2839 981 2886 mi·

187 2910 261 2959 litum
277 2922 336 2959 cum
347 2909 483 2971 peditibus
500 2911 637 2971 100010,οῑ
654 2914 808 2964 tantundem
825 2915 979 2965 obtulerunt

186 2988 319 3038 80000000
343 2992 436 3038 000100
461 2991 581 3041 comitem
603 2991 801 3056 Hieronymum.
817 2993 914 3045 Eadem
936 2996 979 3044 die

186 3078 276 3116 comcs
292 3065 469 3131 Hieronymus
487 3069 604 3119 restituit
620 3072 778 3131 castellnm,
794 3077 821 3122 ct
846 3073 979 3124 tortilitias

187 3157 280 3195 omnes
297 3145 442 3206 Ecclesiae,
459 3160 524 3210 quas
542 3147 658 3208 tenebat,
669 3163 722 3199 non
738 3152 893 3215 prinsquam
910 3153 978 3202 solu·

187 3224 221 3273 tis
236 3225 261 3272 ai
277 3237 326 3287 per
341 3224 495 3276 Cardinales
517 3230 632 3289 quatuor
648 3228 764 3281 millibus
780 3230 945 3281 ducatorum.
967 3254 977 3274 .

190 3301 349 3361 lassescas,
361 3302 408 3352 100.
424 3304 465 3352 cit.
762 3347 768 3360 ,
875 3328 879 3335 ·

228 3383 264 3441 (2)
284 3403 293 3422 ·
312 3381 410 3430 Eadem
428 3382 470 3431 die
486 3384 494 3441 (
510 3382 789 3446 0011100121)0010101
806 3388 978 3450 cardinales,

190 3461 315 3511 videlicet
331 3462 661 3523 calumnensissmetlns,
678 3465 784 3518 Ursinus
801 3472 827 3517 et
843 3468 876 3518 de
893 3468 980 3518 Comi·

188 3537 261 3588 tibus
278 3540 304 3588 in
320 3540 433 3590 ecclesia
455 3540 481 3588 S.
497 3539 565 3590 Petri
588 3547 704 3594 securati
720 3549 781 3595 sunt
798 3559 857 3596 cum
874 3547 980 3605 000100-

189 3616 295 3668 sonibus
311 3618 345 3668 ad
361 3618 428 3676 boc,
444 3622 485 3677 ut,
505 3618 609 3669 reddito
625 3623 725 3680 castro,
742 3623 824 3674 libere
841 3629 868 3675 et
884 3638 979 3676 secure

188 3699 227 3746 ire
243 3698 348 3759 possint
364 3697 398 3747 ad
413 3697 559 3756 Palatium,
576 3701 604 3747 ut
621 3710 702 3760 super
719 3701 872 3750 conclusum
888 3705 917 3751 ct
933 3715 980 3751 ca·

187 3777 326 3837 pitulatum
338 3779 386 3826 est.
402 3775 447 3825 010
463 3778 592 3838 sequenti,
609 3777 730 3827 videlicet
746 3780 836 3828 ultima
853 3780 981 3842 exequia-

188 3868 246 3905 rum
262 3854 339 3913 sixti,
354 3854 508 3905 Cardinales
524 3856 630 3905 iverunt
647 3856 681 3906 ad
695 3857 940 3919 Sanclnmt’etrum
951 3866 979 3911 ut

187 3932 347 3995 promissum
359 3936 426 3990 erat,
437 3937 544 3995 praeter
555 3946 633 3996 quam
645 3935 764 3986 sabellus
781 3942 807 3986 et
824 3937 980 3989 columnen-

187 4011 235 4070 sis,
250 4015 278 4061 at
293 4024 373 4061 causa
387 4010 436 4061 luit
452 4014 513 4074 qnia
530 4012 556 4061 in
573 4017 652 4063 nocte
669 4019 980 4077 praeteritacontraca·

187 4090 312 4151 01101001
329 4091 520 4153 promissiones
536 4091 699 4153 praedictas,
718 4095 744 4143 in
761 4096 832 4147 dicto
849 4103 937 4149 castro
953 4100 977 4149 S.

188 4169 278 4230 angeli
303 4170 472 4220 intraverunt
496 4174 602 4219 centnm
621 4175 647 4220 01
663 4172 852 4237 quinquaginta
875 4176 978 4238 pedites

188 4247 256 4296 bena
272 4249 379 4296 armati:
390 4252 502 4309 propter
519 4247 590 4311 quod
606 4248 759 4303 Cardinalcs
774 4253 904 4315 praedicti
915 4256 980 4304 mul·

190 4328 244 4374 tum
262 4323 384 4373 admirati
400 4327 426 4372 et
442 4323 569 4386 indignati
593 4325 719 4388 1000001(
736 4330 784 4380 000
804 4331 866 4381 01011
887 4331 980 4383 Cardi-

188 4403 264 4454 nales
280 4407 369 4452 tamen
378 4407 547 4453 vcuraverunt
562 4404 634 4466 qnod
649 4405 790 4459 comitissa
801 4422 860 4458 cnm
872 4413 927 4459 tota
939 4409 980 4460 ia·

189 4482 277 4541 milia,
293 4485 320 4531 et
335 4493 395 4530 cum
412 4480 491 4531 dictis
507 4481 640 4542 peditibus
657 4490 773 4535 castrum
795 4485 912 4549 Collegio
935 4501 980 4539 re·

190 4562 295 4620 stituit,
310 4564 337 4611 et
353 4561 411 4623 ipsa
428 4559 492 4609 abiit
509 4560 552 4610 dic
568 4561 609 4620 25,
624 4562 749 4615 videlicet
768 4564 812 4614 die
828 4566 853 4615 S.
870 4566 980 4618 Bertbo·

191 4639 296 4691 lomaei.
317 4662 327 4683 ι
345 4639 499 4695 lassescas,
515 4637 565 4687 icc.
582 4640 624 4688 cit.

234 4741 244 4762 ·
262 4719 295 4770 Et
310 4720 337 4769 in
353 4722 447 4782 questo
463 4717 557 4779 0105)
573 4720 595 4768 si
611 4719 680 4782 parti
697 4722 721 4771 la
738 4721 866 4773 Contessa
883 4724 916 4773 dn
932 4724 979 4774 Ca·

189 4799 277 4860 stello,
293 4802 320 4848 01
337 4801 480 4848 entrarono
496 4798 520 4847 u
536 4797 631 4848 dentre
647 4803 716 4849 setta
732 4800 893 4860 Cardinali‚i
909 4803 978 4866 quali

191 4880 217 4928 lo
233 4878 396 4941 praevidere
407 4874 435 4925 di
445 4876 504 4937 ogni
520 4889 583 4926 cosa
599 4890 614 4927 0
632 4878 791 4928 lasciaronri
807 4880 950 4930 castellano
961 4882 979 4930 il

191 4958 311 5014 vescovo
328 4955 355 5005 di
370 4955 484 5006 ‘lodice
497 4975 507 4997 ·
519 4955 645 5007 Notarius
653 4956 685 5006 de
696 4956 848 5019 Antiportu,
864 4957 890 5006 in
905 4957 979 5008 Dior.

190 5037 307 5099 000011.
323 5033 387 5084 Vide
402 5035 483 5084 etiam
503 5062 530 5070 -
546 5034 602 5084 Vite
615 5035 642 5084 di
656 5035 774 5086 00100100
790 5035 880 5098 Storna
895 5037 980 5090 ltiorio

191 5107 344 5160 0001100000
354 5106 574 5169 imotaeSipnorn
584 5107 829 5168 diForttdcrcrittn
840 5110 866 5159 in
876 5112 914 5160 tre
923 5110 980 5160 libri

191 5187 332 5238 0011111010
342 5187 447 5237 Antonio
459 5185 811 5248 0000111-110100001195.
824 5190 883 5238 tom·
898 5189 936 5238 111.

232 5267 267 5327 (at
296 5265 349 5316 Hac
370 5268 428 5322 ria,
451 5264 605 5315 cardinales
629 5263 796 5316 declinabant
822 5268 854 5317 ab
873 5281 933 5319 arce
956 5271 979 5318 S.

193 5347 293 5409 angeli.

1729 243 1837 340 (rreq

1046 384 1140 464 polius
1154 384 1254 457 laicus,
1267 402 1354 461 quarn
1366 383 1488 443 ctericus
1505 382 1659 443 rideretur.
1674 383 1766 447 Nemo
1780 389 1832 448 sibi

1046 484 1161 546 obviam
1178 485 1267 556 renit3
1278 500 1313 544 ex
1331 481 1493 543 Mediolano
1515 494 1642 560 quatuor
1656 482 1767 557 diebus,
1787 487 1831 549 rel

1046 588 1124 648 circu
1146 586 1224 648 veuit
1244 585 1377 644 Romam.

1089 684 1297 766 Superioribus
1322 682 1439 754 diebus,
1466 680 1600 744 videlieet
1622 681 1766 752 dominica
1792 685 1833 748 30

1048 790 1150 850 mensis
1171 786 1238 846 maii
1259 786 1387 864 proxime
1406 782 1554 862 praeteriti
1575 784 1655 843 circa
1669 782 1772 844 lroram
1792 785 1832 845 00

1048 886 1179 948 dominus
1207 885 1402 963 Hieronymus
1424 882 1459 942 dc
1484 880 1586 943 Hiario
1607 901 1703 944 comes
1723 897 1779 947 etc.
1806 898 1833 948 et

1047 985 1219 1067 capitaneus
1237 983 1380 1062 generalis
1402 982 1433 1043 S.
1456 983 1603 1045 Romanae
1622 983 1781 1055 Ecclesiae,
1800 1004 1832 1047 ac

1048 1087 1169 1150 Gentilis
1189 1084 1382 1163 Virgiuinsde
1395 1084 1518 1157 Ursinis,
1533 1103 1601 1146 cum
1621 1086 1680 1146 suia
1700 1086 1833 1164 gentibus

1047 1207 1169 1252 numero
1181 1185 1263 1249 0000
1276 1187 1319 1247 vel
1333 1185 1598 1257 eirenen-caeram
1606 1185 1726 1248 domurn
1736 1186 1835 1248 solitae

1047 1288 1216 1352 residentiae
1231 1285 1461 1347 reverendissimi
1476 1286 1504 1343 in
1519 1284 1638 1348 Christo
1658 1287 1748 1366 patris
1762 1297 1790 1346 ct
1806 1285 1833 1345 d.

1048 1387 1155 1449 domini
1170 1385 1308 1448 lobannis
1324 1384 1447 1446 8000100
1462 1383 1571 1445 Mariae
1592 1389 1620 1444 in
1641 1385 1754 1463 Aquino
1772 1384 1836 1445 dia·

1048 1489 1112 1547 coni
1133 1486 1292 1550 Cardinalis
1312 1484 1347 1545 dc
1374 1483 1515 1545 Columna
1537 1485 1699 1563 vulgariter
1720 1502 1837 1546 nuncu·

1049 1588 1128 1665 pati,
1159 1605 1247 1665 quam
1272 1596 1369 1666 gentes
1399 1583 1562 1645 Cardinalis
1585 1586 1662 1646 intus
1688 1584 1836 1646 existentes

1049 1686 1172 1747 viriliter
1194 1686 1306 1746 duabus
1327 1684 1427 1757 boris,
1450 1685 1495 1745 rel
1517 1686 1618 1759 circa,
1638 1686 1835 1748 deiendcrunt.

1047 1784 1176 1847 Tandem
1192 1786 1272 1858 victi,
1290 1785 1468 1847 irruentibus
1482 1804 1499 1843 a
1521 1796 1618 1859 retro,
1633 1797 1663 1847 et
1678 1806 1730 1866 per
1745 1774 1835 1847 latera

1047 1887 1181 1965 gentibus
1200 1886 1321 1948 Comitis
1340 1885 1419 1947 circa
1439 1885 1542 1946 1100οι0
1563 1885 1607 1946 id
1625 1885 1753 1965 ejusdem
1767 1887 1836 1960 diei,

1049 1977 1091 2047 illi
1117 1986 1151 2047 de
1176 1985 1264 2046 domo
1284 1986 1461 2065 attingerant
1486 1986 1563 2058 3alii
1586 2006 1656 2049 vero
1677 1988 1836 2059 intrantes,

1049 2087 1166 2148 0010000
1193 2087 1303 2166 penitus
1320 2086 1453 2146 omnibus
1478 2086 1581 2160 bonis,
1600 2088 1685 2148 etiam
1705 2087 1838 2147 iencstris

1048 2198 1077 2247 et
1097 2188 1197 2268 portis,
1217 2185 1401 2265 spoliarunt3
1421 2197 1450 2247 et
1471 2187 1541 2248 nibil
1564 2188 1674 2267 pertitus
1693 2186 1721 2247 in
1736 2204 1769 2247 ea
1790 2185 1837 2245 di-

1049 2291 1201 2363 mittentes,
1216 2289 1329 2350 tendem
1346 2289 1412 2368 igne
1426 2289 1455 2348 in
1469 2310 1503 2350 en
1524 2289 1664 2369 apposito,
1679 2286 1842 2357 stabulum,

1048 2403 1077 2453 et
1092 2410 1221 2453 carneres
1232 2390 1392 2452 cardinalis
1402 2390 1632 2461 combusserunt,
1643 2408 1677 2448 ac
1688 2387 1836 2448 dominum

1049 2491 1238 2553 Laurentium
1261 2491 1295 2552 de
1316 2491 1457 2552 Columna
1477 2490 1560 2554 Sedis
1573 2490 1751 2570 Apostolicne
1765 2508 1837 2568 pro·

1049 2592 1247 2653 tironotarium
1269 2609 1336 2651 eum
1358 2590 1491 2671 pluribus
1509 2591 1571 2651 aliis
1589 2585 1635 2670 (i)
1656 2589 1684 2649 in
1706 2599 1836 2650 castrum

1049 2692 1149 2753 Sancti
1170 2691 1272 2769 Angeli
1292 2695 1439 2770 captirurn
1457 2691 1617 2762 duxerunt,
1637 2700 1670 2749 et⁴
1688 2706 1779 2766 usqne
1800 2691 1837 2749 00

1048 2792 1158 2853 obitum
1187 2801 1342 2852 tenuerunt
1363 2788 1418 2874 (5).
1439 2790 1549 2851 Eodem
1570 2810 1648 2864 sero,
1673 2790 1781 2850 Petrus
1799 2789 1835 2852 de

1088 3071 1124 3130 (t)
1139 3071 1236 3132 Aliqui,
1251 3069 1311 3130 iuga
1328 3069 1412 3119 salute
1424 3073 1508 3131 parta,
1519 3069 1640 3132 bospites
1656 3071 1758 3133 recepti
1776 3075 1839 3120 sunt

1049 3149 1173 3200 alatiano
1184 3149 1251 3199 della
1263 3149 1427 3212 llorere,qui
1438 3153 1532 3212 postea
1543 3150 1669 3211 temporis
1680 3149 1840 3200 Catbedram

1048 3228 1102 3277 diri
1114 3227 1182 3277 Petri
1194 3228 1334 3288 occupavit
1344 3226 1394 3276 snb
1405 3227 1576 3277 nomineiulii
1586 3227 1637 3276 11.·
1651 3227 1711 3277 item
1723 3248 1733 3270 ι
1745 3226 1841 3279 scribit

1048 3307 1198 3366 lniessnra,
1217 3327 1226 3347 ·
1247 3307 1271 3354 lo
1288 3304 1426 3355 Cardinnle
1442 3306 1468 3356 di
1484 3307 1512 3356 S.
1528 3306 1614 3356 Pistre
1629 3307 1664 3355 00
1688 3306 1798 3356 Vincula
1813 3309 1841 3358 in

1048 3384 1154 3436 Palaezo
1166 3384 1234 3436 ebbe
1247 3386 1327 3434 molle
1346 3387 1436 3447 parole
1452 3386 1492 3435 col
1509 3391 1587 3435 conte
1602 3385 1744 3436 ieronimo.
1757 3385 1842 3436 0001-

1048 3464 1108 3526 gine
1124 3477 1138 3514 e
1156 3466 1180 3514 10
1197 3465 1287 3526 parole
1305 3476 1370 3513 sono
1387 3468 1498 3527 qneste=
1515 3463 1568 3514 Che
1586 3464 1611 3513 lo
1628 3463 1712 3514 conte
1731 3464 1759 3513 in
1776 3477 1841 3527 pre·

1049 3554 1128 3593 senza
1149 3542 1192 3592 del
1216 3541 1285 3609 Papa
1304 3541 1377 3591 disse
1399 3544 1422 3591 al
1448 3541 1586 3592 Cardrnale
1604 3543 1654 3592 ebe
1673 3544 1723 3606 egli
1745 3543 1840 3594 iacere

1049 3622 1117 3671 maie
1134 3633 1149 3669 a
1166 3627 1256 3670 tenere
1269 3621 1285 3668 11
1302 3620 1388 3669 riberii
1405 3632 1420 3670 e
1436 3620 1531 3669 nernici
1543 3619 1611 3669 della
1623 3619 1717 3670 Cbiesa
1729 3621 1755 3669 in
1768 3633 1840 3671 cesa.

1048 3697 1068 3747 E
1091 3702 1186 3761 questo
1203 3698 1236 3759 gli
1253 3697 1345 3755 disse,
1363 3697 1555 3759 imperciocche
1571 3698 1589 3747 il
1606 3698 1679 3749 detto
1700 3698 1841 3752 Cardinale

1049 3778 1144 3825 tenera
1157 3774 1235 3825 Paolo
1244 3776 1375 3837 Margana,
1390 3776 1492 3826 1100000
1507 3767 1669 3826 bernardino
1680 3777 1748 3827 dalla
1760 3777 1840 3838 Valle,

1049 3857 1151 3905 Hesser
1164 3853 1240 3903 Panlo
1254 3853 1322 3903 dalla
1339 3852 1418 3910 Valle,
1435 3855 1536 3904 000000
1546 3854 1683 3916 Apollonio
1694 3854 1842 3919 Valentino,

1048 3933 1147 3984 llesser
1164 3932 1293 3994 Prospero
1303 3931 1480 3989 0000000100
1492 3932 1564 3982 molti
1577 3933 1636 3982 altri
1648 3934 1656 3982 i
1668 3935 1739 3996 quali
1751 3935 1773 3984 si
1784 3939 1843 3985 tro·

1047 4023 1145 4060 varone
1161 4011 1187 4058 in
1203 4022 1265 4060 casa
1281 4009 1323 4059 del
1340 4009 1562 4073 Cardssolonna,
1578 4011 1684 4074 quando
1696 4012 1724 4061 iu
1742 4015 1808 4062 totta
1826 4027 1841 4064 a

1048 4090 1199 4150 battagliata
1223 4088 1246 4136 10
1272 4087 1345 4137 detta
1366 4101 1428 4139 casa
1444 4091 1470 4138 in
1486 4088 1576 4140 lavore
1592 4089 1634 4140 del
1656 4094 1841 4152 protonotario

1047 4166 1170 4216 Colonna.
1188 4164 1219 4215 ut
1236 4166 1314 4227 quale
1331 4167 1348 4215 il
1365 4167 1438 4223 detto
1454 4167 1592 4216 Cardinale
1615 4169 1720 4231 rispose
1736 4182 1752 4219 0
1768 4171 1840 4221 disse

1048 4244 1097 4294 obe
1120 4245 1201 4307 quelli
1218 4246 1266 4292 cire
1282 4247 1378 4294 tenera
1395 4257 1446 4295 non
1463 4257 1546 4295 erano
1563 4246 1650 4296 ribelli
1667 4248 1718 4298 alla
1735 4247 1839 4308 chiesa,

1048 4336 1090 4373 ma
1107 4335 1187 4373 erano
1204 4322 1415 4375 iedelissimi.lia
1428 4337 1473 4374 era
1485 4325 1535 4387 egli
1547 4325 1597 4374 cbe
1616 4327 1638 4377 si
1653 4326 1771 4377 credere
1782 4340 1840 4378 cac·

1047 4405 1103 4451 ciar
1119 4402 1176 4452 loro
1192 4401 1218 4451 di
1240 4402 1339 4460 Roma,
1355 4414 1370 4452 e
1392 4407 1504 4454 mettere
1520 4415 1535 4451 a
1551 4404 1630 4455 iuoeo
1649 4405 1674 4454 la
1696 4404 1793 4456 Gbiesa
1813 4408 1841 4457 di

1047 4481 1096 4531 010
1112 4493 1127 4530 0
1143 4481 1278 4530 rovinarla
1294 4484 1362 4530 tutta
1378 4485 1489 4543 qnanta;
1506 4495 1521 4532 e
1537 4484 1586 4533 cbe
1603 4485 1652 4545 epti
1669 4494 1716 4532 era
1730 4486 1840 4547 capione

1047 4562 1090 4622 pei
1106 4561 1167 4610 mali
1184 4559 1354 4621 parlamenti,
1365 4560 1414 4608 obe
1425 4558 1588 4624 ilPapa,cbe
1605 4574 1651 4612 era
1668 4559 1685 4610 li
1702 4567 1840 4624 presente,

1048 4650 1097 4688 000
1116 4640 1175 4687 tutti
1191 4640 1198 4687 1
1216 4636 1348 4686 Cardinnii
1368 4637 1514 4689 andasscro
1536 4642 1561 4689 in
1579 4643 1679 4690 rosina.
1694 4638 1714 4690 Ε
1731 4639 1839 4703 dopo,il

1047 4716 1128 4768 Conte
1145 4717 1162 4764 11
1179 4717 1251 4765 disse
1267 4715 1316 4765 che
1334 4716 1358 4765 lo
1375 4717 1470 4767 volare
1481 4720 1600 4768 cacciare
1612 4719 1645 4768 da
1656 4719 1743 4780 quella
1756 4723 1839 4779 terra,

1048 4806 1063 4844 0
1079 4794 1128 4843 cbe
1145 4794 1169 4842 lo
1186 4794 1281 4843 volere
1298 4794 1413 4845 iniocnre
1430 4796 1457 4846 10
1473 4799 1561 4860 quella
1577 4810 1639 4847 casa
1656 4810 1670 4847 e
1688 4799 1838 4849 mettarlaa

1048 4883 1241 4928 saccomanno,
1257 4871 1372 4922 siccome
1394 4887 1460 4924 arca
1476 4876 1542 4926 letto
1562 4890 1576 4926 a
1592 4878 1680 4939 quella
1696 4879 1740 4928 del
1760 4878 1838 4929 Card.

1048 4950 1171 5002 colonae.
1190 4971 1201 4992 ·
1218 4951 1497 5016 1100101000010,
1514 4955 1543 5005 li·
1559 4967 1584 5017 p.
1605 4958 1676 5007 11011.

1088 5029 1125 5087 (5)
1140 5027 1221 5077 illarii
1234 5033 1326 5080 auctor
1337 5032 1370 5082 ad
1381 5037 1502 5096 tempora
1519 5038 1640 5084 anteacta
1656 5047 1796 5095 reversus,
1805 5038 1838 5087 dc

1048 5108 1178 5158 Laurentii
1194 5108 1336 5160 Columnae
1353 5111 1548 5171 decollatione,
1564 5116 1591 5162 et
1607 5113 1641 5162 de
1658 5114 1762 5166 aedium
1779 5116 1840 5166 Val-

1049 5188 1160 5239 lensium
1184 5190 1325 5239 eversione
1349 5191 1463 5253 loquitur
1480 5189 1540 5249 bic,
1556 5191 1633 5241 100110
1650 5197 1678 5244 01
1695 5193 1780 5245 100100
1796 5194 1841 5244 in·

1050 5268 1149 5330 10111001
1164 5279 1216 5329 qua
1233 5266 1265 5315 de
1282 5280 1362 5317 causa
1380 5268 1460 5319 tantis
1482 5270 1624 5331 praesidiis
1641 5276 1669 5321 et
1684 5274 1767 5323 armis
1791 5273 1840 5323 Co·

1050 5347 1200 5397 tumnenses
1225 5349 1251 5395 et
1276 5359 1366 5395 eorum
1385 5351 1532 5401 sectatores
1549 5354 1686 5402 tuerentur
1708 5353 1733 5403 10
1757 5351 1839 5412 Urbe,
