<?xml version="1.0" encoding="UTF-8"?>
<!DOCTYPE html PUBLIC "-//W3C//DTD XHTML 1.0 Transitional//EN"
    "http://www.w3.org/TR/xhtml1/DTD/xhtml1-transitional.dtd">
<html xmlns="http://www.w3.org/1999/xhtml" xml:lang="en" lang="en">
 <head>
  <title>
</title>
<meta http-equiv="Content-Type" content="text/html;charset=utf-8" />
  <meta name='ocr-system' content='tesseract 3.04.00' />
  <meta name='ocr-capabilities' content='ocr_page ocr_carea ocr_par ocr_line ocrx_word'/>
</head>
<body>
  <div class='ocr_page' id='page_1' title='image "./johannisburchar00genngoog/johannisburchar00genngoog_0033.png"; bbox 0 0 3780 6030; ppageno 0'>
   <div class='ocr_carea' id='block_1_1' title="bbox 150 235 1339 310">
    <p class='ocr_par' dir='ltr' id='par_1_1' title="bbox 150 235 1339 310">
     <span class='ocr_line' id='line_1_1' title="bbox 150 235 1339 310; baseline 0.001 -13"><span class='ocrx_word' id='word_1_1' title='bbox 150 238 190 298; x_wconf 78' lang='lat' dir='ltr'>aa</span> <span class='ocrx_word' id='word_1_2' title='bbox 622 236 825 302; x_wconf 66' lang='lat' dir='ltr'>CONCIAVE</span> <span class='ocrx_word' id='word_1_3' title='bbox 845 235 945 298; x_wconf 84' lang='lat' dir='ltr'>POST</span> <span class='ocrx_word' id='word_1_4' title='bbox 968 235 1115 302; x_wconf 83' lang='lat' dir='ltr'>stxrttat</span> <span class='ocrx_word' id='word_1_5' title='bbox 1138 237 1339 310; x_wconf 75' lang='lat' dir='ltr'>Quaatuu.</span> 
     </span>
    </p>
   </div>
   <div class='ocr_carea' id='block_1_2' title="bbox 79 375 945 1257">
    <p class='ocr_par' dir='ltr' id='par_1_2' title="bbox 79 375 945 1257">
     <span class='ocr_line' id='line_1_2' title="bbox 151 375 940 455; baseline 0.004 -23"><span class='ocrx_word' id='word_1_6' title='bbox 151 375 252 453; x_wconf 85' lang='lat' dir='ltr'>regula</span> <span class='ocrx_word' id='word_1_7' title='bbox 269 378 296 434; x_wconf 92' lang='lat' dir='ltr'>in</span> <span class='ocrx_word' id='word_1_8' title='bbox 320 376 403 454; x_wconf 90' lang='lat' dir='ltr'>plena</span> <span class='ocrx_word' id='word_1_9' title='bbox 418 379 522 451; x_wconf 88' lang='lat' dir='ltr'>forma,</span> <span class='ocrx_word' id='word_1_10' title='bbox 539 387 568 436; x_wconf 91' lang='lat' dir='ltr'>et</span> <span class='ocrx_word' id='word_1_11' title='bbox 582 387 705 455; x_wconf 87' lang='lat' dir='ltr'>ponetur</span> <span class='ocrx_word' id='word_1_12' title='bbox 722 377 750 434; x_wconf 93' lang='lat' dir='ltr'>in</span> <span class='ocrx_word' id='word_1_13' title='bbox 772 376 846 436; x_wconf 91' lang='lat' dir='ltr'>libro</span> <span class='ocrx_word' id='word_1_14' title='bbox 858 376 940 437; x_wconf 82' lang='lat' dir='ltr'>Cau·</span> 
     </span>
     <span class='ocr_line' id='line_1_3' title="bbox 152 476 944 557; baseline 0.001 -22"><span class='ocrx_word' id='word_1_15' title='bbox 152 477 300 549; x_wconf 89' lang='lat' dir='ltr'>cellariae,</span> <span class='ocrx_word' id='word_1_16' title='bbox 315 489 342 538; x_wconf 90' lang='lat' dir='ltr'>et</span> <span class='ocrx_word' id='word_1_17' title='bbox 358 478 555 557; x_wconf 71' lang='lat' dir='ltr'>publicabitur</span> <span class='ocrx_word' id='word_1_18' title='bbox 573 479 601 535; x_wconf 91' lang='lat' dir='ltr'>in</span> <span class='ocrx_word' id='word_1_19' title='bbox 616 477 726 548; x_wconf 83' lang='lat' dir='ltr'>eodem,</span> <span class='ocrx_word' id='word_1_20' title='bbox 740 476 808 535; x_wconf 88' lang='grc'><strong>444444</strong></span> <span class='ocrx_word' id='word_1_21' title='bbox 824 488 853 536; x_wconf 92' lang='grc'>44</span> <span class='ocrx_word' id='word_1_22' title='bbox 867 495 944 554; x_wconf 91' lang='lat' dir='ltr'>qao-</span> 
     </span>
     <span class='ocr_line' id='line_1_4' title="bbox 150 576 945 656; baseline 0.006 -22"><span class='ocrx_word' id='word_1_23' title='bbox 150 577 202 637; x_wconf 87' lang='lat' dir='ltr'>ties</span> <span class='ocrx_word' id='word_1_24' title='bbox 218 576 323 638; x_wconf 90' lang='lat' dir='ltr'>eisdem</span> <span class='ocrx_word' id='word_1_25' title='bbox 333 577 536 639; x_wconf 76' lang='lat' dir='ltr'><strong>cardinalibus</strong></span> <span class='ocrx_word' id='word_1_26' title='bbox 553 578 708 649; x_wconf 88' lang='lat' dir='ltr'>ridebitur,</span> <span class='ocrx_word' id='word_1_27' title='bbox 722 590 751 638; x_wconf 92' lang='lat' dir='ltr'>et</span> <span class='ocrx_word' id='word_1_28' title='bbox 766 577 899 656; x_wconf 81' lang='lat' dir='ltr'>placebit3</span> <span class='ocrx_word' id='word_1_29' title='bbox 914 589 945 639; x_wconf 90' lang='lat' dir='ltr'>et</span> 
     </span>
     <span class='ocr_line' id='line_1_5' title="bbox 151 660 942 758; baseline 0.003 -22"><span class='ocrx_word' id='word_1_30' title='bbox 151 678 229 737; x_wconf 90' lang='lat' dir='ltr'>ultra</span> <span class='ocrx_word' id='word_1_31' title='bbox 242 660 348 738; x_wconf 79' lang='lat' dir='ltr'>dietam</span> <span class='ocrx_word' id='word_1_32' title='bbox 360 679 491 756; x_wconf 82' lang='lat' dir='ltr'>reguiam</span> <span class='ocrx_word' id='word_1_33' title='bbox 504 677 687 758; x_wconf 74' lang='lat' dir='ltr'>expediemur</span> <span class='ocrx_word' id='word_1_34' title='bbox 703 678 798 738; x_wconf 89' lang='lat' dir='ltr'>ballue</span> <span class='ocrx_word' id='word_1_35' title='bbox 813 679 942 756; x_wconf 79' lang='lat' dir='ltr'>singulae</span> 
     </span>
     <span class='ocr_line' id='line_1_6' title="bbox 79 767 944 857; baseline -0.002 -20"><span class='ocrx_word' id='word_1_36' title='bbox 79 767 83 773; x_wconf 49' lang='lat'>¹</span> <span class='ocrx_word' id='word_1_37' title='bbox 150 796 205 857; x_wconf 90' lang='lat' dir='ltr'>pro</span> <span class='ocrx_word' id='word_1_38' title='bbox 220 779 563 856; x_wconf 87' lang='lat' dir='ltr'>quolibetCardinalium.</span> <span class='ocrx_word' id='word_1_39' title='bbox 581 779 749 839; x_wconf 84' lang='lat' dir='ltr'>Teneuntur</span> <span class='ocrx_word' id='word_1_40' title='bbox 769 791 862 838; x_wconf 86' lang='grc'><strong>44444444</strong></span> <span class='ocrx_word' id='word_1_41' title='bbox 880 778 944 847; x_wconf 89' lang='lat' dir='ltr'>illi,</span> 
     </span>
     <span class='ocr_line' id='line_1_7' title="bbox 150 878 943 958; baseline 0 -22"><span class='ocrx_word' id='word_1_42' title='bbox 150 878 255 954; x_wconf 89' lang='lat' dir='ltr'>quibus</span> <span class='ocrx_word' id='word_1_43' title='bbox 275 898 326 958; x_wconf 88' lang='lat' dir='ltr'>per</span> <span class='ocrx_word' id='word_1_44' title='bbox 346 878 512 940; x_wconf 84' lang='lat' dir='ltr'>Cardinales</span> <span class='ocrx_word' id='word_1_45' title='bbox 531 879 693 958; x_wconf 74' lang='lat' dir='ltr'>praedictos</span> <span class='ocrx_word' id='word_1_46' title='bbox 715 880 868 956; x_wconf 84' lang='lat' dir='ltr'>contigerit</span> <span class='ocrx_word' id='word_1_47' title='bbox 889 895 943 956; x_wconf 92' lang='lat' dir='ltr'>pro</span> 
     </span>
     <span class='ocr_line' id='line_1_8' title="bbox 150 977 942 1058; baseline -0.005 -20"><span class='ocrx_word' id='word_1_48' title='bbox 150 990 279 1058; x_wconf 86' lang='lat' dir='ltr'>tempore</span> <span class='ocrx_word' id='word_1_49' title='bbox 298 979 445 1058; x_wconf 76' lang='lat' dir='ltr'>provideri</span> <span class='ocrx_word' id='word_1_50' title='bbox 458 979 493 1038; x_wconf 91' lang='grc'>44</span> <span class='ocrx_word' id='word_1_51' title='bbox 504 979 647 1039; x_wconf 85' lang='lat' dir='ltr'>benefieiis</span> <span class='ocrx_word' id='word_1_52' title='bbox 666 980 865 1040; x_wconf 89' lang='lat' dir='ltr'>ecciesiasticis</span> <span class='ocrx_word' id='word_1_53' title='bbox 882 977 942 1035; x_wconf 91' lang='lat' dir='ltr'>hu·</span> 
     </span>
     <span class='ocr_line' id='line_1_9' title="bbox 146 1078 943 1159; baseline 0 -22"><span class='ocrx_word' id='word_1_54' title='bbox 146 1078 291 1156; x_wconf 85' lang='lat' dir='ltr'>jusmodi,</span> <span class='ocrx_word' id='word_1_55' title='bbox 311 1079 482 1159; x_wconf 89' lang='lat' dir='ltr'>dispositioni</span> <span class='ocrx_word' id='word_1_56' title='bbox 504 1080 675 1158; x_wconf 89' lang='lat' dir='ltr'>apostolicae</span> <span class='ocrx_word' id='word_1_57' title='bbox 695 1080 865 1158; x_wconf 68' lang='lat' dir='ltr'>generaliter</span> <span class='ocrx_word' id='word_1_58' title='bbox 892 1097 943 1137; x_wconf 90' lang='lat' dir='ltr'>re·</span> 
     </span>
     <span class='ocr_line' id='line_1_10' title="bbox 149 1180 942 1257; baseline -0.005 -18"><span class='ocrx_word' id='word_1_59' title='bbox 149 1181 272 1240; x_wconf 87' lang='lat' dir='ltr'>servatis</span> <span class='ocrx_word' id='word_1_60' title='bbox 288 1181 333 1240; x_wconf 89' lang='grc'>441</span> <span class='ocrx_word' id='word_1_61' title='bbox 353 1180 471 1251; x_wconf 80' lang='lat' dir='ltr'>affectis,</span> <span class='ocrx_word' id='word_1_62' title='bbox 486 1191 514 1239; x_wconf 90' lang='lat' dir='ltr'>et</span> <span class='ocrx_word' id='word_1_63' title='bbox 529 1183 556 1238; x_wconf 92' lang='lat' dir='ltr'>in</span> <span class='ocrx_word' id='word_1_64' title='bbox 572 1197 698 1257; x_wconf 84' lang='lat' dir='ltr'>qttorum</span> <span class='ocrx_word' id='word_1_65' title='bbox 721 1181 852 1239; x_wconf 88' lang='lat' dir='ltr'>furorem</span> <span class='ocrx_word' id='word_1_66' title='bbox 871 1180 942 1238; x_wconf 89' lang='lat' dir='ltr'>alius</span> 
     </span>
    </p>
   </div>
   <div class='ocr_carea' id='block_1_3' title="bbox 58 1279 942 1361">
    <p class='ocr_par' dir='ltr' id='par_1_3' title="bbox 58 1279 942 1361">
     <span class='ocr_line' id='line_1_11' title="bbox 58 1279 942 1361; baseline 0 -24"><span class='ocrx_word' id='word_1_67' title='bbox 58 1295 65 1310; x_wconf 63' lang='lat'><em>¹</em></span> <span class='ocrx_word' id='word_1_68' title='bbox 150 1282 328 1359; x_wconf 80' lang='lat' dir='ltr'>contingeret</span> <span class='ocrx_word' id='word_1_69' title='bbox 338 1300 390 1360; x_wconf 92' lang='lat' dir='ltr'>per</span> <span class='ocrx_word' id='word_1_70' title='bbox 402 1280 647 1359; x_wconf 84' lang='lat' dir='ltr'>ipsosCurdinnlcs</span> <span class='ocrx_word' id='word_1_71' title='bbox 659 1280 767 1361; x_wconf 91' lang='lat' dir='ltr'>disponi</span> <span class='ocrx_word' id='word_1_72' title='bbox 780 1280 814 1338; x_wconf 88' lang='grc'>44</span> <span class='ocrx_word' id='word_1_73' title='bbox 824 1279 942 1351; x_wconf 85' lang='lat' dir='ltr'>eisdem,</span> 
     </span>
    </p>
   </div>
   <div class='ocr_carea' id='block_1_4' title="bbox 93 1368 944 4882">
    <p class='ocr_par' dir='ltr' id='par_1_4' title="bbox 93 1368 944 4882">
     <span class='ocr_line' id='line_1_12' title="bbox 149 1368 943 1461; baseline 0.003 -24"><span class='ocrx_word' id='word_1_74' title='bbox 149 1379 173 1437; x_wconf 89' lang='lat' dir='ltr'>si</span> <span class='ocrx_word' id='word_1_75' title='bbox 195 1368 462 1449; x_wconf 67' lang='lat' dir='ltr'>illorum&#39;fruetus</span> <span class='ocrx_word' id='word_1_76' title='bbox 487 1381 625 1455; x_wconf 77' lang='lat' dir='ltr'>redditus,</span> <span class='ocrx_word' id='word_1_77' title='bbox 643 1395 672 1444; x_wconf 90' lang='lat' dir='ltr'>et</span> <span class='ocrx_word' id='word_1_78' title='bbox 693 1393 861 1461; x_wconf 85' lang='lat' dir='ltr'>proventus,</span> <span class='ocrx_word' id='word_1_79' title='bbox 888 1398 943 1439; x_wconf 86' lang='lat' dir='ltr'>an·</span> 
     </span>
     <span class='ocr_line' id='line_1_13' title="bbox 150 1481 941 1560; baseline 0.005 -23"><span class='ocrx_word' id='word_1_80' title='bbox 150 1497 240 1539; x_wconf 89' lang='lat' dir='ltr'>nuum</span> <span class='ocrx_word' id='word_1_81' title='bbox 257 1481 384 1541; x_wconf 91' lang='lat' dir='ltr'>raiorem</span> <span class='ocrx_word' id='word_1_82' title='bbox 410 1481 655 1560; x_wconf 82' lang='lat' dir='ltr'>vigintiquatuor</span> <span class='ocrx_word' id='word_1_83' title='bbox 678 1483 855 1544; x_wconf 84' lang='lat' dir='ltr'>florenorum</span> <span class='ocrx_word' id='word_1_84' title='bbox 877 1484 941 1542; x_wconf 89' lang='grc'><strong>44441</strong></span> 
     </span>
     <span class='ocr_line' id='line_1_14' title="bbox 150 1581 942 1648; baseline 0.008 -11"><span class='ocrx_word' id='word_1_85' title='bbox 150 1581 186 1641; x_wconf 88' lang='lat' dir='ltr'>de</span> <span class='ocrx_word' id='word_1_86' title='bbox 199 1581 321 1642; x_wconf 83' lang='lat' dir='ltr'>Camere</span> <span class='ocrx_word' id='word_1_87' title='bbox 336 1582 493 1648; x_wconf 87' lang='lat' dir='ltr'>secandum</span> <span class='ocrx_word' id='word_1_88' title='bbox 509 1600 690 1645; x_wconf 88' lang='lat' dir='ltr'>communem</span> <span class='ocrx_word' id='word_1_89' title='bbox 707 1584 942 1644; x_wconf 76' lang='lat' dir='ltr'>existimationem</span> 
     </span>
     <span class='ocr_line' id='line_1_15' title="bbox 150 1681 941 1762; baseline 0.003 -20"><span class='ocrx_word' id='word_1_90' title='bbox 150 1682 339 1754; x_wconf 85' lang='lat' dir='ltr'>excederent,</span> <span class='ocrx_word' id='word_1_91' title='bbox 368 1681 491 1761; x_wconf 83' lang='lat' dir='ltr'>desuper</span> <span class='ocrx_word' id='word_1_92' title='bbox 520 1700 625 1742; x_wconf 89' lang='lat' dir='ltr'>noram</span> <span class='ocrx_word' id='word_1_93' title='bbox 653 1684 869 1762; x_wconf 84' lang='lat' dir='ltr'>provisionem,</span> <span class='ocrx_word' id='word_1_94' title='bbox 896 1685 941 1744; x_wconf 88' lang='grc'>444</span> 
     </span>
     <span class='ocr_line' id='line_1_16' title="bbox 149 1776 941 1862; baseline 0.001 -20"><span class='ocrx_word' id='word_1_95' title='bbox 149 1783 236 1842; x_wconf 92' lang='lat' dir='ltr'>aliam</span> <span class='ocrx_word' id='word_1_96' title='bbox 251 1781 463 1861; x_wconf 85' lang='lat' dir='ltr'>dispositionem</span> <span class='ocrx_word' id='word_1_97' title='bbox 477 1802 493 1842; x_wconf 92' lang='lat' dir='ltr'>a</span> <span class='ocrx_word' id='word_1_98' title='bbox 508 1782 580 1844; x_wconf 88' lang='lat' dir='ltr'>Sede</span> <span class='ocrx_word' id='word_1_99' title='bbox 597 1776 725 1862; x_wconf 89' lang='lat' dir='ltr'>praefata</span> <span class='ocrx_word' id='word_1_100' title='bbox 739 1784 813 1845; x_wconf 88' lang='lat' dir='ltr'>infra</span> <span class='ocrx_word' id='word_1_101' title='bbox 832 1795 898 1845; x_wconf 91' lang='lat' dir='ltr'>octo</span> <span class='ocrx_word' id='word_1_102' title='bbox 910 1785 941 1843; x_wconf 69' lang='lat' dir='ltr'>‘si</span> 
     </span>
     <span class='ocr_line' id='line_1_17' title="bbox 150 1883 943 1960; baseline 0.004 -20"><span class='ocrx_word' id='word_1_103' title='bbox 150 1884 239 1955; x_wconf 88' lang='lat' dir='ltr'>ultra,</span> <span class='ocrx_word' id='word_1_104' title='bbox 253 1894 282 1942; x_wconf 89' lang='lat' dir='ltr'>et</span> <span class='ocrx_word' id='word_1_105' title='bbox 297 1893 423 1960; x_wconf 89' lang='lat' dir='ltr'>quatuor</span> <span class='ocrx_word' id='word_1_106' title='bbox 441 1901 565 1954; x_wconf 86' lang='lat' dir='ltr'>menses,</span> <span class='ocrx_word' id='word_1_107' title='bbox 580 1883 603 1941; x_wconf 90' lang='lat' dir='ltr'>si</span> <span class='ocrx_word' id='word_1_108' title='bbox 619 1884 693 1943; x_wconf 87' lang='lat' dir='ltr'>citra</span> <span class='ocrx_word' id='word_1_109' title='bbox 714 1895 825 1943; x_wconf 90' lang='lat' dir='ltr'>montes</span> <span class='ocrx_word' id='word_1_110' title='bbox 841 1883 943 1943; x_wconf 56' lang='lat' dir='ltr'>consta</span> 
     </span>
     <span class='ocr_line' id='line_1_18' title="bbox 149 1981 942 2064; baseline 0.004 -23"><span class='ocrx_word' id='word_1_111' title='bbox 149 1994 268 2055; x_wconf 89' lang='lat' dir='ltr'>sterent,</span> <span class='ocrx_word' id='word_1_112' title='bbox 282 1981 418 2043; x_wconf 86' lang='lat' dir='ltr'>beneficia</span> <span class='ocrx_word' id='word_1_113' title='bbox 434 1985 492 2062; x_wconf 89' lang='lat' dir='ltr'>ipsa</span> <span class='ocrx_word' id='word_1_114' title='bbox 504 2002 520 2042; x_wconf 93' lang='grc'>4</span> <span class='ocrx_word' id='word_1_115' title='bbox 533 1983 576 2043; x_wconf 92' lang='lat' dir='ltr'>die</span> <span class='ocrx_word' id='word_1_116' title='bbox 590 1983 703 2043; x_wconf 83' lang='lat' dir='ltr'>babilae</span> <span class='ocrx_word' id='word_1_117' title='bbox 719 1982 855 2064; x_wconf 83' lang='lat' dir='ltr'>pacificae</span> <span class='ocrx_word' id='word_1_118' title='bbox 872 2003 942 2064; x_wconf 85' lang='lat' dir='ltr'>pos-</span> 
     </span>
     <span class='ocr_line' id='line_1_19' title="bbox 149 2080 941 2158; baseline -0.003 -13"><span class='ocrx_word' id='word_1_119' title='bbox 149 2080 280 2145; x_wconf 83' lang='lat' dir='ltr'>sessionis</span> <span class='ocrx_word' id='word_1_120' title='bbox 300 2083 480 2157; x_wconf 83' lang='lat' dir='ltr'>eoramdem,</span> <span class='ocrx_word' id='word_1_121' title='bbox 494 2084 634 2158; x_wconf 91' lang='lat' dir='ltr'>obtinere,</span> <span class='ocrx_word' id='word_1_122' title='bbox 656 2097 684 2146; x_wconf 90' lang='grc'>44</span> <span class='ocrx_word' id='word_1_123' title='bbox 709 2102 742 2144; x_wconf 85' lang='grc'>444</span> <span class='ocrx_word' id='word_1_124' title='bbox 764 2095 835 2156; x_wconf 90' lang='lat' dir='ltr'>tota,</span> <span class='ocrx_word' id='word_1_125' title='bbox 856 2086 941 2145; x_wconf 92' lang='lat' dir='ltr'>etiam</span> 
     </span>
     <span class='ocr_line' id='line_1_20' title="bbox 150 2184 941 2265; baseline 0.006 -23"><span class='ocrx_word' id='word_1_126' title='bbox 150 2185 245 2260; x_wconf 90' lang='lat' dir='ltr'>quoad</span> <span class='ocrx_word' id='word_1_127' title='bbox 265 2184 417 2245; x_wconf 88' lang='lat' dir='ltr'>Cameram</span> <span class='ocrx_word' id='word_1_128' title='bbox 442 2185 648 2265; x_wconf 79' lang='lat' dir='ltr'>Apostolicam,</span> <span class='ocrx_word' id='word_1_129' title='bbox 665 2187 734 2265; x_wconf 88' lang='lat' dir='ltr'>jura</span> <span class='ocrx_word' id='word_1_130' title='bbox 760 2184 878 2264; x_wconf 91' lang='lat' dir='ltr'>propria</span> <span class='ocrx_word' id='word_1_131' title='bbox 900 2185 941 2247; x_wconf 90' lang='lat' dir='ltr'>illi</span> 
     </span>
     <span class='ocr_line' id='line_1_21' title="bbox 150 2282 941 2365; baseline 0.004 -22"><span class='ocrx_word' id='word_1_132' title='bbox 150 2282 243 2358; x_wconf 84' lang='lat' dir='ltr'>debita</span> <span class='ocrx_word' id='word_1_133' title='bbox 258 2283 409 2358; x_wconf 89' lang='lat' dir='ltr'>solreado,</span> <span class='ocrx_word' id='word_1_134' title='bbox 423 2284 519 2344; x_wconf 82' lang='lat' dir='ltr'>literas</span> <span class='ocrx_word' id='word_1_135' title='bbox 530 2286 700 2364; x_wconf 87' lang='lat' dir='ltr'>apostolicas</span> <span class='ocrx_word' id='word_1_136' title='bbox 716 2286 839 2364; x_wconf 86' lang='lat' dir='ltr'>desuper</span> <span class='ocrx_word' id='word_1_137' title='bbox 852 2304 941 2365; x_wconf 87' lang='lat' dir='ltr'>expe·</span> 
     </span>
     <span class='ocr_line' id='line_1_22' title="bbox 149 2380 942 2466; baseline 0.004 -24"><span class='ocrx_word' id='word_1_138' title='bbox 149 2383 221 2445; x_wconf 90' lang='lat' dir='ltr'>dire.</span> <span class='ocrx_word' id='word_1_139' title='bbox 237 2384 373 2462; x_wconf 77' lang='lat' dir='ltr'>Alioquin</span> <span class='ocrx_word' id='word_1_140' title='bbox 396 2380 531 2446; x_wconf 84' lang='lat' dir='ltr'>beneficia</span> <span class='ocrx_word' id='word_1_141' title='bbox 547 2389 607 2466; x_wconf 86' lang='lat' dir='ltr'>ipsa</span> <span class='ocrx_word' id='word_1_142' title='bbox 622 2385 702 2446; x_wconf 90' lang='lat' dir='ltr'>dictis</span> <span class='ocrx_word' id='word_1_143' title='bbox 724 2386 869 2447; x_wconf 89' lang='lat' dir='ltr'>mensibus</span> <span class='ocrx_word' id='word_1_144' title='bbox 890 2404 942 2445; x_wconf 87' lang='lat' dir='ltr'>re-</span> 
     </span>
     <span class='ocr_line' id='line_1_23' title="bbox 151 2485 942 2566; baseline 0.001 -22"><span class='ocrx_word' id='word_1_145' title='bbox 151 2485 255 2556; x_wconf 82' lang='lat' dir='ltr'>cursis,</span> <span class='ocrx_word' id='word_1_146' title='bbox 277 2503 382 2546; x_wconf 89' lang='grc'><strong>444444</strong></span> <span class='ocrx_word' id='word_1_147' title='bbox 404 2498 573 2547; x_wconf 89' lang='lat' dir='ltr'>censeantur</span> <span class='ocrx_word' id='word_1_148' title='bbox 594 2505 629 2564; x_wconf 93' lang='lat' dir='ltr'>eo</span> <span class='ocrx_word' id='word_1_149' title='bbox 648 2488 720 2566; x_wconf 89' lang='lat' dir='ltr'>ipso,</span> <span class='ocrx_word' id='word_1_150' title='bbox 739 2486 791 2546; x_wconf 90' lang='lat' dir='ltr'>nisi</span> <span class='ocrx_word' id='word_1_151' title='bbox 812 2486 942 2566; x_wconf 85' lang='lat' dir='ltr'>legitimo</span> 
     </span>
     <span class='ocr_line' id='line_1_24' title="bbox 150 2583 942 2667; baseline 0.004 -24"><span class='ocrx_word' id='word_1_152' title='bbox 150 2583 272 2663; x_wconf 88' lang='lat' dir='ltr'>desuper</span> <span class='ocrx_word' id='word_1_153' title='bbox 301 2585 415 2646; x_wconf 50' lang='lat' dir='ltr'>fuerint*</span> <span class='ocrx_word' id='word_1_154' title='bbox 430 2586 630 2666; x_wconf 90' lang='lat' dir='ltr'>impedimento</span> <span class='ocrx_word' id='word_1_155' title='bbox 652 2589 756 2648; x_wconf 90' lang='lat' dir='ltr'>detenti</span> <span class='ocrx_word' id='word_1_156' title='bbox 768 2631 777 2661; x_wconf 90' lang='lat'><strong><em>‚</em></strong></span> <span class='ocrx_word' id='word_1_157' title='bbox 799 2588 845 2647; x_wconf 91' lang='lat' dir='ltr'>vei</span> <span class='ocrx_word' id='word_1_158' title='bbox 875 2585 942 2667; x_wconf 85' lang='lat' dir='ltr'>ipsis</span> 
     </span>
     <span class='ocr_line' id='line_1_25' title="bbox 93 2682 942 2768; baseline 0.006 -26"><span class='ocrx_word' id='word_1_159' title='bbox 93 2744 95 2747; x_wconf 78' lang='grc'><strong>,</strong></span> <span class='ocrx_word' id='word_1_160' title='bbox 150 2683 310 2763; x_wconf 88' lang='lat' dir='ltr'>petentibus</span> <span class='ocrx_word' id='word_1_161' title='bbox 321 2682 489 2761; x_wconf 85' lang='lat' dir='ltr'>hujusmodi</span> <span class='ocrx_word' id='word_1_162' title='bbox 501 2705 603 2755; x_wconf 89' lang='lat' dir='ltr'>noram</span> <span class='ocrx_word' id='word_1_163' title='bbox 615 2690 819 2768; x_wconf 87' lang='lat' dir='ltr'>provisionem,</span> <span class='ocrx_word' id='word_1_164' title='bbox 829 2698 857 2750; x_wconf 93' lang='lat' dir='ltr'>et</span> <span class='ocrx_word' id='word_1_165' title='bbox 869 2705 942 2767; x_wconf 91' lang='lat' dir='ltr'>pro-</span> 
     </span>
     <span class='ocr_line' id='line_1_26' title="bbox 151 2784 940 2868; baseline 0.005 -26"><span class='ocrx_word' id='word_1_166' title='bbox 151 2784 329 2857; x_wconf 84' lang='lat' dir='ltr'>testantibus,</span> <span class='ocrx_word' id='word_1_167' title='bbox 344 2786 421 2863; x_wconf 91' lang='lat' dir='ltr'>quod</span> <span class='ocrx_word' id='word_1_168' title='bbox 440 2805 492 2866; x_wconf 89' lang='lat' dir='ltr'>per</span> <span class='ocrx_word' id='word_1_169' title='bbox 511 2807 559 2848; x_wconf 90' lang='lat' dir='ltr'>eos</span> <span class='ocrx_word' id='word_1_170' title='bbox 574 2806 629 2848; x_wconf 92' lang='lat' dir='ltr'>nan</span> <span class='ocrx_word' id='word_1_171' title='bbox 644 2800 711 2860; x_wconf 90' lang='lat' dir='ltr'>stat,</span> <span class='ocrx_word' id='word_1_172' title='bbox 727 2789 881 2868; x_wconf 81' lang='lat' dir='ltr'>contigerit</span> <span class='ocrx_word' id='word_1_173' title='bbox 902 2787 940 2846; x_wconf 90' lang='lat' dir='ltr'>il·</span> 
     </span>
     <span class='ocr_line' id='line_1_27' title="bbox 152 2884 941 2964; baseline 0.006 -22"><span class='ocrx_word' id='word_1_174' title='bbox 152 2885 209 2943; x_wconf 91' lang='lat' dir='ltr'>lam</span> <span class='ocrx_word' id='word_1_175' title='bbox 225 2884 370 2964; x_wconf 77' lang='lat' dir='ltr'>denegari.</span> <span class='ocrx_word' id='word_1_176' title='bbox 382 2884 448 2954; x_wconf 85' lang='lat' dir='ltr'>Quo</span> <span class='ocrx_word' id='word_1_177' title='bbox 463 2906 532 2947; x_wconf 90' lang='lat' dir='ltr'>casu</span> <span class='ocrx_word' id='word_1_178' title='bbox 546 2890 583 2947; x_wconf 95' lang='lat' dir='ltr'>ob</span> <span class='ocrx_word' id='word_1_179' title='bbox 600 2906 658 2951; x_wconf 68' lang='lat' dir='ltr'>non.</span> <span class='ocrx_word' id='word_1_180' title='bbox 675 2890 821 2951; x_wconf 86' lang='lat' dir='ltr'>obtentam</span> <span class='ocrx_word' id='word_1_181' title='bbox 835 2905 941 2949; x_wconf 89' lang='lat' dir='ltr'>nevam</span> 
     </span>
     <span class='ocr_line' id='line_1_28' title="bbox 150 2986 882 3071; baseline 0.003 -26"><span class='ocrx_word' id='word_1_182' title='bbox 150 2987 354 3064; x_wconf 86' lang='lat' dir='ltr'>provisionem,</span> <span class='ocrx_word' id='word_1_183' title='bbox 376 2989 404 3045; x_wconf 91' lang='lat' dir='ltr'>in</span> <span class='ocrx_word' id='word_1_184' title='bbox 426 2990 507 3050; x_wconf 92' lang='lat' dir='ltr'>nulio</span> <span class='ocrx_word' id='word_1_185' title='bbox 528 2991 568 3050; x_wconf 91' lang='lat' dir='ltr'>eis</span> <span class='ocrx_word' id='word_1_186' title='bbox 589 2988 805 3070; x_wconf 86' lang='lat' dir='ltr'>praejudicetur</span> <span class='ocrx_word' id='word_1_187' title='bbox 827 2986 882 3071; x_wconf 86' lang='lat' dir='ltr'>(i).</span> 
     </span>
     <span class='ocr_line' id='line_1_29' title="bbox 152 3086 942 3171; baseline 0.008 -27"><span class='ocrx_word' id='word_1_188' title='bbox 152 3112 155 3119; x_wconf 51' lang='lat'><strong>⁴</strong></span> <span class='ocrx_word' id='word_1_189' title='bbox 194 3086 274 3158; x_wconf 87' lang='lat' dir='ltr'>item,</span> <span class='ocrx_word' id='word_1_190' title='bbox 289 3087 365 3165; x_wconf 89' lang='lat' dir='ltr'>quad</span> <span class='ocrx_word' id='word_1_191' title='bbox 377 3106 474 3151; x_wconf 84' lang='lat' dir='ltr'>amares</span> <span class='ocrx_word' id='word_1_192' title='bbox 487 3100 516 3151; x_wconf 90' lang='lat' dir='ltr'>ct</span> <span class='ocrx_word' id='word_1_193' title='bbox 532 3091 638 3171; x_wconf 83' lang='lat' dir='ltr'>singuli</span> <span class='ocrx_word' id='word_1_194' title='bbox 653 3091 821 3154; x_wconf 79' lang='lat' dir='ltr'>Catdiuaies</span> <span class='ocrx_word' id='word_1_195' title='bbox 835 3093 863 3150; x_wconf 94' lang='lat' dir='ltr'>in</span> <span class='ocrx_word' id='word_1_196' title='bbox 879 3091 942 3151; x_wconf 92' lang='lat' dir='ltr'>ele-</span> 
     </span>
     <span class='ocr_line' id='line_1_30' title="bbox 150 3189 942 3273; baseline 0.004 -25"><span class='ocrx_word' id='word_1_197' title='bbox 150 3189 244 3248; x_wconf 80' lang='lat' dir='ltr'>ctione</span> <span class='ocrx_word' id='word_1_198' title='bbox 264 3207 326 3250; x_wconf 89' lang='lat' dir='ltr'>mea</span> <span class='ocrx_word' id='word_1_199' title='bbox 347 3202 519 3269; x_wconf 83' lang='lat' dir='ltr'>praesentes,</span> <span class='ocrx_word' id='word_1_200' title='bbox 534 3211 606 3270; x_wconf 91' lang='lat' dir='ltr'>quos</span> <span class='ocrx_word' id='word_1_201' title='bbox 620 3212 675 3273; x_wconf 92' lang='lat' dir='ltr'>pro</span> <span class='ocrx_word' id='word_1_202' title='bbox 693 3204 832 3273; x_wconf 90' lang='lat' dir='ltr'>tempore,</span> <span class='ocrx_word' id='word_1_203' title='bbox 847 3203 875 3253; x_wconf 91' lang='lat' dir='ltr'>et</span> <span class='ocrx_word' id='word_1_204' title='bbox 890 3193 942 3269; x_wconf 90' lang='lat' dir='ltr'>qui</span> 
     </span>
     <span class='ocr_line' id='line_1_31' title="bbox 149 3289 942 3371; baseline 0.008 -24"><span class='ocrx_word' id='word_1_205' title='bbox 149 3307 205 3367; x_wconf 91' lang='lat' dir='ltr'>pro</span> <span class='ocrx_word' id='word_1_206' title='bbox 220 3300 347 3369; x_wconf 91' lang='lat' dir='ltr'>tempore</span> <span class='ocrx_word' id='word_1_207' title='bbox 361 3290 478 3364; x_wconf 86' lang='grc'><strong>44444444,</strong></span> <span class='ocrx_word' id='word_1_208' title='bbox 493 3310 676 3371; x_wconf 90' lang='lat' dir='ltr'>quacumque</span> <span class='ocrx_word' id='word_1_209' title='bbox 691 3293 727 3353; x_wconf 92' lang='lat' dir='ltr'>de</span> <span class='ocrx_word' id='word_1_210' title='bbox 738 3310 825 3353; x_wconf 88' lang='lat' dir='ltr'>causa</span> <span class='ocrx_word' id='word_1_211' title='bbox 839 3310 855 3350; x_wconf 93' lang='lat' dir='ltr'>a</span> <span class='ocrx_word' id='word_1_212' title='bbox 877 3289 942 3353; x_wconf 85' lang='lat' dir='ltr'>llo·</span> 
     </span>
     <span class='ocr_line' id='line_1_32' title="bbox 150 3389 942 3474; baseline 0.009 -28"><span class='ocrx_word' id='word_1_213' title='bbox 150 3407 235 3448; x_wconf 90' lang='lat' dir='ltr'>mana</span> <span class='ocrx_word' id='word_1_214' title='bbox 255 3389 345 3450; x_wconf 87' lang='lat' dir='ltr'>Curia</span> <span class='ocrx_word' id='word_1_215' title='bbox 359 3410 389 3451; x_wconf 90' lang='lat' dir='ltr'>se</span> <span class='ocrx_word' id='word_1_216' title='bbox 408 3393 557 3454; x_wconf 87' lang='lat' dir='ltr'>absentare</span> <span class='ocrx_word' id='word_1_217' title='bbox 574 3394 736 3473; x_wconf 83' lang='lat' dir='ltr'>eontigerit,</span> <span class='ocrx_word' id='word_1_218' title='bbox 755 3393 792 3452; x_wconf 91' lang='lat' dir='ltr'>ad</span> <span class='ocrx_word' id='word_1_219' title='bbox 805 3394 942 3474; x_wconf 84' lang='lat' dir='ltr'>ecclesias</span> 
     </span>
     <span class='ocr_line' id='line_1_33' title="bbox 149 3492 942 3571; baseline 0.009 -24"><span class='ocrx_word' id='word_1_220' title='bbox 149 3494 239 3560; x_wconf 88' lang='lat' dir='ltr'>suas,</span> <span class='ocrx_word' id='word_1_221' title='bbox 267 3492 312 3551; x_wconf 91' lang='lat' dir='ltr'>vel</span> <span class='ocrx_word' id='word_1_222' title='bbox 333 3510 533 3571; x_wconf 89' lang='lat' dir='ltr'>quaecumque</span> <span class='ocrx_word' id='word_1_223' title='bbox 554 3495 620 3554; x_wconf 90' lang='lat' dir='ltr'>ioca</span> <span class='ocrx_word' id='word_1_224' title='bbox 640 3496 728 3554; x_wconf 90' lang='lat' dir='ltr'>etium</span> <span class='ocrx_word' id='word_1_225' title='bbox 750 3505 884 3566; x_wconf 87' lang='lat' dir='ltr'>remota,</span> <span class='ocrx_word' id='word_1_226' title='bbox 912 3506 942 3567; x_wconf 90' lang='lat' dir='ltr'>et</span> 
     </span>
     <span class='ocr_line' id='line_1_34' title="bbox 150 3591 941 3666; baseline 0.01 -18"><span class='ocrx_word' id='word_1_227' title='bbox 150 3601 231 3649; x_wconf 90' lang='lat' dir='ltr'>extra</span> <span class='ocrx_word' id='word_1_228' title='bbox 254 3591 367 3650; x_wconf 89' lang='lat' dir='ltr'>ltaliam</span> <span class='ocrx_word' id='word_1_229' title='bbox 386 3611 454 3652; x_wconf 87' lang='lat' dir='ltr'>cana</span> <span class='ocrx_word' id='word_1_230' title='bbox 475 3594 589 3654; x_wconf 90' lang='lat' dir='ltr'>licentia</span> <span class='ocrx_word' id='word_1_231' title='bbox 611 3612 674 3654; x_wconf 91' lang='lat' dir='ltr'>mea</span> <span class='ocrx_word' id='word_1_232' title='bbox 696 3595 742 3655; x_wconf 87' lang='lat' dir='ltr'>rel</span> <span class='ocrx_word' id='word_1_233' title='bbox 763 3595 876 3666; x_wconf 88' lang='lat' dir='ltr'>verbo,</span> <span class='ocrx_word' id='word_1_234' title='bbox 896 3597 941 3656; x_wconf 91' lang='grc'>444</span> 
     </span>
     <span class='ocr_line' id='line_1_35' title="bbox 150 3689 941 3774; baseline 0.01 -27"><span class='ocrx_word' id='word_1_235' title='bbox 150 3689 276 3769; x_wconf 86' lang='lat' dir='ltr'>scriptis,</span> <span class='ocrx_word' id='word_1_236' title='bbox 292 3691 435 3769; x_wconf 80' lang='lat' dir='ltr'>gaudeant</span> <span class='ocrx_word' id='word_1_237' title='bbox 449 3695 583 3754; x_wconf 85' lang='lat' dir='ltr'>omatibus</span> <span class='ocrx_word' id='word_1_238' title='bbox 599 3705 628 3755; x_wconf 92' lang='lat' dir='ltr'>et</span> <span class='ocrx_word' id='word_1_239' title='bbox 641 3696 760 3774; x_wconf 80' lang='lat' dir='ltr'>singulis</span> <span class='ocrx_word' id='word_1_240' title='bbox 781 3692 941 3773; x_wconf 80' lang='lat' dir='ltr'>privilegiis</span> 
     </span>
     <span class='ocr_line' id='line_1_36' title="bbox 151 3790 942 3873; baseline 0.004 -24"><span class='ocrx_word' id='word_1_241' title='bbox 151 3790 294 3852; x_wconf 87' lang='lat' dir='ltr'>consuetis</span> <span class='ocrx_word' id='word_1_242' title='bbox 308 3811 343 3853; x_wconf 89' lang='lat' dir='ltr'>uc</span> <span class='ocrx_word' id='word_1_243' title='bbox 363 3794 387 3853; x_wconf 90' lang='lat' dir='ltr'>si</span> <span class='ocrx_word' id='word_1_244' title='bbox 404 3808 566 3873; x_wconf 85' lang='lat' dir='ltr'>praesentes</span> <span class='ocrx_word' id='word_1_245' title='bbox 584 3798 736 3857; x_wconf 79' lang='lat' dir='ltr'>existerent</span> <span class='ocrx_word' id='word_1_246' title='bbox 752 3796 780 3855; x_wconf 92' lang='lat' dir='ltr'>in</span> <span class='ocrx_word' id='word_1_247' title='bbox 798 3795 942 3869; x_wconf 85' lang='lat' dir='ltr'>omnibus,</span> 
     </span>
     <span class='ocr_line' id='line_1_37' title="bbox 151 3894 941 3976; baseline 0.008 -27"><span class='ocrx_word' id='word_1_248' title='bbox 151 3901 180 3949; x_wconf 93' lang='lat' dir='ltr'>et</span> <span class='ocrx_word' id='word_1_249' title='bbox 199 3909 251 3970; x_wconf 89' lang='lat' dir='ltr'>per</span> <span class='ocrx_word' id='word_1_250' title='bbox 272 3894 368 3952; x_wconf 92' lang='lat' dir='ltr'>omnia</span> <span class='ocrx_word' id='word_1_251' title='bbox 388 3895 549 3972; x_wconf 88' lang='lat' dir='ltr'>plenissime</span> <span class='ocrx_word' id='word_1_252' title='bbox 563 3898 671 3976; x_wconf 87' lang='lat' dir='ltr'>absque</span> <span class='ocrx_word' id='word_1_253' title='bbox 691 3897 746 3957; x_wconf 91' lang='lat' dir='ltr'>alia</span> <span class='ocrx_word' id='word_1_254' title='bbox 767 3898 941 3976; x_wconf 89' lang='lat' dir='ltr'>interpreta-</span> 
     </span>
     <span class='ocr_line' id='line_1_38' title="bbox 151 3991 900 4073; baseline 0.019 -24"><span class='ocrx_word' id='word_1_255' title='bbox 151 3991 237 4064; x_wconf 88' lang='lat' dir='ltr'>tione,</span> <span class='ocrx_word' id='word_1_256' title='bbox 260 3994 305 4052; x_wconf 90' lang='lat' dir='ltr'>vel</span> <span class='ocrx_word' id='word_1_257' title='bbox 326 3995 570 4073; x_wconf 87' lang='lat' dir='ltr'>tergiversatione.</span> <span class='ocrx_word' id='word_1_258' title='bbox 899 4006 900 4010; x_wconf 75' lang='grc'>’</span> 
     </span>
     <span class='ocr_line' id='line_1_39' title="bbox 192 4093 941 4178; baseline 0.009 -28"><span class='ocrx_word' id='word_1_259' title='bbox 192 4093 941 4178; x_wconf 83' lang='lat' dir='ltr'>itetu,omnesetsingalasabsolvendi,dispensandi,·</span> 
     </span>
     <span class='ocr_line' id='line_1_40' title="bbox 150 4193 944 4277; baseline 0.011 -27"><span class='ocrx_word' id='word_1_260' title='bbox 150 4202 179 4251; x_wconf 89' lang='grc'>44</span> <span class='ocrx_word' id='word_1_261' title='bbox 197 4193 253 4252; x_wconf 90' lang='grc'><strong>4444</strong></span> <span class='ocrx_word' id='word_1_262' title='bbox 268 4194 400 4269; x_wconf 90' lang='lat' dir='ltr'>faciendi,</span> <span class='ocrx_word' id='word_1_263' title='bbox 415 4196 577 4269; x_wconf 76' lang='lat' dir='ltr'>facultates,</span> <span class='ocrx_word' id='word_1_264' title='bbox 598 4198 762 4277; x_wconf 80' lang='lat' dir='ltr'>privilegia,</span> <span class='ocrx_word' id='word_1_265' title='bbox 778 4201 944 4259; x_wconf 84' lang='lat' dir='ltr'>concessio-</span> 
     </span>
     <span class='ocr_line' id='line_1_41' title="bbox 152 4293 942 4377; baseline 0.011 -28"><span class='ocrx_word' id='word_1_266' title='bbox 152 4308 211 4364; x_wconf 87' lang='lat' dir='ltr'>nes,</span> <span class='ocrx_word' id='word_1_267' title='bbox 223 4303 252 4352; x_wconf 93' lang='lat' dir='ltr'>et</span> <span class='ocrx_word' id='word_1_268' title='bbox 262 4293 372 4353; x_wconf 90' lang='lat' dir='ltr'>indulta</span> <span class='ocrx_word' id='word_1_269' title='bbox 386 4313 459 4372; x_wconf 89' lang='lat' dir='ltr'>quae</span> <span class='ocrx_word' id='word_1_270' title='bbox 471 4315 487 4355; x_wconf 90' lang='lat' dir='ltr'>a</span> <span class='ocrx_word' id='word_1_271' title='bbox 499 4296 546 4356; x_wconf 92' lang='lat' dir='ltr'>fel.</span> <span class='ocrx_word' id='word_1_272' title='bbox 560 4315 618 4358; x_wconf 89' lang='lat' dir='ltr'>rec.</span> <span class='ocrx_word' id='word_1_273' title='bbox 631 4296 712 4359; x_wconf 81' lang='lat' dir='ltr'>Sixto</span> <span class='ocrx_word' id='word_1_274' title='bbox 727 4297 805 4377; x_wconf 87' lang='lat' dir='ltr'>Papa</span> <span class='ocrx_word' id='word_1_275' title='bbox 816 4294 942 4370; x_wconf 80' lang='lat' dir='ltr'>Quarto,</span> 
     </span>
     <span class='ocr_line' id='line_1_42' title="bbox 150 4396 940 4474; baseline 0.006 -23"><span class='ocrx_word' id='word_1_276' title='bbox 150 4404 179 4452; x_wconf 91' lang='lat' dir='ltr'>et</span> <span class='ocrx_word' id='word_1_277' title='bbox 193 4410 378 4472; x_wconf 87' lang='lat' dir='ltr'>quocumque</span> <span class='ocrx_word' id='word_1_278' title='bbox 399 4397 455 4456; x_wconf 91' lang='lat' dir='ltr'>alio</span> <span class='ocrx_word' id='word_1_279' title='bbox 481 4396 699 4474; x_wconf 85' lang='lat' dir='ltr'>praedecessore</span> <span class='ocrx_word' id='word_1_280' title='bbox 719 4416 784 4458; x_wconf 91' lang='lat' dir='ltr'>meo</span> <span class='ocrx_word' id='word_1_281' title='bbox 806 4399 834 4456; x_wconf 90' lang='lat' dir='ltr'>in</span> <span class='ocrx_word' id='word_1_282' title='bbox 855 4398 940 4457; x_wconf 85' lang='lat' dir='ltr'>favo·</span> 
     </span>
     <span class='ocr_line' id='line_1_43' title="bbox 152 4492 940 4576; baseline 0.008 -26"><span class='ocrx_word' id='word_1_283' title='bbox 152 4511 213 4554; x_wconf 91' lang='lat' dir='ltr'>rem</span> <span class='ocrx_word' id='word_1_284' title='bbox 241 4492 437 4554; x_wconf 76' lang='lat' dir='ltr'>cardinalium</span> <span class='ocrx_word' id='word_1_285' title='bbox 455 4495 624 4556; x_wconf 88' lang='lat' dir='ltr'>eorumdem</span> <span class='ocrx_word' id='word_1_286' title='bbox 647 4498 675 4557; x_wconf 91' lang='lat' dir='ltr'>iu</span> <span class='ocrx_word' id='word_1_287' title='bbox 696 4516 817 4576; x_wconf 84' lang='lat' dir='ltr'>genere,</span> <span class='ocrx_word' id='word_1_288' title='bbox 839 4498 883 4558; x_wconf 87' lang='lat' dir='ltr'>rel</span> <span class='ocrx_word' id='word_1_289' title='bbox 911 4498 940 4556; x_wconf 85' lang='lat' dir='ltr'>in</span> 
     </span>
     <span class='ocr_line' id='line_1_44' title="bbox 150 4590 940 4679; baseline 0.008 -26"><span class='ocrx_word' id='word_1_290' title='bbox 150 4596 254 4672; x_wconf 89' lang='lat' dir='ltr'>specie,</span> <span class='ocrx_word' id='word_1_291' title='bbox 268 4594 482 4671; x_wconf 89' lang='lat' dir='ltr'>quomodolibet</span> <span class='ocrx_word' id='word_1_292' title='bbox 498 4595 636 4665; x_wconf 87' lang='lat' dir='ltr'>hactenus</span> <span class='ocrx_word' id='word_1_293' title='bbox 646 4610 816 4660; x_wconf 88' lang='lat' dir='ltr'>emanarant</span> <span class='ocrx_word' id='word_1_294' title='bbox 830 4590 940 4679; x_wconf 86' lang='lat' dir='ltr'>appro-</span> 
     </span>
     <span class='ocr_line' id='line_1_45' title="bbox 150 4691 939 4776; baseline 0.011 -26"><span class='ocrx_word' id='word_1_295' title='bbox 150 4693 199 4766; x_wconf 91' lang='lat' dir='ltr'>bo,</span> <span class='ocrx_word' id='word_1_296' title='bbox 214 4706 244 4755; x_wconf 92' lang='lat' dir='ltr'>et</span> <span class='ocrx_word' id='word_1_297' title='bbox 257 4692 397 4756; x_wconf 87' lang='lat' dir='ltr'>confirmo</span> <span class='ocrx_word' id='word_1_298' title='bbox 411 4691 468 4776; x_wconf 76' lang='grc'><strong>(4),</strong></span> <span class='ocrx_word' id='word_1_299' title='bbox 485 4708 656 4758; x_wconf 82' lang='lat' dir='ltr'>manatense</span> <span class='ocrx_word' id='word_1_300' title='bbox 672 4710 700 4760; x_wconf 90' lang='lat' dir='ltr'>et</span> <span class='ocrx_word' id='word_1_301' title='bbox 719 4700 852 4772; x_wconf 82' lang='lat' dir='ltr'>absarro,</span> <span class='ocrx_word' id='word_1_302' title='bbox 868 4711 895 4761; x_wconf 91' lang='lat' dir='ltr'>et</span> <span class='ocrx_word' id='word_1_303' title='bbox 916 4700 939 4759; x_wconf 89' lang='lat' dir='ltr'>si</span> 
     </span>
     <span class='ocr_line' id='line_1_46' title="bbox 151 4790 937 4882; baseline 0.014 -31"><span class='ocrx_word' id='word_1_304' title='bbox 151 4790 178 4851; x_wconf 90' lang='lat' dir='ltr'>id</span> <span class='ocrx_word' id='word_1_305' title='bbox 201 4795 365 4869; x_wconf 90' lang='lat' dir='ltr'>voluerint,</span> <span class='ocrx_word' id='word_1_306' title='bbox 386 4796 421 4858; x_wconf 90' lang='lat' dir='ltr'>de</span> <span class='ocrx_word' id='word_1_307' title='bbox 442 4815 519 4859; x_wconf 92' lang='lat' dir='ltr'>novo</span> <span class='ocrx_word' id='word_1_308' title='bbox 537 4800 693 4862; x_wconf 87' lang='lat' dir='ltr'>concedam</span> <span class='ocrx_word' id='word_1_309' title='bbox 715 4801 743 4860; x_wconf 93' lang='lat' dir='ltr'>in</span> <span class='ocrx_word' id='word_1_310' title='bbox 765 4801 937 4882; x_wconf 90' lang='lat' dir='ltr'>amplissima</span> 
     </span>
    </p>
   </div>
   <div class='ocr_carea' id='block_1_5' title="bbox 150 5074 938 5379">
    <p class='ocr_par' dir='ltr' id='par_1_5' title="bbox 150 5074 938 5215">
     <span class='ocr_line' id='line_1_47' title="bbox 189 5074 938 5143; baseline 0.013 -19"><span class='ocrx_word' id='word_1_311' title='bbox 189 5074 223 5136; x_wconf 86' lang='lat' dir='ltr'>(t)</span> <span class='ocrx_word' id='word_1_312' title='bbox 243 5074 388 5138; x_wconf 76' lang='lat' dir='ltr'>Rayaald.,</span> <span class='ocrx_word' id='word_1_313' title='bbox 409 5078 479 5139; x_wconf 90' lang='lat' dir='ltr'>quad</span> <span class='ocrx_word' id='word_1_314' title='bbox 501 5080 639 5143; x_wconf 88' lang='lat' dir='ltr'>sequitur,</span> <span class='ocrx_word' id='word_1_315' title='bbox 656 5082 750 5131; x_wconf 88' lang='lat' dir='ltr'>iterum</span> <span class='ocrx_word' id='word_1_316' title='bbox 774 5082 938 5134; x_wconf 82' lang='lat' dir='ltr'>recensetis</span> 
     </span>
     <span class='ocr_line' id='line_1_48' title="bbox 150 5150 399 5215; baseline 0.02 -18"><span class='ocrx_word' id='word_1_317' title='bbox 150 5150 242 5202; x_wconf 86' lang='lat' dir='ltr'>histor.</span> <span class='ocrx_word' id='word_1_318' title='bbox 258 5164 339 5215; x_wconf 86' lang='lat' dir='ltr'>saper</span> <span class='ocrx_word' id='word_1_319' title='bbox 356 5154 399 5204; x_wconf 86' lang='lat' dir='ltr'>ait.</span> 
     </span>
    </p>

    <p class='ocr_par' dir='ltr' id='par_1_6' title="bbox 150 5229 937 5379">
     <span class='ocr_line' id='line_1_49' title="bbox 189 5229 937 5301; baseline 0.017 -23"><span class='ocrx_word' id='word_1_320' title='bbox 189 5233 225 5287; x_wconf 77' lang='lat'>(2)</span> <span class='ocrx_word' id='word_1_321' title='bbox 235 5229 263 5280; x_wconf 91' lang='lat' dir='ltr'>in</span> <span class='ocrx_word' id='word_1_322' title='bbox 274 5231 400 5295; x_wconf 71' lang='grc'><strong>44444444.</strong></span> <span class='ocrx_word' id='word_1_323' title='bbox 410 5236 555 5297; x_wconf 85' lang='lat' dir='ltr'>approbabo</span> <span class='ocrx_word' id='word_1_324' title='bbox 566 5241 588 5289; x_wconf 87' lang='lat' dir='ltr'>el</span> <span class='ocrx_word' id='word_1_325' title='bbox 604 5239 766 5301; x_wconf 66' lang='lat' dir='ltr'>confirmabo:</span> <span class='ocrx_word' id='word_1_326' title='bbox 777 5243 803 5288; x_wconf 91' lang='lat' dir='ltr'>et</span> <span class='ocrx_word' id='word_1_327' title='bbox 817 5240 850 5290; x_wconf 89' lang='lat' dir='ltr'>nil</span> <span class='ocrx_word' id='word_1_328' title='bbox 869 5242 937 5290; x_wconf 86' lang='grc'><strong>44444</strong></span> 
     </span>
     <span class='ocr_line' id='line_1_50' title="bbox 150 5307 796 5379; baseline 0.011 -22"><span class='ocrx_word' id='word_1_329' title='bbox 150 5307 182 5358; x_wconf 86' lang='grc'>44</span> <span class='ocrx_word' id='word_1_330' title='bbox 200 5310 259 5370; x_wconf 89' lang='lat' dir='ltr'>itae,</span> <span class='ocrx_word' id='word_1_331' title='bbox 275 5322 358 5374; x_wconf 89' lang='lat' dir='ltr'>neque</span> <span class='ocrx_word' id='word_1_332' title='bbox 376 5312 409 5363; x_wconf 88' lang='grc'>44</span> <span class='ocrx_word' id='word_1_333' title='bbox 426 5325 481 5377; x_wconf 88' lang='lat' dir='ltr'>seq.</span> <span class='ocrx_word' id='word_1_334' title='bbox 499 5327 602 5379; x_wconf 81' lang='lat' dir='ltr'>paragr.</span> <span class='ocrx_word' id='word_1_335' title='bbox 620 5316 687 5366; x_wconf 89' lang='lat' dir='ltr'>idom</span> <span class='ocrx_word' id='word_1_336' title='bbox 706 5317 796 5367; x_wconf 84' lang='lat' dir='ltr'>refert.</span> 
     </span>
    </p>
   </div>
   <div class='ocr_carea' id='block_1_6' title="bbox 1693 243 1806 330">
    <p class='ocr_par' dir='ltr' id='par_1_7' title="bbox 1693 243 1806 330">
     <span class='ocr_line' id='line_1_51' title="bbox 1693 243 1806 330; baseline 0.018 -25"><span class='ocrx_word' id='word_1_337' title='bbox 1693 243 1806 330; x_wconf 78' lang='grc'><strong>(4444)</strong></span> 
     </span>
    </p>
   </div>
   <div class='ocr_carea' id='block_1_7' title="bbox 1007 375 1869 5183">
    <p class='ocr_par' dir='ltr' id='par_1_8' title="bbox 1007 375 1869 5183">
     <span class='ocr_line' id='line_1_52' title="bbox 1015 375 1803 458; baseline 0.013 -26"><span class='ocrx_word' id='word_1_338' title='bbox 1015 375 1107 434; x_wconf 85' lang='lat' dir='ltr'>forma</span> <span class='ocrx_word' id='word_1_339' title='bbox 1129 376 1179 449; x_wconf 96' lang='grc'><strong>144,</strong></span> <span class='ocrx_word' id='word_1_340' title='bbox 1200 389 1232 437; x_wconf 91' lang='grc'>444</span> <span class='ocrx_word' id='word_1_341' title='bbox 1253 378 1369 456; x_wconf 62' lang='lat' dir='ltr'>mentam</span> <span class='ocrx_word' id='word_1_342' title='bbox 1395 377 1515 439; x_wconf 88' lang='lat' dir='ltr'>debeant</span> <span class='ocrx_word' id='word_1_343' title='bbox 1532 389 1561 440; x_wconf 92' lang='lat' dir='ltr'>et</span> <span class='ocrx_word' id='word_1_344' title='bbox 1576 380 1685 458; x_wconf 90' lang='lat' dir='ltr'>possint</span> <span class='ocrx_word' id='word_1_345' title='bbox 1705 382 1803 442; x_wconf 89' lang='lat' dir='ltr'>sortiri</span> 
     </span>
     <span class='ocr_line' id='line_1_53' title="bbox 1013 474 1685 545; baseline 0.007 -12"><span class='ocrx_word' id='word_1_346' title='bbox 1013 474 1154 537; x_wconf 85' lang='lat' dir='ltr'>eflectum.</span> <span class='ocrx_word' id='word_1_347' title='bbox 1368 542 1371 545; x_wconf 56' lang='grc'><strong>,</strong></span> <span class='ocrx_word' id='word_1_348' title='bbox 1681 476 1685 481; x_wconf 76' lang='grc'><strong>’</strong></span> 
     </span>
     <span class='ocr_line' id='line_1_54' title="bbox 1055 573 1806 658; baseline 0.011 -26"><span class='ocrx_word' id='word_1_349' title='bbox 1055 573 1515 655; x_wconf 65' lang='grc' dir='ltr'><strong>4444444444144444·4441444(ἶυι14</strong></span> <span class='ocrx_word' id='word_1_350' title='bbox 1531 597 1585 658; x_wconf 85' lang='lat' dir='ltr'>pro</span> <span class='ocrx_word' id='word_1_351' title='bbox 1600 578 1806 640; x_wconf 87' lang='lat' dir='ltr'>continentiam</span> 
     </span>
     <span class='ocr_line' id='line_1_55' title="bbox 1013 674 1805 756; baseline 0.013 -26"><span class='ocrx_word' id='word_1_352' title='bbox 1013 674 1049 731; x_wconf 91' lang='lat' dir='ltr'>ad</span> <span class='ocrx_word' id='word_1_353' title='bbox 1078 675 1156 736; x_wconf 88' lang='lat' dir='ltr'>illam</span> <span class='ocrx_word' id='word_1_354' title='bbox 1189 676 1320 756; x_wconf 85' lang='lat' dir='ltr'>celeriori</span> <span class='ocrx_word' id='word_1_355' title='bbox 1351 674 1528 755; x_wconf 83' lang='lat' dir='ltr'>expeditione</span> <span class='ocrx_word' id='word_1_356' title='bbox 1545 677 1679 753; x_wconf 88' lang='lat' dir='ltr'>dadum·</span> <span class='ocrx_word' id='word_1_357' title='bbox 1697 679 1805 740; x_wconf 88' lang='lat' dir='ltr'>fuerint</span> 
     </span>
     <span class='ocr_line' id='line_1_56' title="bbox 1013 775 1805 860; baseline 0.005 -27"><span class='ocrx_word' id='word_1_358' title='bbox 1013 775 1132 851; x_wconf 89' lang='lat' dir='ltr'>proinde</span> <span class='ocrx_word' id='word_1_359' title='bbox 1145 776 1271 837; x_wconf 90' lang='lat' dir='ltr'>instituta</span> <span class='ocrx_word' id='word_1_360' title='bbox 1285 779 1652 859; x_wconf 88' lang='lat' dir='ltr'>cancellariaeapostalicae</span> <span class='ocrx_word' id='word_1_361' title='bbox 1662 784 1690 840; x_wconf 90' lang='lat' dir='ltr'>et</span> <span class='ocrx_word' id='word_1_362' title='bbox 1702 780 1805 860; x_wconf 90' lang='lat' dir='ltr'>poeni-</span> 
     </span>
     <span class='ocr_line' id='line_1_57' title="bbox 1013 876 1804 958; baseline 0.009 -25"><span class='ocrx_word' id='word_1_363' title='bbox 1013 876 1162 935; x_wconf 90' lang='lat' dir='ltr'>tentiariae</span> <span class='ocrx_word' id='word_1_364' title='bbox 1189 876 1456 938; x_wconf 76' lang='lat' dir='ltr'>accamerariatus&#39;</span> <span class='ocrx_word' id='word_1_365' title='bbox 1481 880 1591 954; x_wconf 83' lang='lat' dir='ltr'>officia,</span> <span class='ocrx_word' id='word_1_366' title='bbox 1618 882 1732 958; x_wconf 85' lang='lat' dir='ltr'>sintque</span> <span class='ocrx_word' id='word_1_367' title='bbox 1758 881 1804 940; x_wconf 89' lang='lat' dir='ltr'>ilia</span> 
     </span>
     <span class='ocr_line' id='line_1_58' title="bbox 1012 975 1806 1059; baseline 0.008 -25"><span class='ocrx_word' id='word_1_368' title='bbox 1012 993 1067 1053; x_wconf 89' lang='lat' dir='ltr'>pra</span> <span class='ocrx_word' id='word_1_369' title='bbox 1083 989 1212 1053; x_wconf 90' lang='lat' dir='ltr'>tempore</span> <span class='ocrx_word' id='word_1_370' title='bbox 1226 975 1418 1037; x_wconf 88' lang='lat' dir='ltr'>obtinentibus</span> <span class='ocrx_word' id='word_1_371' title='bbox 1437 979 1472 1039; x_wconf 88' lang='lat' dir='ltr'>de</span> <span class='ocrx_word' id='word_1_372' title='bbox 1489 981 1609 1059; x_wconf 91' lang='lat' dir='ltr'>antiqua</span> <span class='ocrx_word' id='word_1_373' title='bbox 1629 981 1696 1040; x_wconf 89' lang='lat' dir='ltr'>stilo</span> <span class='ocrx_word' id='word_1_374' title='bbox 1710 989 1739 1041; x_wconf 90' lang='lat' dir='ltr'>et</span> <span class='ocrx_word' id='word_1_375' title='bbox 1761 978 1806 1039; x_wconf 90' lang='lat' dir='ltr'>ia-</span> 
     </span>
     <span class='ocr_line' id='line_1_59' title="bbox 1016 1077 1806 1157; baseline 0.011 -26"><span class='ocrx_word' id='word_1_376' title='bbox 1016 1086 1143 1145; x_wconf 86' lang='lat' dir='ltr'>veterata</span> <span class='ocrx_word' id='word_1_377' title='bbox 1159 1077 1365 1138; x_wconf 87' lang='lat' dir='ltr'>consuetudine</span> <span class='ocrx_word' id='word_1_378' title='bbox 1386 1080 1531 1157; x_wconf 86' lang='lat' dir='ltr'>praefatae</span> <span class='ocrx_word' id='word_1_379' title='bbox 1548 1081 1666 1153; x_wconf 86' lang='lat' dir='ltr'>Curiae,</span> <span class='ocrx_word' id='word_1_380' title='bbox 1681 1100 1733 1140; x_wconf 90' lang='lat' dir='ltr'>seu</span> <span class='ocrx_word' id='word_1_381' title='bbox 1756 1099 1806 1140; x_wconf 85' lang='lat' dir='ltr'>ex·</span> 
     </span>
     <span class='ocr_line' id='line_1_60' title="bbox 1011 1175 1806 1257; baseline 0.01 -24"><span class='ocrx_word' id='word_1_382' title='bbox 1011 1192 1111 1254; x_wconf 88' lang='lat' dir='ltr'>pressa</span> <span class='ocrx_word' id='word_1_383' title='bbox 1126 1175 1306 1253; x_wconf 86' lang='lat' dir='ltr'>concessione</span> <span class='ocrx_word' id='word_1_384' title='bbox 1320 1178 1573 1257; x_wconf 88' lang='lat' dir='ltr'>praedecessorum</span> <span class='ocrx_word' id='word_1_385' title='bbox 1588 1199 1722 1242; x_wconf 87' lang='lat' dir='ltr'>mearum</span> <span class='ocrx_word' id='word_1_386' title='bbox 1735 1199 1806 1241; x_wconf 86' lang='lat' dir='ltr'>cer·</span> 
     </span>
     <span class='ocr_line' id='line_1_61' title="bbox 1013 1276 1806 1354; baseline 0.008 -18"><span class='ocrx_word' id='word_1_387' title='bbox 1013 1287 1057 1336; x_wconf 88' lang='lat' dir='ltr'>tae</span> <span class='ocrx_word' id='word_1_388' title='bbox 1084 1276 1249 1337; x_wconf 85' lang='lat' dir='ltr'>concessae</span> <span class='ocrx_word' id='word_1_389' title='bbox 1265 1277 1437 1351; x_wconf 78' lang='lat' dir='ltr'>facultates,</span> <span class='ocrx_word' id='word_1_390' title='bbox 1466 1282 1510 1342; x_wconf 88' lang='grc'>444</span> <span class='ocrx_word' id='word_1_391' title='bbox 1539 1282 1754 1354; x_wconf 86' lang='lat' dir='ltr'>authoritates,</span> <span class='ocrx_word' id='word_1_392' title='bbox 1777 1294 1806 1342; x_wconf 89' lang='grc'>44</span> 
     </span>
     <span class='ocr_line' id='line_1_62' title="bbox 1012 1377 1804 1462; baseline 0.008 -26"><span class='ocrx_word' id='word_1_393' title='bbox 1012 1377 1151 1455; x_wconf 72' lang='lat' dir='ltr'>quaesitam</span> <span class='ocrx_word' id='word_1_394' title='bbox 1182 1378 1322 1439; x_wconf 90' lang='grc'><strong>4444444444</strong></span> <span class='ocrx_word' id='word_1_395' title='bbox 1348 1381 1551 1455; x_wconf 86' lang='lat' dir='ltr'>emolumenta,</span> <span class='ocrx_word' id='word_1_396' title='bbox 1565 1394 1595 1441; x_wconf 91' lang='lat' dir='ltr'>et</span> <span class='ocrx_word' id='word_1_397' title='bbox 1619 1382 1804 1462; x_wconf 83' lang='lat' dir='ltr'>exipsorum</span> 
     </span>
     <span class='ocr_line' id='line_1_63' title="bbox 1011 1479 1805 1562; baseline 0.008 -24"><span class='ocrx_word' id='word_1_398' title='bbox 1011 1479 1175 1538; x_wconf 84' lang='lat' dir='ltr'>officiorum</span> <span class='ocrx_word' id='word_1_399' title='bbox 1201 1479 1372 1541; x_wconf 89' lang='lat' dir='ltr'>alteratione</span> <span class='ocrx_word' id='word_1_400' title='bbox 1392 1480 1499 1559; x_wconf 88' lang='lat' dir='ltr'>possint</span> <span class='ocrx_word' id='word_1_401' title='bbox 1524 1480 1629 1543; x_wconf 89' lang='lat' dir='ltr'>Cariae</span> <span class='ocrx_word' id='word_1_402' title='bbox 1662 1483 1805 1562; x_wconf 78' lang='lat' dir='ltr'>praefatae</span> 
     </span>
     <span class='ocr_line' id='line_1_64' title="bbox 1011 1560 1805 1659; baseline 0.008 -24"><span class='ocrx_word' id='word_1_403' title='bbox 1011 1579 1094 1639; x_wconf 90' lang='lat' dir='ltr'>varia</span> <span class='ocrx_word' id='word_1_404' title='bbox 1116 1578 1295 1640; x_wconf 82' lang='lat' dir='ltr'>incommoda</span> <span class='ocrx_word' id='word_1_405' title='bbox 1318 1580 1483 1659; x_wconf 80' lang='lat' dir='ltr'>provenire,</span> <span class='ocrx_word' id='word_1_406' title='bbox 1498 1560 1625 1655; x_wconf 27' lang='lat' dir='ltr'>statuam·</span> <span class='ocrx_word' id='word_1_407' title='bbox 1638 1593 1668 1643; x_wconf 89' lang='lat' dir='ltr'>et</span> <span class='ocrx_word' id='word_1_408' title='bbox 1687 1579 1805 1643; x_wconf 90' lang='lat' dir='ltr'>ordina-</span> 
     </span>
     <span class='ocr_line' id='line_1_65' title="bbox 1011 1681 1806 1769; baseline 0.004 -31"><span class='ocrx_word' id='word_1_409' title='bbox 1011 1681 1059 1751; x_wconf 93' lang='lat' dir='ltr'>bo,</span> <span class='ocrx_word' id='word_1_410' title='bbox 1074 1690 1103 1740; x_wconf 91' lang='lat' dir='ltr'>et</span> <span class='ocrx_word' id='word_1_411' title='bbox 1118 1697 1173 1758; x_wconf 91' lang='lat' dir='ltr'>pro</span> <span class='ocrx_word' id='word_1_412' title='bbox 1186 1696 1261 1739; x_wconf 90' lang='lat' dir='ltr'>nune</span> <span class='ocrx_word' id='word_1_413' title='bbox 1283 1691 1390 1749; x_wconf 89' lang='lat' dir='ltr'>statuo,</span> <span class='ocrx_word' id='word_1_414' title='bbox 1405 1693 1434 1742; x_wconf 89' lang='lat' dir='ltr'>et</span> <span class='ocrx_word' id='word_1_415' title='bbox 1448 1682 1566 1756; x_wconf 91' lang='lat' dir='ltr'>ordino,</span> <span class='ocrx_word' id='word_1_416' title='bbox 1581 1701 1616 1741; x_wconf 91' lang='grc'>44</span> <span class='ocrx_word' id='word_1_417' title='bbox 1636 1683 1714 1769; x_wconf 82' lang='grc'><strong>4414,</strong></span> <span class='ocrx_word' id='word_1_418' title='bbox 1729 1682 1806 1761; x_wconf 88' lang='lat' dir='ltr'>qaod</span> 
     </span>
     <span class='ocr_line' id='line_1_66' title="bbox 1013 1766 1806 1863; baseline 0.001 -22"><span class='ocrx_word' id='word_1_419' title='bbox 1013 1766 1542 1862; x_wconf 80' lang='grc'><strong>44444444444444444444444414144444444</strong></span> <span class='ocrx_word' id='word_1_420' title='bbox 1556 1781 1716 1863; x_wconf 79' lang='lat' dir='ltr'>Episcopus</span> <span class='ocrx_word' id='word_1_421' title='bbox 1729 1781 1806 1842; x_wconf 87' lang='lat' dir='ltr'>Par·</span> 
     </span>
     <span class='ocr_line' id='line_1_67' title="bbox 1011 1872 1869 1958; baseline 0 -15"><span class='ocrx_word' id='word_1_422' title='bbox 1011 1882 1117 1943; x_wconf 89' lang='lat' dir='ltr'>taensis</span> <span class='ocrx_word' id='word_1_423' title='bbox 1144 1880 1177 1940; x_wconf 91' lang='lat' dir='ltr'>S.</span> <span class='ocrx_word' id='word_1_424' title='bbox 1202 1879 1238 1939; x_wconf 89' lang='grc'>41.</span> <span class='ocrx_word' id='word_1_425' title='bbox 1267 1879 1301 1940; x_wconf 84' lang='lat' dir='ltr'>E.</span> <span class='ocrx_word' id='word_1_426' title='bbox 1319 1880 1603 1958; x_wconf 55' lang='lat' dir='ltr'>vicecancellarius,</span> <span class='ocrx_word' id='word_1_427' title='bbox 1624 1895 1653 1944; x_wconf 91' lang='lat' dir='ltr'>et</span> <span class='ocrx_word' id='word_1_428' title='bbox 1674 1883 1806 1944; x_wconf 83' lang='lat' dir='ltr'>Julianus</span> <span class='ocrx_word' id='word_1_429' title='bbox 1865 1872 1869 1882; x_wconf 56' lang='lat'><strong>¹</strong></span> 
     </span>
     <span class='ocr_line' id='line_1_68' title="bbox 1013 1977 1807 2062; baseline 0.001 -19"><span class='ocrx_word' id='word_1_430' title='bbox 1013 1982 1164 2062; x_wconf 90' lang='lat' dir='ltr'>episcopus</span> <span class='ocrx_word' id='word_1_431' title='bbox 1185 1977 1334 2053; x_wconf 83' lang='lat' dir='ltr'>Ostiensis,</span> <span class='ocrx_word' id='word_1_432' title='bbox 1349 1982 1399 2058; x_wconf 92' lang='lat' dir='ltr'>qai</span> <span class='ocrx_word' id='word_1_433' title='bbox 1414 1983 1645 2061; x_wconf 77' lang='lat' dir='ltr'>poenitentiarius</span> <span class='ocrx_word' id='word_1_434' title='bbox 1664 1982 1807 2061; x_wconf 80' lang='lat' dir='ltr'>praefatae</span> 
     </span>
     <span class='ocr_line' id='line_1_69' title="bbox 1016 2080 1807 2163; baseline 0.001 -20"><span class='ocrx_word' id='word_1_435' title='bbox 1016 2101 1118 2143; x_wconf 91' lang='lat' dir='ltr'>curam</span> <span class='ocrx_word' id='word_1_436' title='bbox 1140 2083 1230 2162; x_wconf 79' lang='lat' dir='ltr'>gerit,</span> <span class='ocrx_word' id='word_1_437' title='bbox 1253 2099 1288 2141; x_wconf 91' lang='lat' dir='ltr'>ac</span> <span class='ocrx_word' id='word_1_438' title='bbox 1314 2082 1435 2145; x_wconf 85' lang='lat' dir='ltr'>dilectas</span> <span class='ocrx_word' id='word_1_439' title='bbox 1455 2080 1531 2143; x_wconf 86' lang='lat' dir='ltr'>filias</span> <span class='ocrx_word' id='word_1_440' title='bbox 1558 2082 1686 2163; x_wconf 86' lang='lat' dir='ltr'>Rapbael</span> <span class='ocrx_word' id='word_1_441' title='bbox 1709 2081 1807 2144; x_wconf 87' lang='lat' dir='ltr'>Sancti</span> 
     </span>
     <span class='ocr_line' id='line_1_70' title="bbox 1011 2179 1807 2265; baseline 0.003 -22"><span class='ocrx_word' id='word_1_442' title='bbox 1011 2181 1130 2262; x_wconf 83' lang='lat' dir='ltr'>Georgii</span> <span class='ocrx_word' id='word_1_443' title='bbox 1141 2181 1175 2240; x_wconf 91' lang='grc'>44</span> <span class='ocrx_word' id='word_1_444' title='bbox 1192 2184 1290 2243; x_wconf 89' lang='lat' dir='ltr'>velum</span> <span class='ocrx_word' id='word_1_445' title='bbox 1302 2202 1425 2246; x_wconf 92' lang='lat' dir='ltr'>aureum</span> <span class='ocrx_word' id='word_1_446' title='bbox 1440 2179 1487 2265; x_wconf 78' lang='grc'>(3)</span> <span class='ocrx_word' id='word_1_447' title='bbox 1499 2183 1636 2243; x_wconf 90' lang='lat' dir='ltr'>diaconas</span> <span class='ocrx_word' id='word_1_448' title='bbox 1654 2183 1807 2245; x_wconf 90' lang='lat' dir='ltr'>cardinalis</span> 
     </span>
     <span class='ocr_line' id='line_1_71' title="bbox 1010 2280 1806 2364; baseline 0.006 -22"><span class='ocrx_word' id='word_1_449' title='bbox 1010 2280 1196 2343; x_wconf 84' lang='lat' dir='ltr'>Camerarius</span> <span class='ocrx_word' id='word_1_450' title='bbox 1214 2294 1329 2356; x_wconf 90' lang='lat' dir='ltr'>noster,</span> <span class='ocrx_word' id='word_1_451' title='bbox 1352 2295 1381 2350; x_wconf 88' lang='lat' dir='ltr'>et</span> <span class='ocrx_word' id='word_1_452' title='bbox 1402 2284 1453 2363; x_wconf 90' lang='lat' dir='ltr'>qui</span> <span class='ocrx_word' id='word_1_453' title='bbox 1473 2303 1528 2363; x_wconf 93' lang='lat' dir='ltr'>pro</span> <span class='ocrx_word' id='word_1_454' title='bbox 1550 2295 1679 2364; x_wconf 87' lang='lat' dir='ltr'>tempore</span> <span class='ocrx_word' id='word_1_455' title='bbox 1701 2296 1806 2360; x_wconf 78' lang='lat' dir='ltr'>erunt,</span> 
     </span>
     <span class='ocr_line' id='line_1_72' title="bbox 1010 2369 1806 2459; baseline 0.011 -18"><span class='ocrx_word' id='word_1_456' title='bbox 1010 2381 1105 2459; x_wconf 81' lang='lat' dir='ltr'>Major</span> <span class='ocrx_word' id='word_1_457' title='bbox 1121 2381 1369 2453; x_wconf 82' lang='lat' dir='ltr'>Paenitentiarius,</span> <span class='ocrx_word' id='word_1_458' title='bbox 1383 2369 1655 2459; x_wconf 72' lang='lat' dir='ltr'>vicecancellarius,</span> <span class='ocrx_word' id='word_1_459' title='bbox 1661 2398 1688 2447; x_wconf 95' lang='lat' dir='ltr'>et</span> <span class='ocrx_word' id='word_1_460' title='bbox 1702 2386 1806 2450; x_wconf 85' lang='lat' dir='ltr'>Came·</span> 
     </span>
     <span class='ocr_line' id='line_1_73' title="bbox 1011 2480 1806 2566; baseline 0.009 -25"><span class='ocrx_word' id='word_1_461' title='bbox 1011 2483 1122 2554; x_wconf 91' lang='lat' dir='ltr'>rarius,</span> <span class='ocrx_word' id='word_1_462' title='bbox 1149 2482 1227 2544; x_wconf 91' lang='lat' dir='ltr'>dicta</span> <span class='ocrx_word' id='word_1_463' title='bbox 1253 2500 1356 2544; x_wconf 88' lang='lat' dir='ltr'>eorum</span> <span class='ocrx_word' id='word_1_464' title='bbox 1382 2484 1475 2545; x_wconf 85' lang='lat' dir='ltr'>officia</span> <span class='ocrx_word' id='word_1_465' title='bbox 1496 2480 1584 2563; x_wconf 74' lang='lat' dir='ltr'>&#39;juxta</span> <span class='ocrx_word' id='word_1_466' title='bbox 1616 2489 1755 2566; x_wconf 51' lang='lat' dir='ltr'>antiquas.</span> <span class='ocrx_word' id='word_1_467' title='bbox 1778 2499 1806 2548; x_wconf 88' lang='grc'>44</span> 
     </span>
     <span class='ocr_line' id='line_1_74' title="bbox 1010 2581 1807 2665; baseline 0.005 -24"><span class='ocrx_word' id='word_1_468' title='bbox 1010 2584 1107 2642; x_wconf 88' lang='lat' dir='ltr'>solitas</span> <span class='ocrx_word' id='word_1_469' title='bbox 1126 2584 1167 2642; x_wconf 89' lang='lat' dir='ltr'>eis</span> <span class='ocrx_word' id='word_1_470' title='bbox 1188 2582 1303 2644; x_wconf 89' lang='lat' dir='ltr'>concedi</span> <span class='ocrx_word' id='word_1_471' title='bbox 1326 2581 1498 2656; x_wconf 87' lang='lat' dir='ltr'>facultates,</span> <span class='ocrx_word' id='word_1_472' title='bbox 1524 2605 1730 2665; x_wconf 85' lang='lat' dir='ltr'>concessasque</span> <span class='ocrx_word' id='word_1_473' title='bbox 1750 2588 1807 2661; x_wconf 85' lang='lat' dir='ltr'>eis,</span> 
     </span>
     <span class='ocr_line' id='line_1_75' title="bbox 1010 2684 1808 2767; baseline 0.003 -24"><span class='ocrx_word' id='word_1_474' title='bbox 1010 2695 1039 2743; x_wconf 92' lang='lat' dir='ltr'>et</span> <span class='ocrx_word' id='word_1_475' title='bbox 1061 2684 1214 2763; x_wconf 86' lang='lat' dir='ltr'>cujuslibet</span> <span class='ocrx_word' id='word_1_476' title='bbox 1229 2703 1332 2745; x_wconf 91' lang='lat' dir='ltr'>eorum</span> <span class='ocrx_word' id='word_1_477' title='bbox 1355 2706 1371 2744; x_wconf 89' lang='grc'>4</span> <span class='ocrx_word' id='word_1_478' title='bbox 1386 2686 1436 2748; x_wconf 88' lang='lat' dir='ltr'>fel.</span> <span class='ocrx_word' id='word_1_479' title='bbox 1452 2704 1510 2747; x_wconf 85' lang='lat' dir='ltr'>rec.</span> <span class='ocrx_word' id='word_1_480' title='bbox 1526 2688 1638 2750; x_wconf 81' lang='lat' dir='ltr'>Calixto</span> <span class='ocrx_word' id='word_1_481' title='bbox 1653 2686 1767 2760; x_wconf 88' lang='lat' dir='ltr'>Tertio,</span> <span class='ocrx_word' id='word_1_482' title='bbox 1779 2698 1808 2767; x_wconf 85' lang='lat' dir='ltr'>et</span> 
     </span>
     <span class='ocr_line' id='line_1_76' title="bbox 1011 2782 1804 2860; baseline 0.006 -19"><span class='ocrx_word' id='word_1_483' title='bbox 1011 2782 1066 2844; x_wconf 89' lang='lat' dir='ltr'>Pia</span> <span class='ocrx_word' id='word_1_484' title='bbox 1088 2784 1234 2859; x_wconf 88' lang='lat' dir='ltr'>Secundo,</span> <span class='ocrx_word' id='word_1_485' title='bbox 1253 2797 1282 2846; x_wconf 90' lang='lat' dir='ltr'>et</span> <span class='ocrx_word' id='word_1_486' title='bbox 1303 2785 1395 2851; x_wconf 83' lang='lat' dir='ltr'>Paulo</span> <span class='ocrx_word' id='word_1_487' title='bbox 1409 2788 1495 2848; x_wconf 91' lang='lat' dir='ltr'>etiam</span> <span class='ocrx_word' id='word_1_488' title='bbox 1510 2787 1654 2860; x_wconf 81' lang='lat' dir='ltr'>Secundo,</span> <span class='ocrx_word' id='word_1_489' title='bbox 1673 2805 1726 2847; x_wconf 84' lang='grc'><strong>4444</strong></span> <span class='ocrx_word' id='word_1_490' title='bbox 1748 2804 1804 2846; x_wconf 95' lang='lat' dir='ltr'>non</span> 
     </span>
     <span class='ocr_line' id='line_1_77' title="bbox 1011 2871 1806 2969; baseline 0.005 -26"><span class='ocrx_word' id='word_1_491' title='bbox 1011 2883 1093 2945; x_wconf 87' lang='lat' dir='ltr'>Sixto</span> <span class='ocrx_word' id='word_1_492' title='bbox 1112 2884 1225 2955; x_wconf 82' lang='lat' dir='ltr'>Quarto</span> <span class='ocrx_word' id='word_1_493' title='bbox 1240 2885 1377 2947; x_wconf 87' lang='lat' dir='ltr'>Romanis</span> <span class='ocrx_word' id='word_1_494' title='bbox 1396 2871 1582 2950; x_wconf 83' lang='lat' dir='ltr'>Pontificibus</span> <span class='ocrx_word' id='word_1_495' title='bbox 1604 2887 1806 2969; x_wconf 85' lang='lat' dir='ltr'>praedecesso·</span> 
     </span>
     <span class='ocr_line' id='line_1_78' title="bbox 1011 2985 1807 3068; baseline -0.001 -23"><span class='ocrx_word' id='word_1_496' title='bbox 1011 2987 1090 3047; x_wconf 91' lang='lat' dir='ltr'>ribus</span> <span class='ocrx_word' id='word_1_497' title='bbox 1108 2986 1189 3060; x_wconf 88' lang='lat' dir='ltr'>meis,</span> <span class='ocrx_word' id='word_1_498' title='bbox 1201 2989 1229 3048; x_wconf 92' lang='lat' dir='ltr'>in</span> <span class='ocrx_word' id='word_1_499' title='bbox 1244 2988 1396 3048; x_wconf 89' lang='lat' dir='ltr'>literarum</span> <span class='ocrx_word' id='word_1_500' title='bbox 1412 2988 1645 3067; x_wconf 89' lang='lat' dir='ltr'>apostolicarum,</span> <span class='ocrx_word' id='word_1_501' title='bbox 1657 2999 1687 3049; x_wconf 92' lang='lat' dir='ltr'>et</span> <span class='ocrx_word' id='word_1_502' title='bbox 1707 2985 1807 3068; x_wconf 87' lang='lat' dir='ltr'>poeni-</span> 
     </span>
     <span class='ocr_line' id='line_1_79' title="bbox 1011 3087 1806 3170; baseline 0.001 -24"><span class='ocrx_word' id='word_1_503' title='bbox 1011 3089 1158 3149; x_wconf 86' lang='lat' dir='ltr'>teutiarias</span> <span class='ocrx_word' id='word_1_504' title='bbox 1169 3087 1345 3169; x_wconf 86' lang='lat' dir='ltr'>Scriptores,</span> <span class='ocrx_word' id='word_1_505' title='bbox 1355 3088 1581 3163; x_wconf 83' lang='lat' dir='ltr'>abbreviaturas,</span> <span class='ocrx_word' id='word_1_506' title='bbox 1592 3090 1806 3170; x_wconf 81' lang='lat' dir='ltr'>sollicitatores,</span> 
     </span>
     <span class='ocr_line' id='line_1_80' title="bbox 1010 3188 1808 3271; baseline 0.003 -26"><span class='ocrx_word' id='word_1_507' title='bbox 1010 3189 1138 3267; x_wconf 90' lang='lat' dir='ltr'>aliosque</span> <span class='ocrx_word' id='word_1_508' title='bbox 1161 3189 1296 3251; x_wconf 85' lang='lat' dir='ltr'>officiales</span> <span class='ocrx_word' id='word_1_509' title='bbox 1308 3190 1508 3263; x_wconf 86' lang='lat' dir='ltr'>cancellariae,</span> <span class='ocrx_word' id='word_1_510' title='bbox 1527 3188 1761 3271; x_wconf 81' lang='lat' dir='ltr'>poenitentiarios</span> <span class='ocrx_word' id='word_1_511' title='bbox 1781 3199 1808 3249; x_wconf 92' lang='lat' dir='ltr'>et</span> 
     </span>
     <span class='ocr_line' id='line_1_81' title="bbox 1010 3286 1807 3371; baseline 0.006 -25"><span class='ocrx_word' id='word_1_512' title='bbox 1010 3286 1150 3349; x_wconf 82' lang='lat' dir='ltr'>Cauterae</span> <span class='ocrx_word' id='word_1_513' title='bbox 1163 3289 1344 3362; x_wconf 89' lang='lat' dir='ltr'>eorumdem,</span> <span class='ocrx_word' id='word_1_514' title='bbox 1360 3294 1511 3371; x_wconf 86' lang='lat' dir='ltr'>officiaque</span> <span class='ocrx_word' id='word_1_515' title='bbox 1522 3291 1708 3363; x_wconf 81' lang='lat' dir='ltr'>eorumdem,</span> <span class='ocrx_word' id='word_1_516' title='bbox 1718 3308 1807 3369; x_wconf 90' lang='lat' dir='ltr'>supe·</span> 
     </span>
     <span class='ocr_line' id='line_1_82' title="bbox 1012 3387 1806 3471; baseline 0.008 -26"><span class='ocrx_word' id='word_1_517' title='bbox 1012 3387 1187 3466; x_wconf 78' lang='lat' dir='ltr'>rior-itatem,</span> <span class='ocrx_word' id='word_1_518' title='bbox 1206 3399 1386 3469; x_wconf 90' lang='lat' dir='ltr'>potestatem,</span> <span class='ocrx_word' id='word_1_519' title='bbox 1406 3391 1628 3471; x_wconf 84' lang='lat' dir='ltr'>dispositionem,</span> <span class='ocrx_word' id='word_1_520' title='bbox 1650 3401 1679 3454; x_wconf 92' lang='lat' dir='ltr'>et</span> <span class='ocrx_word' id='word_1_521' title='bbox 1700 3409 1806 3470; x_wconf 92' lang='lat' dir='ltr'>quam·</span> 
     </span>
     <span class='ocr_line' id='line_1_83' title="bbox 1010 3489 1806 3567; baseline 0.005 -21"><span class='ocrx_word' id='word_1_522' title='bbox 1010 3504 1135 3567; x_wconf 90' lang='lat' dir='ltr'>eamque</span> <span class='ocrx_word' id='word_1_523' title='bbox 1149 3489 1328 3564; x_wconf 78' lang='lat' dir='ltr'>facultatem,</span> <span class='ocrx_word' id='word_1_524' title='bbox 1343 3490 1566 3567; x_wconf 81' lang='lat' dir='ltr'>authoritatem,</span> <span class='ocrx_word' id='word_1_525' title='bbox 1583 3504 1611 3553; x_wconf 89' lang='lat' dir='ltr'>et</span> <span class='ocrx_word' id='word_1_526' title='bbox 1632 3491 1732 3554; x_wconf 89' lang='lat' dir='ltr'>literas</span> <span class='ocrx_word' id='word_1_527' title='bbox 1752 3491 1806 3550; x_wconf 88' lang='lat' dir='ltr'>ab·</span> 
     </span>
     <span class='ocr_line' id='line_1_84' title="bbox 1010 3589 1808 3667; baseline 0.011 -23"><span class='ocrx_word' id='word_1_528' title='bbox 1010 3604 1079 3665; x_wconf 91' lang='lat' dir='ltr'>sque</span> <span class='ocrx_word' id='word_1_529' title='bbox 1090 3590 1187 3667; x_wconf 90' lang='lat' dir='ltr'>aliqua</span> <span class='ocrx_word' id='word_1_530' title='bbox 1199 3593 1392 3665; x_wconf 86' lang='lat' dir='ltr'>restrictione,</span> <span class='ocrx_word' id='word_1_531' title='bbox 1400 3589 1620 3664; x_wconf 84' lang='lat' dir='ltr'>modificatione,</span> <span class='ocrx_word' id='word_1_532' title='bbox 1628 3592 1808 3665; x_wconf 85' lang='lat' dir='ltr'>limitatione,</span> 
     </span>
     <span class='ocr_line' id='line_1_85' title="bbox 1010 3673 1805 3775; baseline 0.011 -27"><span class='ocrx_word' id='word_1_533' title='bbox 1010 3699 1039 3748; x_wconf 85' lang='lat' dir='ltr'>ct</span> <span class='ocrx_word' id='word_1_534' title='bbox 1053 3689 1111 3749; x_wconf 90' lang='lat' dir='ltr'>alio</span> <span class='ocrx_word' id='word_1_535' title='bbox 1127 3689 1329 3775; x_wconf 88' lang='lat' dir='ltr'>impedimento</span> <span class='ocrx_word' id='word_1_536' title='bbox 1349 3673 1535 3770; x_wconf 86' lang='lat' dir='ltr'>qttocumqae</span> <span class='ocrx_word' id='word_1_537' title='bbox 1560 3694 1649 3767; x_wconf 85' lang='lat' dir='ltr'>iibere</span> <span class='ocrx_word' id='word_1_538' title='bbox 1670 3703 1723 3773; x_wconf 87' lang='lat' dir='ltr'>per</span> <span class='ocrx_word' id='word_1_539' title='bbox 1745 3699 1805 3757; x_wconf 86' lang='lat' dir='ltr'>sei-</span> 
     </span>
     <span class='ocr_line' id='line_1_86' title="bbox 1009 3791 1805 3876; baseline 0.011 -27"><span class='ocrx_word' id='word_1_540' title='bbox 1009 3808 1091 3868; x_wconf 84' lang='lat' dir='ltr'>psos,</span> <span class='ocrx_word' id='word_1_541' title='bbox 1114 3791 1160 3850; x_wconf 92' lang='lat' dir='ltr'>vel</span> <span class='ocrx_word' id='word_1_542' title='bbox 1187 3791 1285 3851; x_wconf 90' lang='lat' dir='ltr'>locum</span> <span class='ocrx_word' id='word_1_543' title='bbox 1308 3801 1434 3854; x_wconf 87' lang='lat' dir='ltr'>tenentes</span> <span class='ocrx_word' id='word_1_544' title='bbox 1462 3816 1514 3875; x_wconf 94' lang='lat' dir='ltr'>per</span> <span class='ocrx_word' id='word_1_545' title='bbox 1534 3798 1609 3875; x_wconf 92' lang='lat' dir='ltr'>ipsos</span> <span class='ocrx_word' id='word_1_546' title='bbox 1629 3795 1805 3876; x_wconf 83' lang='lat' dir='ltr'>deputandos</span> 
     </span>
     <span class='ocr_line' id='line_1_87' title="bbox 1009 3891 1805 3977; baseline 0.014 -28"><span class='ocrx_word' id='word_1_547' title='bbox 1009 3906 1144 3952; x_wconf 84' lang='lat' dir='ltr'>exercerc</span> <span class='ocrx_word' id='word_1_548' title='bbox 1159 3936 1167 3963; x_wconf 94' lang='lat'>,</span> <span class='ocrx_word' id='word_1_549' title='bbox 1183 3902 1211 3954; x_wconf 89' lang='lat' dir='ltr'>et</span> <span class='ocrx_word' id='word_1_550' title='bbox 1227 3891 1316 3952; x_wconf 90' lang='lat' dir='ltr'>solitis</span> <span class='ocrx_word' id='word_1_551' title='bbox 1335 3896 1536 3960; x_wconf 87' lang='lat' dir='ltr'>emolumentis</span> <span class='ocrx_word' id='word_1_552' title='bbox 1557 3899 1643 3977; x_wconf 90' lang='lat' dir='ltr'>patiri</span> <span class='ocrx_word' id='word_1_553' title='bbox 1665 3897 1805 3972; x_wconf 78' lang='lat' dir='ltr'>debeau13</span> 
     </span>
     <span class='ocr_line' id='line_1_88' title="bbox 1009 3990 1804 4075; baseline 0.014 -27"><span class='ocrx_word' id='word_1_554' title='bbox 1009 4001 1037 4049; x_wconf 89' lang='lat' dir='ltr'>et</span> <span class='ocrx_word' id='word_1_555' title='bbox 1056 3990 1145 4068; x_wconf 87' lang='lat' dir='ltr'>quod</span> <span class='ocrx_word' id='word_1_556' title='bbox 1159 4010 1223 4065; x_wconf 91' lang='lat' dir='ltr'>eos,</span> <span class='ocrx_word' id='word_1_557' title='bbox 1245 4005 1297 4055; x_wconf 92' lang='lat' dir='ltr'>aat</span> <span class='ocrx_word' id='word_1_558' title='bbox 1315 4012 1417 4056; x_wconf 88' lang='lat' dir='ltr'>eoram</span> <span class='ocrx_word' id='word_1_559' title='bbox 1436 3997 1563 4075; x_wconf 84' lang='lat' dir='ltr'>aliquem</span> <span class='ocrx_word' id='word_1_560' title='bbox 1584 3999 1613 4059; x_wconf 92' lang='lat' dir='ltr'>in</span> <span class='ocrx_word' id='word_1_561' title='bbox 1635 3999 1804 4062; x_wconf 89' lang='lat' dir='ltr'>eorumdem</span> 
     </span>
     <span class='ocr_line' id='line_1_89' title="bbox 1008 4093 1806 4179; baseline 0.015 -29"><span class='ocrx_word' id='word_1_562' title='bbox 1008 4094 1274 4154; x_wconf 91' lang='lat' dir='ltr'>emolumentormn</span> <span class='ocrx_word' id='word_1_563' title='bbox 1292 4093 1385 4156; x_wconf 92' lang='lat' dir='ltr'>debita</span> <span class='ocrx_word' id='word_1_564' title='bbox 1401 4097 1495 4168; x_wconf 63' lang='lat' dir='ltr'>‚libera</span> <span class='ocrx_word' id='word_1_565' title='bbox 1515 4100 1696 4179; x_wconf 86' lang='lat' dir='ltr'>perceptione</span> <span class='ocrx_word' id='word_1_566' title='bbox 1712 4118 1747 4160; x_wconf 91' lang='lat' dir='ltr'>ac</span> <span class='ocrx_word' id='word_1_567' title='bbox 1758 4100 1806 4161; x_wconf 89' lang='lat' dir='ltr'>of·</span> 
     </span>
     <span class='ocr_line' id='line_1_90' title="bbox 1009 4190 1806 4279; baseline 0.015 -29"><span class='ocrx_word' id='word_1_568' title='bbox 1009 4190 1148 4255; x_wconf 86' lang='lat' dir='ltr'>ficiarum</span> <span class='ocrx_word' id='word_1_569' title='bbox 1162 4214 1284 4256; x_wconf 89' lang='lat' dir='ltr'>suorum</span> <span class='ocrx_word' id='word_1_570' title='bbox 1296 4198 1457 4272; x_wconf 89' lang='lat' dir='ltr'>collatione,</span> <span class='ocrx_word' id='word_1_571' title='bbox 1470 4212 1498 4260; x_wconf 90' lang='lat' dir='ltr'>et</span> <span class='ocrx_word' id='word_1_572' title='bbox 1507 4200 1673 4279; x_wconf 83' lang='lat' dir='ltr'>executione</span> <span class='ocrx_word' id='word_1_573' title='bbox 1683 4201 1806 4279; x_wconf 86' lang='lat' dir='ltr'>privile·</span> 
     </span>
     <span class='ocr_line' id='line_1_91' title="bbox 1008 4293 1804 4378; baseline 0.011 -26"><span class='ocrx_word' id='word_1_574' title='bbox 1008 4293 1136 4371; x_wconf 78' lang='lat' dir='ltr'>giorutu,</span> <span class='ocrx_word' id='word_1_575' title='bbox 1148 4305 1177 4355; x_wconf 91' lang='grc'>44</span> <span class='ocrx_word' id='word_1_576' title='bbox 1190 4294 1360 4360; x_wconf 86' lang='lat' dir='ltr'>facultatum</span> <span class='ocrx_word' id='word_1_577' title='bbox 1376 4297 1425 4372; x_wconf 90' lang='lat' dir='ltr'>eis,</span> <span class='ocrx_word' id='word_1_578' title='bbox 1445 4309 1477 4358; x_wconf 93' lang='lat' dir='ltr'>ut</span> <span class='ocrx_word' id='word_1_579' title='bbox 1492 4300 1669 4378; x_wconf 89' lang='lat' dir='ltr'>praefertur,</span> <span class='ocrx_word' id='word_1_580' title='bbox 1684 4318 1804 4362; x_wconf 89' lang='lat' dir='ltr'>eonces-</span> 
     </span>
     <span class='ocr_line' id='line_1_92' title="bbox 1009 4391 1803 4480; baseline 0.011 -28"><span class='ocrx_word' id='word_1_581' title='bbox 1009 4412 1108 4454; x_wconf 90' lang='lat' dir='ltr'>sarum</span> <span class='ocrx_word' id='word_1_582' title='bbox 1135 4413 1253 4473; x_wconf 93' lang='lat' dir='ltr'>quoquo</span> <span class='ocrx_word' id='word_1_583' title='bbox 1276 4397 1362 4458; x_wconf 80' lang='lat' dir='ltr'>inodo</span> <span class='ocrx_word' id='word_1_584' title='bbox 1377 4443 1386 4472; x_wconf 94' lang='lat'>,</span> <span class='ocrx_word' id='word_1_585' title='bbox 1404 4409 1493 4476; x_wconf 89' lang='lat' dir='ltr'>atque</span> <span class='ocrx_word' id='word_1_586' title='bbox 1521 4400 1638 4473; x_wconf 90' lang='lat' dir='ltr'>forma,</span> <span class='ocrx_word' id='word_1_587' title='bbox 1662 4391 1714 4480; x_wconf 86' lang='lat' dir='ltr'>per</span> <span class='ocrx_word' id='word_1_588' title='bbox 1736 4419 1803 4473; x_wconf 92' lang='lat' dir='ltr'>me,</span> 
     </span>
     <span class='ocr_line' id='line_1_93' title="bbox 1008 4497 1806 4575; baseline 0.01 -20"><span class='ocrx_word' id='word_1_589' title='bbox 1008 4506 1061 4555; x_wconf 94' lang='lat' dir='ltr'>aut</span> <span class='ocrx_word' id='word_1_590' title='bbox 1071 4512 1271 4574; x_wconf 90' lang='lat' dir='ltr'>quoscumque</span> <span class='ocrx_word' id='word_1_591' title='bbox 1295 4499 1366 4558; x_wconf 87' lang='lat' dir='ltr'>alios</span> <span class='ocrx_word' id='word_1_592' title='bbox 1388 4497 1524 4561; x_wconf 87' lang='lat' dir='ltr'>facultate</span> <span class='ocrx_word' id='word_1_593' title='bbox 1547 4518 1622 4575; x_wconf 87' lang='lat' dir='ltr'>men,</span> <span class='ocrx_word' id='word_1_594' title='bbox 1643 4502 1806 4563; x_wconf 89' lang='lat' dir='ltr'>nuliatenus</span> 
     </span>
     <span class='ocr_line' id='line_1_94' title="bbox 1009 4595 1806 4682; baseline 0.009 -28"><span class='ocrx_word' id='word_1_595' title='bbox 1009 4595 1197 4674; x_wconf 87' lang='lat' dir='ltr'>perturbabo,</span> <span class='ocrx_word' id='word_1_596' title='bbox 1222 4609 1274 4657; x_wconf 92' lang='lat' dir='ltr'>aut</span> <span class='ocrx_word' id='word_1_597' title='bbox 1301 4599 1371 4657; x_wconf 90' lang='lat' dir='ltr'>alias</span> <span class='ocrx_word' id='word_1_598' title='bbox 1401 4601 1622 4677; x_wconf 87' lang='lat' dir='ltr'>quomodolibet</span> <span class='ocrx_word' id='word_1_599' title='bbox 1637 4597 1806 4682; x_wconf 80' lang='lat' dir='ltr'>impediam,</span> 
     </span>
     <span class='ocr_line' id='line_1_95' title="bbox 1007 4695 1807 4782; baseline 0.018 -30"><span class='ocrx_word' id='word_1_600' title='bbox 1007 4705 1060 4753; x_wconf 91' lang='grc'>444</span> <span class='ocrx_word' id='word_1_601' title='bbox 1078 4695 1256 4773; x_wconf 86' lang='lat' dir='ltr'>perturbari,</span> <span class='ocrx_word' id='word_1_602' title='bbox 1273 4699 1317 4757; x_wconf 92' lang='lat' dir='ltr'>rel</span> <span class='ocrx_word' id='word_1_603' title='bbox 1333 4699 1465 4780; x_wconf 88' lang='lat' dir='ltr'>impediri</span> <span class='ocrx_word' id='word_1_604' title='bbox 1483 4704 1664 4782; x_wconf 80' lang='lat' dir='ltr'>pernrittam3</span> <span class='ocrx_word' id='word_1_605' title='bbox 1688 4705 1749 4765; x_wconf 90' lang='lat' dir='ltr'>imo</span> <span class='ocrx_word' id='word_1_606' title='bbox 1769 4706 1807 4765; x_wconf 89' lang='lat' dir='ltr'>li·</span> 
     </span>
     <span class='ocr_line' id='line_1_96' title="bbox 1009 4793 1806 4878; baseline 0.019 -26"><span class='ocrx_word' id='word_1_607' title='bbox 1009 4804 1086 4855; x_wconf 90' lang='lat' dir='ltr'>teras</span> <span class='ocrx_word' id='word_1_608' title='bbox 1111 4793 1187 4874; x_wconf 84' lang='lat' dir='ltr'>ipsas</span> <span class='ocrx_word' id='word_1_609' title='bbox 1211 4799 1250 4855; x_wconf 90' lang='lat' dir='ltr'>eis</span> <span class='ocrx_word' id='word_1_610' title='bbox 1269 4814 1428 4874; x_wconf 88' lang='lat' dir='ltr'>concessas,</span> <span class='ocrx_word' id='word_1_611' title='bbox 1444 4811 1474 4863; x_wconf 91' lang='lat' dir='ltr'>et</span> <span class='ocrx_word' id='word_1_612' title='bbox 1491 4803 1519 4863; x_wconf 91' lang='lat' dir='ltr'>in</span> <span class='ocrx_word' id='word_1_613' title='bbox 1538 4805 1594 4869; x_wconf 87' lang='lat' dir='ltr'>iliis</span> <span class='ocrx_word' id='word_1_614' title='bbox 1608 4814 1744 4865; x_wconf 89' lang='lat' dir='ltr'>contenta</span> <span class='ocrx_word' id='word_1_615' title='bbox 1759 4850 1768 4878; x_wconf 90' lang='lat'>,</span> <span class='ocrx_word' id='word_1_616' title='bbox 1782 4808 1806 4867; x_wconf 92' lang='lat' dir='ltr'>si</span> 
     </span>
     <span class='ocr_line' id='line_1_97' title="bbox 1010 4895 1806 4986; baseline 0.016 -34"><span class='ocrx_word' id='word_1_617' title='bbox 1010 4895 1167 4964; x_wconf 83' lang='lat' dir='ltr'>voluerint,</span> <span class='ocrx_word' id='word_1_618' title='bbox 1185 4897 1361 4974; x_wconf 88' lang='lat' dir='ltr'>approbabo,</span> <span class='ocrx_word' id='word_1_619' title='bbox 1377 4909 1406 4960; x_wconf 93' lang='lat' dir='ltr'>et</span> <span class='ocrx_word' id='word_1_620' title='bbox 1423 4900 1611 4984; x_wconf 85' lang='lat' dir='ltr'>confirmabo,</span> <span class='ocrx_word' id='word_1_621' title='bbox 1626 4915 1656 4964; x_wconf 93' lang='lat' dir='ltr'>et</span> <span class='ocrx_word' id='word_1_622' title='bbox 1677 4916 1733 4984; x_wconf 92' lang='lat' dir='ltr'>pra</span> <span class='ocrx_word' id='word_1_623' title='bbox 1752 4924 1806 4986; x_wconf 91' lang='lat' dir='ltr'>po-</span> 
     </span>
     <span class='ocr_line' id='line_1_98' title="bbox 1009 4995 1807 5078; baseline 0.02 -26"><span class='ocrx_word' id='word_1_624' title='bbox 1009 4995 1074 5054; x_wconf 89' lang='lat' dir='ltr'>tiori</span> <span class='ocrx_word' id='word_1_625' title='bbox 1088 4996 1198 5055; x_wconf 88' lang='lat' dir='ltr'>cautela</span> <span class='ocrx_word' id='word_1_626' title='bbox 1216 4997 1264 5056; x_wconf 92' lang='lat' dir='ltr'>iila</span> <span class='ocrx_word' id='word_1_627' title='bbox 1281 5000 1375 5058; x_wconf 89' lang='lat' dir='ltr'>omnia</span> <span class='ocrx_word' id='word_1_628' title='bbox 1394 5000 1434 5059; x_wconf 91' lang='lat' dir='ltr'>eis</span> <span class='ocrx_word' id='word_1_629' title='bbox 1451 5001 1485 5061; x_wconf 88' lang='lat' dir='ltr'>de</span> <span class='ocrx_word' id='word_1_630' title='bbox 1502 5020 1580 5064; x_wconf 93' lang='lat' dir='ltr'>novo</span> <span class='ocrx_word' id='word_1_631' title='bbox 1594 5004 1762 5078; x_wconf 89' lang='lat' dir='ltr'>concedam,</span> <span class='ocrx_word' id='word_1_632' title='bbox 1778 5020 1807 5068; x_wconf 91' lang='lat' dir='ltr'>et</span> 
     </span>
     <span class='ocr_line' id='line_1_99' title="bbox 1007 5094 1808 5183; baseline 0.017 -29"><span class='ocrx_word' id='word_1_633' title='bbox 1007 5094 1092 5154; x_wconf 90' lang='lat' dir='ltr'>ctiam</span> <span class='ocrx_word' id='word_1_634' title='bbox 1113 5096 1267 5155; x_wconf 85' lang='lat' dir='ltr'>concedam</span> <span class='ocrx_word' id='word_1_635' title='bbox 1291 5097 1327 5158; x_wconf 92' lang='lat' dir='ltr'>de</span> <span class='ocrx_word' id='word_1_636' title='bbox 1350 5118 1484 5178; x_wconf 79' lang='lat' dir='ltr'>expresso</span> <span class='ocrx_word' id='word_1_637' title='bbox 1505 5103 1558 5183; x_wconf 91' lang='lat' dir='ltr'>ipsi</span> <span class='ocrx_word' id='word_1_638' title='bbox 1580 5103 1808 5168; x_wconf 89' lang='lat' dir='ltr'>Paenitentiaria</span> 
     </span>
    </p>
   </div>
   <div class='ocr_carea' id='block_1_8' title="bbox 1013 5253 1080 5263">
    <p class='ocr_par' dir='ltr' id='par_1_9' title="bbox 1013 5253 1080 5263">
     <span class='ocr_line' id='line_1_100' title="bbox 1013 5253 1080 5263; baseline 0 0"><span class='ocrx_word' id='word_1_639' title='bbox 1013 5253 1080 5263; x_wconf 75' lang='lat'><em>——--</em></span> 
     </span>
    </p>
   </div>
   <div class='ocr_carea' id='block_1_9' title="bbox 1050 5324 1526 5388">
    <p class='ocr_par' dir='ltr' id='par_1_10' title="bbox 1050 5324 1526 5388">
     <span class='ocr_line' id='line_1_101' title="bbox 1050 5324 1526 5388; baseline 0 -13"><span class='ocrx_word' id='word_1_640' title='bbox 1050 5329 1082 5386; x_wconf 83' lang='grc'>(4)</span> <span class='ocrx_word' id='word_1_641' title='bbox 1099 5324 1187 5375; x_wconf 85' lang='lat' dir='ltr'>italice</span> <span class='ocrx_word' id='word_1_642' title='bbox 1205 5327 1227 5376; x_wconf 72' lang='lat' dir='ltr'>S⁴</span> <span class='ocrx_word' id='word_1_643' title='bbox 1249 5326 1355 5388; x_wconf 77' lang='lat' dir='ltr'>Giarqio</span> <span class='ocrx_word' id='word_1_644' title='bbox 1373 5329 1398 5376; x_wconf 84' lang='grc'>14</span> <span class='ocrx_word' id='word_1_645' title='bbox 1415 5328 1526 5378; x_wconf 82' lang='lat' dir='ltr'>Velabro.</span> 
     </span>
    </p>
   </div>
   <div class='ocr_carea' id='block_1_10' title="bbox 0 0 1894 6030">
    <p class='ocr_par' dir='ltr' id='par_1_11' title="bbox 0 0 1894 6030">
     <span class='ocr_line' id='line_1_102' title="bbox 0 0 1894 6030; baseline 0 0"><span class='ocrx_word' id='word_1_646' title='bbox 0 0 1894 6030; x_wconf 95' lang='lat' dir='ltr'> </span> 
     </span>
    </p>
   </div>
  </div>
 </body>
</html>
