3764 6036
27 276 136 363 (isos)

31 414 195 477 Cardinolis
214 413 354 476 concessit
365 409 672 493 eisdeminduigeoties
687 429 739 491 per
748 410 826 473 cir-

24 512 157 580 'dioclem
172 514 293 577 concedi
313 513 413 575 solitas
431 522 461 574 et
482 522 633 574 consuetas
645 554 655 584 ‚
669 510 704 572 de
719 510 826 588 quibus

31 614 169 674 omnibus
200 625 323 694 rogetus
348 613 405 674 tuit
430 610 570 673 Notarius
587 609 823 691 ¹suprascriptas.

31 710 144 782 Quibus
162 713 299 793 peractis,
320 712 395 774 idem
415 710 578 774 Cardinniis
598 711 667 771 iecit
679 709 708 769 in
724 708 823 769 eodem

29 813 206 875 ilonneterio
233 812 413 892 prandium
436 811 552 872 interim
578 819 765 871 accesserant
786 807 824 867 ed

29 914 125 992 ipsum
147 908 305 974 servitores
323 912 369 971 sui
387 911 448 985 elii,
468 922 498 972 et
511 911 588 972 cives
602 907 779 980 Florentini,
793 908 824 967 in

28 1033 152 1076 nuniero
173 1015 308 1094 copioso,
329 1015 437 1075 mallos
458 1012 638 1075 centenarios
667 1009 822 1072 excedenti.

29 1112 160 1175 Prendio
180 1125 276 1176 autem
291 1124 420 1194 peracto,
432 1112 602 1193 supervenit
613 1110 736 1171 maxima
753 1110 820 1189 plu·

29 1214 88 1286 via,
99 1230 176 1291 qnae
187 1222 248 1275 tota
263 1214 313 1273 illa
327 1212 373 1273 die
385 1213 526 1286 duravit3
542 1230 601 1291 qua
616 1228 673 1273 nnn
692 1209 823 1270 obstante

29 1313 103 1374 idern
125 1312 289 1375 cardinalis
307 1313 527 1386 associatus,ut
548 1329 649 1390 supra,
672 1311 700 1370 in
722 1308 822 1369 babitu

29 1412 212 1473 cardinalari
223 1412 353 1472 intravit
372 1411 550 1473 Florentiam
571 1420 600 1472 et
627 1420 692 1469 ante
724 1408 822 1469 eccie-

28 1512 100 1571 siam
116 1509 290 1572 Conventus
301 1512 497 1572 Artnunciatne
517 1531 533 1572 e
556 1510 635 1571 mute
651 1508 824 1571 descendens

32 1611 157 1670 intravit
176 1609 306 1670 eamdem
332 1612 486 1672 ecclesiam
506 1611 606 1671 bmtee
623 1610 733 1670 iderioe
752 1608 823 1671 Vir·

28 1710 115 1789 ginis,
137 1727 192 1790 pro
214 1708 352 1771 beneficio
372 1711 482 1790 gratias
503 1728 599 1790 agens.
621 1710 746 1770 ascensa
769 1708 824 1770 de·

29 1811 92 1873 inde
111 1811 192 1872 mule
213 1812 354 1890 equitavit
374 1810 420 1881 ad⁴
438 1812 581 1892 palatium
596 1808 823 1880 t'exttliteritn

27 1911 122 1978 sdtiue
144 1922 174 1973 et
200 1910 339 1973 Priorum
360 1913 461 1992 populi
483 1913 667 1984 Florentini,
690 1910 740 1971 ubi
768 1909 824 1971 de·

30 2013 168 2074 scandent
188 2023 218 2074 et
238 2011 275 2071 ed
296 2012 363 2073 illos
384 2010 549 2086 amendens,
567 2012 655 2072 etiam
677 2013 745 2092 ipsis
768 2028 823 2089 pro

32 2164 120 2170 --w
300 2162 816 2171 —-m-·--—.——-⁴-——-a

29 2231 169 2282 enimvero·
194 2233 222 2282 io
243 2232 406 2282 breviarium
428 2233 559 2295 quoddam
582 2235 687 2296 potiora
707 2233 824 2280 attamen

28 2311 171 2375 stringam,
189 2324 222 2361 ne
240 2313 356 2374 palatum
373 2312 506 2361 incassum
525 2313 572 2361 tibi
588 2311 749 2361 exacuerim.
760 2309 824 2358 Cum

27 2391 116 2453 itaque
132 2391 248 2441 loannes
270 2390 444 2451 biclledtccs,
460 2390 712 2453 quintamdecimam
729 2387 824 2438 aetatis

27 2481 126 2518 annum
144 2473 246 2519 tantum
264 2481 355 2532 agens,
371 2469 520 2519 Cardinalis
532 2470 685 2519 declaratus
702 2470 753 2528 est,
765 2469 824 2517 'tam

26 2547 146 2598 Pontifex
164 2552 191 2598 et
209 2550 278 2599 sacri
293 2548 384 2598 Patres
406 2551 548 2599 voluerunt
570 2549 734 2611 impuberem
751 2546 824 2596 illum

26 2627 93 2676 tanti
112 2627 215 2677 ordinis
233 2629 459 2678 administratione
476 2627 677 2692 insignibusque
694 2627 727 2677 ad
744 2626 825 2677 trien·

28 2705 102 2754 oium
133 2718 358 2771 usquecarerez
385 2720 438 2770 qno
467 2710 596 2770 tantisper
612 2712 639 2758 et
657 2705 774 2758 moribus
797 2708 824 2755 et

25 2784 158 2834 doctrinis
176 2786 356 2846 coalesceret,
368 2790 449 2848 etque
466 2785 626 2848 proliceret,
641 2790 666 2836 et
684 2786 783 2834 virtute
794 2795 823 2833 eo

26 2864 161 2926 sapientia
178 2869 383 2926 mactas,tanto
410 2865 515 2930 lastigie
537 2869 723 2927 tantarumque
736 2875 824 2914 rerum

28 2946 201 3007 susceptione
228 2944 324 3007 dignus
341 2944 477 2996 evaderet.
501 2946 591 3005 Venit,
607 2945 662 2995 lico
679 2944 751 2992 illum
768 2930 825 2993 ser·

29 3028 127 3082 vante,
145 3027 255 3087 optatus
270 3024 312 3074 liic
337 3023 412 3084 dies,
427 3025 617 3088 plenitudoque
638 3023 754 3074 triennii.
779 3022 824 3072 Su·

28 3107 173 3164 scepturus
197 3103 287 3165 itaque
313 3104 382 3153 baec
410 3108 585 3164 ornamenta,
600 3115 668 3166 quae
690 3101 826 3161 diximus,

27 3180 136 3232 Polliam
155 3183 414 3243 scilicet‚liiretam,
430 3183 568 3233 ardentem
585 3183 697 3241 Pileum,
708 3181 825 3242 despon-

26 3263 137 3311 sationis
165 3263 412 3327 annulum,pridie
435 3274 512 3325 quani
530 3262 628 3312 talibus
653 3261 824 3318 iniciaretar,

28 3340 63 3390 ad
90 3351 140 3390 nos
168 3344 229 3403 post
251 3341 387 3392 meridiem
404 3340 527 3392 Faesulas
544 3341 718 3401 conscendit,
741 3349 824 3402 parvo

26 3432 137 3479 suorum
161 3419 301 3470 admodum
325 3421 470 3479 comitata,
487 3425 513 3471 et
530 3421 637 3474 bamili.
657 3433 688 3470 ac
712 3418 824 3481 simplici

29 3499 112 3548 calta.
129 3498 257 3548 Postridie
274 3498 358 3550 adluit
374 3512 451 3549 mane
466 3497 581 3550 ioannes
591 3499 665 3549 Picus
678 3497 824 3551 ilirandnla

27 3581 135 3638 noster,
152 3583 179 3627 et
199 3577 315 3628 tacebas
332 3579 473 3640 saisiatae,
482 3578 627 3629 cardinalis
644 3578 776 3634 sororius,
793 3589 823 3626 ac

26 3657 134 3707 Simeon
144 3657 220 3706 Staza
236 3657 356 3708 notarius
366 3678 373 3706 ε
385 3667 444 3707 cum
456 3656 552 3718 quibas
569 3659 633 3706 bore
650 3656 704 3706 diei
716 3655 824 3708 circiter

27 3740 107 3786 sexta
124 3735 158 3784 de
179 3734 301 3784 cubiculo
328 3747 454 3797 egressus
481 3748 559 3785 sacer
579 3735 736 3785 adolescens
758 3737 823 3784 tem·

26 3816 101 3877 plum
117 3815 234 3863 intravit.
249 3812 296 3863 Ubi
313 3815 426 3875 primum
445 3816 471 3863 in
487 3814 599 3878 Virginis
616 3813 721 3864 landem
738 3811 823 3872 (Sab-

26 3893 119 3945 batum
136 3893 207 3943 enim
223 3897 295 3953 eret,
312 3893 370 3943 dies
386 3893 482 3956 Virgini
499 3898 593 3944 vetere
610 3893 734 3956 religione
751 3891 822 3953 dica·

27 3979 94 4033 tus)
111 3975 163 4022 rita
183 3975 316 4036 cantuque
328 3973 440 4023 solemni
456 3973 496 4035 egi
513 3974 601 4035 coepit
618 3985 649 4022 ea
666 3985 709 4022 res
731 3983 823 4029 sacra,

26 4065 105 4116 quam
123 4053 201 4114 vulgo
216 4050 328 4101 dicimus
356 4051 478 4100 ilissam=
496 4053 521 4100 in
539 4064 591 4114 qna
612 4063 672 4100 com
690 4050 764 4112 prins
781 4062 823 4099 sa-

26 4132 199 4181 crosanctum
217 4127 384 4192 agebamini
401 4141 498 4192 corpus
515 4132 718 4192 sanguinemque
743 4128 823 4178 libas·

26 4222 104 4268 sem,
121 4213 176 4258 tum
194 4207 239 4257 ille
260 4213 322 4258 ante
342 4208 421 4258 Aram
445 4209 470 4256 io
498 4220 580 4270 genas
602 4207 687 4259 flexus
703 4220 823 4258 concom-

28 4290 175 4338 muoicevit
197 4288 323 4350 singulari
340 4287 510 4346 bumilitate,
527 4290 553 4336 et
569 4291 695 4349 quantam
717 4288 824 4350 agnosci

28 4373 135 4431 poterat
152 4367 249 4417 devote
267 4366 373 4430 quidem
399 4370 500 4426 mento,
517 4371 543 4416 et
566 4371 656 4416 erecta
679 4379 785 4430 semper
796 4368 822 4416 in

25 4448 119 4497 Deam.
136 4445 244 4495 Peracta
262 4459 395 4506 resuere,
414 4448 570 4497 vestimenta
588 4459 649 4496 mox
667 4461 682 4495 a
700 4459 740 4495 me
758 4458 823 4509 quo·

26 4542 78 4590 que
95 4526 321 4577 suntbencdicia=
337 4530 429 4587 postea
447 4540 518 4581 vero.
535 4528 638 4576 sublata
659 4539 746 4586 manu,
762 4526 823 4576 bal·

28 4608 88 4667 lem,
100 4608 237 4669 breveque
249 4605 381 4655 Pontiiieis
392 4607 498 4656 Maximi
514 4611 619 4666 tenens,
633 4609 702 4657 illum
717 4608 784 4656 bunc
797 4607 822 4655 in

28 4688 134 4739 modum
152 4686 246 4738 effatus
266 4685 386 4748 equidem
404 4687 595 4747 sum-Quod
612 4687 676 4748 tibi,
688 4686 822 4737 Ecclesiae

27 4770 141 4821 Sanctae
158 4766 215 4826 nei,
229 4766 349 4829 patriae,
368 4766 517 4829 Generique
534 4770 580 4816 tuo
597 4767 677 4816 loelix
693 4768 823 4816 salutare·

27 4863 80 4913 que
97 4850 152 4907 sit,
168 4846 244 4896 bodie
261 4845 377 4895 ioannes
397 4845 510 4896 Medices
526 4846 667 4896 decursum
685 4850 730 4895 est
743 4845 825 4895 trien·

27 4930 99 4978 niam
128 4926 306 4976 cardinalatui
324 4930 368 4974 tuo
388 4938 437 4986 per
458 4929 525 4975 itanc
550 4926 664 4983 bullam,
686 4924 823 4986 breveque

27 5000 186 5070 praefixum.
209 5005 307 5067 tegant
323 5006 368 5068 qui
385 5004 485 5054 volunt.
502 5004 611 5054 Servata
634 5008 695 5052 sant
717 5004 824 5060 omnia,

27 5088 61 5137 de
79 5085 180 5150 quibus
195 5091 224 5134 tu
248 5085 366 5134 Simeon·
379 5083 529 5146 pubblicam
554 5082 678 5133 tabellam
700 5081 824 5130 testimo·

28 5168 155 5228 ninmqnc
167 5163 295 5215 conficito.
307 5190 330 5200 -
344 5161 470 5223 Subinde,
482 5163 561 5225 pallio
578 5176 593 5211 a
605 5174 646 5211 nte
664 5160 770 5210 indutas
782 5164 824 5209 est

28 5247 54 5295 in
69 5246 179 5307 justicia
197 5247 223 5293 et
241 5244 379 5292 sanctitate
396 5242 527 5293 veritatis.
555 5242 669 5292 biretum
690 5240 822 5302 denique.

30 5327 177 5384 Getarum,
211 5322 393 5386 annulumque
422 5323 530 5385 porrexi
557 5322 598 5372 bis
631 5331 736 5371 rursum
764 5334 822 5370 cum

509 274 795 341 rnnttnicentis
814 272 1038 339 lNNOCENTll
1058 272 1212 337 octavi.
1621 272 1682 334 tun

892 409 1043 471 lavoribns
1062 407 1170 489 gratias
1189 406 1290 467 retulit
1296 426 1307 479 3
1326 415 1390 466 tum
1405 404 1442 464 ed
1463 406 1582 466 domum
1598 404 1683 467 Lau·

893 510 978 572 rentii
987 508 1085 569 Patris
1095 509 1140 568 sai
1155 504 1285 569 accesit.
1299 505 1452 567 Dominica
1467 507 1597 584 sequenti
1610 504 1681 568 dicti

892 610 995 672 niensis
1012 608 1121 683 martii,
1135 605 1298 669 cardinalis
1319 616 1506 679 memoratus,
1521 608 1682 668 associatus

890 730 907 771 a
929 706 1127 790 copiosissimo
1147 725 1269 769 numero
1290 707 1398 768 civium
1418 706 1679 780 Florentinornm,

892 810 1034 873 mantellis
1052 809 1196 882 rosaceis,
1216 818 1246 871 et
1267 807 1369 868 subtus
1392 808 1503 869 vestitis
1525 825 1560 868 ex
1582 808 1682 869 serico

892 909 1026 983 violatio,
1046 919 1200 989 propterea
1222 909 1256 968 de
1275 903 1356 972 novo'
1373 910 1476 982 iactis,
1501 908 1682 983 indutorum,

891 1012 970 1072 venit
991 1008 1033 1086 nd*
1048 1009 1197 1070 ecclesiam
1224 1007 1348 1070 Sencme
1376 1007 1537 1089 Reparatae
1567 1008 1682 1070 liietro·

891 1111 1032 1189 politanae
1051 1109 1259 1182 Florentinee,
1278 1109 1326 1169 ubi
1349 1095 1479 1170 interluit
1504 1109 1610 1170 Missae
1630 1129 1682 1171 so-

891 1211 989 1285 lemni,
1015 1229 1067 1289 per
1088 1207 1277 1290 Episcopum,
1298 1210 1372 1272 Rev.
1392 1211 1422 1272 in
1448 1212 1567 1276 Christo
1590 1213 1682 1291 patris

888 1309 1004 1372 Domini
1039 1310 1256 1391 Arcbiepiscopi
1299 1312 1459 1374 Florentini
1492 1316 1521 1372 in
1557 1311 1682 1373 Pontili·

881 1408 1001 1472 ‘calibus
1023 1411 1180 1485 vicarium,
1195 1413 1379 1489 celebratae,
1400 1415 1449 1474 cui
1471 1415 1561 1475 etiam
1587 1414 1683 1474 inter·

890 1511 1008 1574 inerunt
1029 1510 1249 1574 Conielonerius
1269 1525 1298 1574 et
1317 1514 1434 1577 Priores
1455 1515 1553 1595 populi
1572 1531 1682 1593 supra·

891 1612 976 1687 dieti;
989 1611 1139 1692 qun-linita
1160 1613 1323 1676 Cardinaiis
1345 1615 1473 1676 visitavit
1485 1615 1583 1694 primo
1599 1613 1678 1675 Sen-

891 1711 1092 1775 etibaurentii
1113 1714 1276 1789 ecclesiam,
1289 1726 1353 1776 tum
1368 1715 1406 1776 ad
1420 1715 1540 1776 domum
1554 1716 1681 1796 petriam

892 1832 1028 1875 reversas
1046 1823 1105 1887 est,
1124 1814 1175 1875 ubi
1197 1815 1354 1894 prandiam
1375 1827 1512 1897 peretum
1533 1824 1598 1876 eret
1627 1834 1683 1893 pro

890 1912 1104 1990 Coninlonerio,
1124 1915 1279 1978 Prioribus
1297 1918 1490 1997 supradictis,
1513 1927 1542 1978 et
1562 1916 1684 1978 Civibus

891 2014 926 2076 de
940 2014 1113 2094 Regimento
1127 2061 1136 2090 ,
1152 2035 1274 2080 numero
1297 2018 1509 2098 qninquaginta
1525 2017 1570 2079 vel
1593 2018 1683 2078 circa.

891 2227 990 2279 verbis.
1016 2229 1082 2281 linea·
1103 2233 1162 2280 sunt
1184 2232 1278 2282 decom
1303 2231 1436 2294 dignitatis
1455 2230 1569 2281 sublimis
1592 2233 1650 2280 tanc
1670 2243 1687 2278 o

891 2306 951 2359 Sede
981 2308 1124 2371 apostolico
1149 2309 1193 2359 tibi
1220 2310 1314 2360 tradite
1336 2312 1412 2371 utque
1432 2320 1570 2360 concern.-
1598 2308 1688 2370 quibus

891 2387 1014 2448 quamdiu
1036 2388 1152 2448 cineris,
1181 2389 1216 2438 od
1241 2388 1287 2439 Dei
1314 2388 1432 2451 budam,
1459 2390 1545 2449 tuique
1576 2386 1685 2437 salutem

890 2466 989 2516 utinum
1010 2468 1110 2530 semper
1131 2468 1328 2528 asturconibus
1348 2468 1384 2517 ita
1400 2469 1517 2531 peractis
1538 2467 1684 2530 hymnum,

891 2544 951 2595 Veni
976 2544 1081 2596 Creator
1102 2545 1233 2608 Spiritus,
1254 2546 1358 2598 canoris
1382 2546 1493 2596 vocibus
1520 2549 1581 2595 ante
1604 2546 1683 2595 liram

892 2625 997 2676 Fratres
1014 2628 1143 2677 cecinere.
1160 2627 1296 2677 Postremo
1313 2630 1438 2690 quantam
1459 2626 1607 2676 Cardinalis
1629 2624 1687 2674 sin·

892 2709 967 2771 gulas
993 2711 1098 2771 potest,
1115 2708 1303 2772 indulgentiam
1321 2708 1447 2771 elargitus
1465 2703 1637 2764 astantibus,
1658 2708 1686 2754 et

892 2788 1002 2839 candem
1026 2788 1194 2839 visitantibus
1221 2789 1306 2840 altare
1328 2787 1422 2838 eodem
1440 2786 1484 2837 die
1502 2789 1567 2850 quot
1589 2784 1686 2844 anuis,

893 2866 971 2917 rediit
998 2867 1137 2918 nobiscum
1165 2869 1191 2917 in
1219 2868 1334 2919 domum·
1362 2867 1441 2917 Panlo
1466 2871 1528 2928 post
1545 2864 1685 2928 prandiam

892 2943 983 2995 Petrus
997 2945 1079 2996 irater
1095 2958 1153 2996 cum
1172 2946 1264 3009 paucis
1281 2959 1314 2997 en
1331 2945 1423 3005 alluit,
1441 2940 1686 3004 delatussooipede

893 3025 973 3074 mirae
994 3024 1159 3084 ferocitatis,
1175 3037 1205 3075 ac
1222 3025 1418 3088 magnitudinis,
1435 3024 1537 3073 auratis
1565 3021 1685 3072 bracteis
1709 3039 1716 3047 ·

892 3116 996 3167 quaque
1024 3103 1150 3166 fulgente.
1168 3105 1189 3155 ll
1206 3108 1284 3167 porta
1300 3105 1403 3154 interea
1419 3102 1506 3153 Sancti
1527 3101 1611 3158 Galli,
1633 3112 1685 3162 qua

892 3183 945 3235 itnr
966 3184 1105 3243 Faesulas,
1121 3187 1193 3232 tanta
1206 3181 1288 3233 eliusa
1313 3183 1430 3246 equitum
1449 3194 1479 3231 ac
1496 3180 1614 3244 peditum
1632 3189 1687 3227 ma·

893 3276 959 3323 nus,
976 3266 1005 3313 ut
1029 3264 1105 3326 plena
1129 3261 1245 3327 undique
1270 3263 1326 3322 via,
1348 3261 1524 3318 nnllicooire
1543 3259 1568 3308 in
1591 3257 1685 3307 urbem

892 3344 965 3392 eunti
993 3343 1134 3394 transitum
1156 3342 1273 3392 cederet.
1291 3342 1364 3402 Quae
1380 3341 1465 3390 omnia
1483 3335 1624 3388 multitudo
1643 3337 1682 3385 sl·

892 3427 966 3473 stere
980 3422 1055 3485 jussa
1073 3426 1115 3473 est
1132 3421 1166 3472 ad
1180 3421 1310 3487 llnaionis
1327 3423 1452 3484 pontem,
1468 3432 1518 3470 nec
1535 3419 1624 3469 datum
1637 3415 1683 3466 ulli

892 3501 998 3565 quidem
1015 3503 1053 3551 cis
1070 3503 1177 3563 pontem
1194 3512 1351 3563 amnemque
1368 3499 1489 3550 transire.
1506 3501 1538 3548 lli
1557 3509 1622 3548 vero
1640 3509 1685 3546 re·

892 3581 943 3631 bus
968 3580 1067 3630 ceteris
1094 3591 1127 3629 ex
1145 3580 1291 3630 constituto
1312 3579 1469 3642 dispositis,
1486 3576 1624 3628 descendit
1641 3575 1685 3626 iile

893 3673 952 3710 cum
970 3660 1067 3715 tratre,
1084 3658 1249 3723 trajectoque
1266 3659 1371 3709 llumlne
1390 3664 1519 3724 exceptus
1531 3663 1571 3710 est
1582 3658 1685 3709 medius

893 3739 963 3790 inter
977 3737 1110 3789 Pontificis
1132 3737 1372 3800 Protboootarlos,
1390 3740 1456 3790 alios
1480 3738 1628 3803 praelatos,
1651 3750 1682 3787 ac

892 3820 1024 3882 primores
1040 3818 1115 3868 urbis
1133 3817 1225 3879 cives,
1242 3821 1267 3869 et
1285 3818 1500 3890 ambitiosissima
1521 3827 1616 3879 pompe
1635 3815 1685 3864 de·

892 3898 988 3949 ductus
1005 3898 1033 3947 in
1049 3897 1142 3949 urbem
1160 3900 1293 3960 perviam
1310 3897 1460 3960 majorem,
1476 3909 1544 3960 qnae
1555 3896 1589 3945 ad
1601 3894 1683 3945 aedes

892 3978 964 4028 ducit
980 3988 1049 4025 snas.
1066 3976 1115 4037 Qui
1132 3988 1192 4026 cnm
1208 3978 1377 4038 pervenisset
1399 3975 1432 4025 ad
1447 3975 1559 4038 Virginis
1574 3972 1686 4025 Nuntia·

892 4063 934 4109 tae
950 4057 1106 4117 Basilicam,
1123 4059 1192 4108 mula
1210 4056 1385 4110 descendens.
1402 4056 1436 4106 ad
1452 4056 1521 4105 illins
1549 4054 1684 4105 humiliter

891 4150 921 4188 se
945 4137 1093 4187 constravit
1119 4147 1206 4194 eram,
1222 4148 1270 4198 pre
1288 4148 1318 4185 se
1340 4147 1420 4185 orans
1443 4147 1509 4184 voce
1532 4133 1683 4182 summissa.

891 4217 954 4267 loda
980 4214 1014 4265 ad
1037 4215 1117 4265 Divae
1144 4217 1289 4277 lieparatae
1311 4215 1437 4276 templum
1460 4214 1606 4276 proiectus,
1623 4213 1682 4273 pari

891 4295 969 4346 modo
986 4295 1024 4344 sic
1041 4298 1083 4344 est
1099 4307 1176 4358 opem
1194 4295 1358 4356 gratiamque
1376 4296 1508 4356 precatus.
1527 4291 1644 4352 Denique
1655 4290 1682 4338 in

891 4374 962 4424 lares
978 4385 1007 4423 se
1025 4375 1125 4436 recepit
1142 4385 1209 4436 qnos
1226 4372 1327 4422 babitat
1344 4385 1415 4423 suos.
1428 4372 1474 4422 Ubi
1492 4373 1575 4421 terme
1588 4374 1643 4418 tota
1655 4370 1681 4418 in

891 4466 970 4502 unum
988 4455 1130 4514 conspecta
1146 4445 1188 4500 est
1204 4451 1301 4501 civitas
1319 4451 1353 4501 ita
1371 4452 1497 4515 treqneos
1514 4454 1612 4500 utnon
1638 4448 1682 4497 via

892 4530 1047 4590 modo,sed
1063 4531 1196 4580 fenestrae
1213 4533 1240 4579 el
1257 4532 1328 4595 tecta
1345 4531 1402 4592 ipsa
1420 4531 1465 4579 vix
1482 4532 1683 4592 capereotpro·

891 4613 1052 4674 spectantes.
1071 4608 1099 4661 ln
1116 4612 1270 4671 sequentem
1292 4619 1357 4659 vero
1374 4613 1478 4660 noctem
1492 4606 1562 4672 jugis
1580 4608 1606 4655 in
1624 4606 1683 4668 pla·

892 4691 957 4747 teis,
976 4689 1055 4751 ioque
1080 4686 1199 4738 turribus
1218 4688 1348 4750 cipionis
1366 4688 1425 4750 igne
1442 4688 1605 4738 collucentes
1622 4684 1680 4733 illu·

891 4769 1025 4817 minarunt
1052 4765 1133 4816 velati
1158 4766 1245 4825 diem,
1272 4771 1299 4815 et
1322 4765 1542 4816 conclamantium
1569 4762 1680 4814 vocibus

892 4844 1091 4907 omniieriisqne
1119 4843 1280 4902 tinnitibus,
1307 4848 1386 4906 eique
1413 4841 1560 4905 crepitibus
1588 4841 1681 4891 aetlier

893 4938 999 4988 semper
1016 4925 1154 4983 insonuit,
1169 4929 1198 4973 ut
1215 4922 1289 4973 obliti
1308 4924 1361 4973 sint
1378 4923 1495 4973 homines
1513 4932 1621 4971 somnos
1632 4921 1681 4970 bac

892 5009 965 5056 lanta
984 5005 1095 5063 laetitia,
1111 5004 1310 5066 inspectumque
1328 5003 1364 5052 sit
1379 5003 1471 5066 quanti
1488 5001 1568 5051 iaciat
1584 5001 1681 5062 iieipu·

892 5083 975 5134 blicac
1002 5087 1167 5133 servatorem
1195 5086 1221 5132 ct
1247 5083 1368 5131 columen
1396 5081 1543 5142 gratissima
1572 5078 1678 5128 civitas.

891 5164 962 5214 llaec
978 5163 1078 5214 dixisse
1096 5168 1249 5225 extempore
1267 5162 1302 5211 sit
1319 5162 1380 5210 mibi
1398 5161 1480 5210 satis:
1497 5160 1595 5209 sertem
1612 5157 1680 5207 elias

893 5243 1026 5305 copiosius
1043 5244 1214 5304 ornatiusque
1231 5240 1429 5304 conscripserit.
1454 5237 1515 5288 Vale
1532 5242 1611 5301 atque
1633 5249 1689 5301 ora,

893 5326 921 5372 ut
938 5324 987 5372 ista
1005 5321 1161 5373 sintleusta.
1174 5319 1290 5370 iacentis
1307 5318 1392 5382 pridio
1408 5316 1468 5369 idus
1482 5317 1589 5369 Martias
1609 5337 1629 5363 ι.
