3780 6030
196 252 239 314 tiu
681 246 973 314 contuleritis
988 241 1216 312 innocentii
1233 245 1386 311 001⁹th

191 384 393 451 Cardiualium
407 388 563 470 displicuit.
578 386 705 452 bebebat
724 387 801 449 enim
822 384 889 446 llus
908 385 984 447 inter

188 488 265 551 daos
284 491 411 553 seniores
432 490 575 553 Diaconos
594 491 623 552 in
640 490 747 552 'ultimo
772 489 854 560 loco,
875 498 910 548 ιιι
931 504 985 547 se·

192 601 296 663 uerat,
315 591 493 669 equitantes,
513 590 795 668 iternmeqiiitsre,
820 597 877 654 noti
909 588 984 648 inter

191 690 302 768 prlmos
322 689 492 771 Episcopus,
510 691 588 770 quod
607 692 661 752 soli
682 688 856 769 Imperatori
875 704 986 749 conte·

192 791 250 869 nit,
268 801 362 851 tamea
382 791 451 869 qnia
473 793 513 852 ita
533 793 645 872 placuit
654 788 984 861 vicecaneeitario‚non

192 892 275 970 potui
295 892 380 954 aliter
399 890 544 953 ordinare.
761 900 764 903 '

233 992 332 1053 Feria·
352 1002 430 1065 setta
456 992 587 1072 proxime
617 989 775 1070 praeterita
804 1004 887 1053 xiiii.
915 984 984 1047 dicti

190 1088 443 1157 meneisoetobris
465 1092 544 1153 circa
566 1091 670 1152 horam
691 1086 784 1151 noctis
804 1089 876 1149 obiit
891 1084 928 1145 il.
954 1086 984 1148 in

188 1190 307 1253 Christo
326 1191 415 1254 Pater
433 1203 464 1254 et
474 1191 634 1264 Dominus,
652 1189 797 1252 Dominus
815 1187 984 1268 Stephanus

188 1291 266 1351 tituli
297 1290 329 1351 S.
363 1291 476 1353 hieriae
509 1292 538 1351 in
570 1290 796 1352 Transtiberinis
825 1287 982 1368 Presbyter

189 1389 351 1453 Cardiualis
375 1391 594 1473 mediolanensis
609 1391 772 1472 vulgariter
799 1398 984 1469 nuncupatus

186 1488 297 1552 Romae
318 1493 347 1552 in
369 1493 479 1573 palatio
501 1493 674 1556 residentiae
700 1511 787 1565 suae,
812 1489 900 1569 cnjus
931 1507 984 1549 ca·

189 1590 280 1678 darei·
296 1593 376 1654 circa
394 1593 537 1681 decimam
553 1593 657 1654 horam
669 1591 802 1672 ejusdem
816 1591 908 1669 noctis
922 1590 984 1653 sine

186 1709 304 1772 pompa
318 1685 524 1772 ad'ubusilicam
548 1692 692 1774 Principis
719 1693 930 1772 Apostolorum
948 1691 983 1752 de
1005 1686 1007 1689 ’

187 1791 270 1855 Urbe
291 1805 426 1873 portatus
446 1806 502 1869 cst,
522 1806 550 1857 et
572 1793 607 1856 de
628 1814 662 1856 eu
688 1796 717 1854 iii
742 1793 882 1854 Vaticano
899 1788 982 1869 juxta

187 1892 385 1973 baptismalem
415 1896 575 1975 cappellam
606 1895 642 1955 ad
671 1900 790 1970 murum
810 1893 983 1974 depositum,

182 1990 273 2070 ,cujus
293 1993 387 2054 anima
410 1996 577 2072 requieseat
597 1994 626 2054 in
647 2013 718 2076 pace
738 1992 794 2078 (l).

233 2095 318 2156 Feria
347 2106 452 2175 quarta
480 2111 585 2157 xxvii.
613 2095 683 2157 dicti
720 2095 824 2157 mensis
852 2093 982 2155 octobris

193 2207 335 2255 venerunt
361 2196 388 2254 in
420 2196 530 2258 Urbem
559 2195 648 2256 itin
678 2195 797 2259 Christo
836 2207 918 2277 putei·
944 2195 981 2255 l).

226 2440 261 2500 (ι)
275 2439 422 2503 Stephanus
438 2439 548 2491 Nardini
565 2433 769 2505 Forulittiensis,
786 2442 864 2492 Carti.
880 2443 982 2519 biedio·

187 2516 324 2578 lanensis,
341 2518 409 2567 lama
425 2520 527 2568 incerta
543 2521 567 2569 ln
586 2524 744 2582 posteritate
760 2522 877 2573 duravit.
906 2521 980 2571 ilium

191 2599 266 2660 aiunt
281 2597 365 2648 inissa
382 2596 483 2647 consilii
500 2597 578 2648 Panlo
594 2597 617 2646 li
629 2604 768 2651 auctorem
788 2604 837 2663 (nt
852 2600 983 2650 Cardine·

187 2676 268 2725 iatum
291 2679 514 2738 consequeretur)
530 2688 561 2726 ea
578 2682 670 2728 contra
689 2677 796 2736 lacere.
810 2692 878 2742 quae
893 2670 980 2748 'verbo
1008 2698 1011 2703 ’

186 2766 234 2803 ιιιο
252 2757 412 2817 promiserat
429 2755 455 2804 in
470 2756 587 2805 conclavi
599 2793 608 2817 ,
619 2756 652 2807 de
664 2756 846 2808 Cardiualibus
857 2770 908 2807 non
920 2770 981 2819 pro·

187 2833 339 2892 morentini
362 2833 410 2884 sed
434 2834 575 2894 incidisse,
591 2839 620 2885 ut
646 2836 682 2886 ita
704 2836 811 2900 dicam,
830 2837 857 2886 iu
878 2836 979 2887 foveam

185 2913 366 2975 quamteeii,
381 2925 440 2962 cum
458 2913 528 2963 iilum
549 2912 617 2976 Papa
638 2915 826 2977 praeterierit,
848 2918 874 2964 ei
900 2913 980 2964 luerit

184 2989 332 3042 Cardinaiis
344 2991 428 3041 solum
441 2990 490 3042 sub
499 2991 574 3041 Sixto
586 2991 761 3044 iithsseruut
778 2992 979 3056 aliqui,duohas

186 3069 321 3121 mensibus
344 3074 405 3133 post
427 3069 572 3122 innocentii
596 3072 754 3124 electionem
775 3071 891 3132 nondum
913 3083 981 3121 exa·
1004 3115 1005 3119 ,

187 3151 258 3210 ciis,
273 3161 396 3200 moerore
419 3158 603 3213 consumptum
628 3150 698 3209 diem
723 3151 842 3201 ultimum
859 3149 980 3217 obiisse,

185 3227 256 3291 quod
292 3228 366 3276 Sixto
399 3218 428 3275 iii
456 3217 600 3291 promoturi
627 3242 676 3279 suo
701 3229 729 3280 in
758 3229 852 3280 sedem
886 3240 980 3279 sncce-

184 3307 249 3358 dere
265 3305 445 3369 apostoticam
468 3307 503 3356 lili
520 3319 572 3357 non
589 3302 722 3370 creuerit.
738 3307 912 3358 canoinaiis
926 3306 979 3356 Pii·

185 3395 318 3443 aiensis,
341 3385 537 3436 nitauoiitius
568 3385 595 3435 in
626 3385 736 3438 historia
768 3387 977 3449 Mediolanensi,

184 3462 343 3527 Usaatiins
359 3466 385 3512 in
403 3461 476 3514 italia
497 3465 592 3524 Sacra,
608 3465 795 3529 ciacconius,
812 3466 979 3518 Gariannu-

183 3552 244 3601 τοι,
259 3546 409 3594 ausanius.
427 3542 586 3605 Panaretus,
601 3545 806 3606 Contsiottina,
822 3536 979 3598 vicinitat-

184 3629 257 3680 titts,
268 3633 329 3671 eum
340 3621 427 3671 multis
444 3620 566 3673 laudibus
582 3625 722 3686 extollunt,
732 3628 889 3687 praesertim
903 3626 977 3689 quod

182 3697 349 3761 disciplinam
376 3701 600 3762 ecelesiasticam,
622 3702 784 3754 sensibiliter
804 3708 977 3766 corruptam,

183 3778 360 3836 revocaverit.
371 3778 467 3835 Romae
479 3780 615 3843 collegium
626 3780 770 3840 Nardiunm
780 3783 877 3841 erexit,
885 3782 912 3832 iu
924 3795 976 3844 quo

183 3855 275 3917 viginti
292 3869 340 3905 sex
357 3869 490 3920 pauperes
508 3857 619 3909 studiosi
635 3860 719 3923 gratis
739 3860 883 3911 alerentur.
903 3859 977 3911 Vale·

183 3935 343 3986 tudinarinm
355 3937 533 3988 bituricense
550 3938 671 4001 pluribus
688 3939 766 3988 bonis
783 3939 878 3989 ditavit
890 3944 916 3990 et
928 3953 977 4005 pa·

180 4012 245 4064 latio
261 4026 317 4064 sno
334 4015 391 4065 tuit
407 4019 433 4066 in
450 4013 550 4079 templo
566 4016 689 4068 Vaticano
712 4018 832 4083 sepultus
849 4032 907 4076 cum
926 4019 975 4070 boo

180 4094 330 4158 epitaphioi

514 4195 543 4245 b.
560 4195 587 4246 0.
604 4196 637 4248 tt.

451 4292 586 4334 stannatio
604 4294 708 4335 naenitii
766 4324 770 4337 ,.

321 4384 323 4386 ’
433 4385 527 4424 saraia
545 4385 727 4428 toaoaittiitni

356 4478 407 4517 tir.
427 4477 449 4518 e.
470 4478 568 4518 atatis
586 4480 670 4520 raiae
689 4482 814 4522 rtatiina¹

340 4570 429 4612 cassu.
449 4569 526 4613 cino.
546 4572 686 4615 asnioiiti.
706 4574 825 4616 incatur.
934 4568 939 4575 “

445 4665 551 4722 ¹itsttato
570 4668 724 4710 taeniotica.

398 4761 467 4804 osiir
487 4761 546 4803 aaa.
565 4761 671 4802 saturis
693 4748 764 4802 itti

462 4856 488 4896 at
508 4855 567 4895 ιιι..
587 4856 686 4897 nossa.

221 5014 325 5076 Corpus
341 5012 461 5063 translat.
477 5010 502 5059 ln
519 5010 709 5075 cryptisllatic.
728 5012 886 5074 nescioqui
904 5015 975 5062 tem·

179 5097 296 5154 posterae
312 5092 347 5142 ibi
365 5093 392 5141 iu
410 5091 512 5142 torulus
529 5089 640 5153 iegitur:
882 5096 888 5109 ’

179 5269 222 5309 MC
238 5267 303 5309 nuni
320 5261 445 5311 extendite
461 5267 609 5312 autumatis
627 5265 845 5308 caementariis
866 5267 973 5309 numni

178 5363 211 5404 tt
231 5361 348 5403 canonic
365 5360 475 5403 ateihas
492 5360 665 5414 utenheim,
682 5359 759 5412 etthi,
777 5358 810 5400 ΒΤ
826 5361 968 5402 ΑΙΙΕΜΑΕ.

1730 246 1838 335 (iasii

1052 382 1196 445 Adrianus
1222 383 1373 465 episcopiis
1394 382 1527 446 &nensis
1540 409 1555 459 ,⁴
1570 396 1600 447 et
1627 386 1754 448 sirecte
1780 403 1840 450 itis·

1052 484 1121 544 mini
1146 484 1205 546 duo
1222 485 1272 546 alii
1292 485 1370 546 cives
1391 483 1516 545 civitatis
1541 482 1674 548 anneis
1699 487 1838 567 proobs·

1049 583 1160 647 dientia
1181 585 1213 646 S.
1235 584 1272 646 D.
1302 584 1338 646 N.
1359 585 1656 665 praestanda-missi,
1681 607 1700 647 a
1723 587 1838 655 damulis

1048 684 1221 747 ·S.-i)ominl
1243 685 1355 758 acini,
1377 697 1407 748 et
1426 685 1627 754 Romanorum
1648 687 1839 750 Dominoruia

1050 784 1254 847 Cardiualium
1273 796 1304 854 et
1324 783 1503 847 Oratoribus
1523 789 1630 867 recepti
1649 787 1797 858 inernut,
1815 800 1840 850 ei

1052 902 1145 964 nsque
1161 885 1199 946 ad
1214 885 1372 966 hospitium
1386 887 1489 966 Angell
1507 903 1598 968 prope
1611 887 1758 970 Campum
1772 888 1842 951 Flo·

1053 1005 1115 1061 rae,
1136 1005 1218 1049 more
1235 999 1265 1049 et
1286 986 1397 1050 bonore
1417 988 1506 1050 solito
1523 989 1667 1050 associati
1859 1039 1864 1060 ,

1091 1087 1223 1150 Sabbata
1241 1087 1293 1150 ao.
1308 1087 1355 1149 die
1372 1088 1442 1151 dicti
1461 1091 1568 1152 mensis
1584 1088 1842 1153 asianis-tione

1052 1188 1082 1248 in
1107 1190 1218 1269 palatio
1243 1191 1404 1270 apostolico
1431 1188 1510 1271 apud
1532 1189 1562 1250 S.
1585 1190 1708 1251 Petrum
1729 1190 1761 1250 in
1788 1180 1842 1270 pu·

1050 1287 1128 1373 blico
1149 1289 1365 1352 consistorio-in
1382 1293 1467 1368 tertia
1484 1292 1553 1352 aula
1578 1290 1697 1369 babitu,
1720 1292 1841 1372 praelati

1050 1386 1194 1466 Oratores
1215 1389 1331 1453 nomine
1352 1391 1573 1478 Communitatis
1590 1408 1680 1462 suae,
1709 1390 1841 1471 episcopo

1043 1489 1169 1560 'Senensi
1195 1502 1309 1563 orante,
1329 1493 1537 1572 praestiterunt
1553 1491 1744 1554 obedientiam
1760 1509 1841 1552 sum·

1050 1593 1105 1651 mis
1124 1589 1313 1653 Pontificibus
1332 1590 1458 1654 debitam
1477 1592 1609 1673 presiate
1629 1591 1661 1652 S.
1684 1590 1719 1651 Ι).
1743 1603 1841 1672 nostro

1050 1708 1134 1754 more
1154 1702 1302 1753 consueto.
1582 1694 1584 1700 ’
1711 1708 1712 1713 ’
1832 1704 1834 1708 “

1093 1790 1221 1853 Sabbata
1242 1788 1293 1852 20.
1308 1789 1378 1851 dicti
1395 1792 1498 1853 mensis
1516 1791 1684 1857 novembris
1706 1792 1735 1852 ln
1758 1792 1839 1873 pala·

1051 1893 1092 1964 tio
1121 1891 1282 1972 apostolico
1302 1890 1381 1972 apud
1402 1891 1435 1953 S.
1459 1891 1580 1955 Petrum
1602 1880 1631 1954 i'n
1650 1892 1748 1973 prima
1774 1893 1838 1953 atila

1043 2011 1155 2073 ,magna
1177 1992 1309 2054 habitu-
1330 1996 1374 2054 est
1392 1993 1619 2066 consistorium,
1631 1995 1661 2055 in
1677 2012 1741 2072 quo
1755 2013 1839 2074 pree·

1048 2094 1240 2154 stantissimns
1254 2091 1291 2152 1).
1309 2092 1484 2155 Francisms
1498 2093 1534 2154 de
1554 2092 1666 2167 Pudnu,
1681 2094 1839 2156 advocatus

1050 2193 1267 2266 consistorialis,
1284 2191 1399 2272 publice
1420 2176 1554 2263 recitarit
1577 2195 1676 2270 vitain,
1697 2206 1728 2258 et
1750 2197 1838 2256 mira·

1048 2295 1116 2363 cula
1133 2293 1214 2356 beati
1229 2280 1380 2373 [eupoldh
1397 2284 1495 2374 petetis
1515 2295 1543 2355 in
1559 2293 1626 2369 bne,
1639 2297 1735 2376 ipsum
1751 2315 1839 2358 cena

1049 2397 1151 2466 niaari;
1164 2391 1251 2472 cujus
1267 2394 1399 2458 oratione
1411 2393 1501 2469 hnita,
1517 2395 1595 2475 Papa
1611 2394 1742 2474 (utheri
1756 2397 1838 2479 solet)
1866 2429 1868 2439 ·

1049 2514 1101 2575 per
1122 2513 1255 2569 errorem
1276 2514 1334 2557 non
1356 2496 1523 2576 respondit,
1545 2512 1637 2574 neque
1655 2495 1838 2571 cardinales,

1048 2605 1078 2655 et
1098 2595 1242 2675 praelatos
1258 2607 1360 2658 oratus
1380 2608 1424 2658 eat
1438 2597 1474 2657 ad
1493 2597 1660 2677 prandium,
1674 2607 1704 2659 et
1720 2597 1837 2675 qnodiu

1047 2695 1107 2755 alio
1127 2683 1300 2764 consistorio
1319 2713 1425 2767 eostam
1453 2707 1553 2759 votum
1566 2729 1568 2740 ι
1581 2696 1738 2767 auditurus
1758 2707 1837 2767 esoet,

1048 2794 1096 2855 sed
1127 2793 1259 2856 absolute
1288 2795 1439 2871 surrexit,
1465 2808 1494 2859 et
1518 2797 1608 2867 xindiit
1635 2797 1836 2864 insumerem

1047 2914 1140 2957 suam.
1522 2916 1528 2927 ⁸

1090 2995 1313 3058 nominitant.
1341 2982 1411 3059 dicti
1437 2994 1542 3059 mensis
1565 2998 1735 3060 novembris
1762 2999 1836 3059 circa

1048 3096 1152 3160 boram
1174 3113 1243 3160 xri.
1267 3097 1535 3161 Reverend‘uiimus
1556 3098 1727 3161 inebriato
1757 3109 1835 3177 pater

1046 3208 1076 3258 et
1092 3196 1129 3259 l).
1151 3197 1295 3260 iohannes
1316 3198 1394 3259 tituli
1415 3197 1539 3261 &notae
1556 3199 1693 3261 Balbinus
1709 3197 1836 3279 Presby-

1047 3306 1092 3357 ter
1114 3296 1276 3358 Cardinalis
1292 3296 1487 3360 Gernndensis
1505 3301 1669 3381 vulgariter
1684 3316 1836 3379 nuncupa·

1047 3408 1116 3473 itis„
1137 3398 1269 3471 Romae,
1289 3402 1320 3463 in
1342 3399 1428 3463 domo
1449 3419 1518 3471 sitae
1538 3400 1638 3463 solitae
1669 3400 1835 3462 residentiae

1044 3499 1181 3579 spiritum
1196 3500 1320 3564 reddidit
1334 3500 1468 3564 Creatori
1482 3499 1538 3585 (S).
1550 3500 1661 3564 Deinde
1680 3501 1766 3564 eires
1782 3500 1835 3561 bo·

1044 3663 1154 3673 ——

1085 3735 1122 3792 (2)
1135 3731 1250 3783 ioannes
1273 3733 1355 3785 iioles
1377 3732 1412 3784 de
1428 3735 1588 3797 biargariiis,
1612 3733 1764 3787 Cardiualis
1776 3795 1778 3798 Α
1791 3737 1835 3788 Ge·

1044 3812 1197 3870 candensis,
1213 3812 1262 3861 luit
1274 3815 1314 3862 vir
1326 3814 1529 3866 humanioribus
1542 3815 1626 3866 literis
1642 3819 1669 3865 et
1680 3815 1834 3880 theologicis

1043 3889 1192 3954 disciplinis
1209 3893 1349 3952 excultus,
1365 3897 1458 3944 auctor
1476 3895 1602 3947 historiae
1617 3893 1794 3957 Hispaniam,
1810 3897 1834 3944 at

1042 3970 1181 4040 cniusdam
1205 3970 1266 4021 iibri
1282 3971 1318 4021 be
1340 3972 1437 4034 optimo
1457 3974 1589 4036 principe,
1607 3974 1700 4039 sedin
1722 3975 1834 4038 itegum,

1040 4051 1067 4098 et
1079 4047 1213 4099 Ecclesiae
1225 4052 1337 4112 negotiis
1349 4052 1515 4113 peragendis,
1526 4055 1644 4114 apprime
1656 4053 1755 4104 clarus.
1775 4052 1833 4116 iijns

1041 4129 1155 4191 elogium
1171 4129 1198 4176 iu
1214 4128 1389 4191 inscriptione
1402 4142 1560 4195 marmorea,
1571 4131 1688 4191 Neapoli,
1699 4133 1727 4181 in
1738 4135 1834 4195 templo

1042 4209 1068 4258 S·
1083 4205 1199 4270 Spiritus
1215 4211 1276 4270 post
1293 4209 1337 4259 125
1349 4207 1532 4267 annos,.lnlins
1544 4210 1625 4261 lloies
1637 4185 1728 4274 Ninos
1740 4210 1834 4263 e'xcudi

1039 4289 1122 4350 iussit
1139 4287 1188 4338 hac
1205 4286 1305 4337 torma:

1320 4357 1437 4412 iohiilii
1453 4359 1557 4412 itOLEs

1080 4425 1200 4482 Sanctis
1216 4425 1343 4480 iloiiinis
1361 4425 1510 4480 &cassiis
1527 4427 1669 4482 Cisuiaait
1688 4426 1832 4486 Grannum

1043 4516 1067 4556 ιιι
1086 4501 1174 4556 lanata
1194 4515 1311 4556 accussat
1326 4515 1426 4557 ennena
1442 4516 1510 4558 otro
1526 4515 1688 4568 nmuuesrii
1705 4517 1832 4576 socratis

1043 4592 1075 4633 ic
1090 4591 1201 4631 ireriru
1220 4591 1322 4633 risioni.
1342 4578 1494 4634 Disconuiis
1513 4593 1589 4635 tarsi
1609 4594 1718 4635 suarius
1739 4582 1834 4636 Potni-

1043 4668 1121 4709 rtcnit
1148 4651 1287 4708 Nicoiiutr
1309 4653 1339 4708 V.
1368 4669 1401 4708 ιτ
1427 4656 1585 4712 Λιιιιοιιιιιιι
1617 4656 1711 4712 Reos!
1737 4655 1756 4712 l.
1787 4671 1834 4713 sni

1041 4743 1168 4785 sotcsrn
1185 4743 1298 4785 saniris
1325 4729 1416 4785 Rasna
1442 4733 1593 4788 aaronitas
1622 4749 1655 4788 nr
1679 4734 1834 4790 Cisrniiaa

1042 4822 1075 4862 an
1102 4808 1183 4862 tons.
1212 4807 1282 4862 itis.
1307 4806 1373 4863 Pina
1405 4808 1436 4863 li.
1456 4823 1489 4863 st
1514 4810 1612 4867 Sixroii
1638 4809 1678 4864 lv.
1706 4822 1834 4871 iiiosons

1041 4888 1180 4941 Paiacirss
1208 4896 1240 4937 er
1275 4885 1452 4940 haerecticis
1482 4900 1515 4940 au
1553 4882 1640 4942 soson
1670 4897 1752 4939 scena
1786 4901 1835 4939 rii·

1040 4974 1123 5016 canos
1151 4972 1265 5014 aaaron
1300 4974 1384 5023 arone
1419 4963 1523 5016 Ιτιιιιι
1556 4975 1630 5016 eicis
1658 4974 1833 5016 aoaaostroii

1330 5037 1421 5091 lucius
1451 5039 1542 5093 hioim

1040 5116 1080 5170 Ns
1108 5112 1186 5168 sitin
1221 5125 1284 5168 vint-
1302 5126 1369 5169 suit
1402 5125 1494 5168 usaria
1525 5128 1589 5169 eost
1613 5127 1696 5169 araus
1725 5113 1832 5174 vexit.

1211 5187 1338 5246 licaonia
1357 5202 1468 5244 estinan
1487 5204 1511 5244 a.
1533 5189 1660 5246 ncnvtt.

1039 5266 1132 5324 nonii
1149 5278 1233 5321 tucca
1251 5279 1340 5322 mitit
1356 5279 1430 5322 roms
1441 5267 1597 5322 nauseans
1613 5263 1831 5324 ansoldum.

1114 5356 1245 5398 ssauurus
1264 5344 1436 5400 iioSiiiotaii
1456 5343 1564 5399 lirina
1584 5357 1618 5399 os
1637 5345 1753 5400 locuto.
