3764 6036
15 255 16 258 ‘
37 272 152 356 (raso)

46 407 199 481 soriensis,
219 404 329 468 Orator
350 390 517 487 imperialis,
539 408 640 468 habuit
660 406 832 466 audientiam

40 510 221 588 privatsma
244 506 298 566 SS.
321 507 356 566 D.
376 504 422 579 N,
442 517 471 566 et
492 507 679 588 imperatoris
697 505 831 564 mandata

42 606 199 676 Sanctitati
215 604 292 665 Suae
305 605 444 684 exposuit.
462 592 464 595 ⁸

81 705 168 763 Feria
187 712 276 774 sexta,
292 704 386 781 prima
402 704 479 775 maii,
498 704 602 764 lesturn
621 703 830 782 Apostolorum

41 801 167 880 Philippi
182 811 212 863 et
226 801 325 861 Jacobi
342 803 450 874 etc.‚in
466 801 521 863 liae
532 801 644 873 Missae,
660 801 739 880 Papa
754 800 832 860 dedit

41 901 265 961 benedictionem
292 912 321 960 et
344 901 537 978 indulgentias
569 902 729 980 plenarias,
759 918 831 976 quas

37 1000 199 1080 publicarit
215 999 373 1072 celebrans,
392 1000 490 1060 deinde
506 1000 647 1061 Sanctitas
667 999 727 1060 Sua
744 1017 829 1060 crea·

38 1101 82 1158 vit
102 1117 193 1157 unum
216 1100 243 1156 in
266 1099 397 1170 militem,
418 1099 526 1159 scilicet
545 1099 669 1158 Sixtum.
714 1143 721 1157 .
768 1141 775 1157 .
819 1143 826 1157 .

37 1198 104 1257 RR.
125 1198 188 1257 Di).
212 1198 371 1259 cardinalis
386 1198 486 1257 Sancti
500 1197 579 1267 Petri
600 1197 637 1256 ad
657 1197 777 1258 Vincula
794 1216 828 1257 ex

38 1315 143 1357 sorore
158 1315 211 1356 sua
234 1309 374 1375 nepotem,
397 1297 443 1356 cai
459 1297 486 1355 ia
499 1295 554 1356 line
571 1296 702 1369 habitum
722 1295 754 1353 S.
775 1295 830 1354 Jo-

40 1397 145 1456 ltanois
156 1396 408 1474 Hierosolymitani
421 1396 556 1474 imposuit
565 1395 697 1479 3deinde,
710 1393 830 1454 dimissis

39 1496 232 1556 antestium
259 1495 357 1568 mitra,
379 1495 510 1575 pluviali,
533 1504 562 1554 et
589 1496 684 1567 stola,
711 1503 829 1573 accepto

37 1597 200 1673 capuccino
229 1605 258 1654 et
284 1594 339 1654 alia
360 1598 454 1668 stola,
473 1603 607 1674 portatas
626 1604 669 1653 est
687 1593 723 1652 ad
746 1595 837 1686 palan

37 1693 296 1762 tiumxcardinalis
318 1691 559 1776 praedictijuxta
580 1692 727 1753 basilicam
741 1712 828 1772 proc-

36 1793 158 1867 dictam,
173 1793 222 1852 ubi
236 1786 310 1853 iecit
323 1793 477 1872 prandium
496 1803 524 1856 et
543 1796 643 1874 plures
661 1790 829 1871 cardinales

37 1911 107 1952 curn
127 1886 171 1953 eo.

82 1994 169 2053 Feria
189 2002 278 2062 sexta,
298 2009 335 2053 vt.
351 1990 429 2064 maii,
448 1992 493 2051 ΙΙΙ.
511 1991 650 2072 Princeps
668 1989 748 2053 Otho
768 1992 828 2051 Ba·

37 2093 139 2152 suriae
160 2102 215 2151 etc.
236 2092 313 2163 nur,
333 2094 381 2168 qui
414 2090 540 2153 Sabbata
563 2091 670 2151 Sancto
698 2092 828 2170 proxime

37 2193 198 2271 praeterito
216 2191 340 2250 llomam
364 2191 462 2265 renit,
483 2209 500 2250 a
523 2193 633 2252 nemine
659 2202 753 2250 tamen
776 2209 828 2251 re·

37 2301 164 2370 ceptus,
187 2295 308 2352 recessit
324 2310 358 2350 ex
380 2292 458 2354 Urbe
479 2292 626 2366 allamilia
648 2291 684 2351 ll.
703 2290 827 2353 licar-

36 2389 141 2450 diaalis
169 2391 269 2450 Sancti
297 2391 389 2450 lilarci
415 2393 596 2463 associatus,
629 2392 751 2470 patriam
777 2410 827 2451 re·

36 2491 174 2565 diturus;
198 2494 222 2552 is
251 2493 342 2554 irater
364 2502 407 2553 est
434 2493 469 2552 R.
490 2493 525 2552 D.
545 2492 601 2553 mei
625 2492 738 2553 Alberti
763 2493 827 2570 epi·

36 2594 117 2671 scopi
132 2592 358 2670 Argentincasis,
369 2603 399 2652 et
411 2591 456 2651 his
475 2592 575 2653 diebus
593 2593 698 2670 quibus
717 2593 827 2654 Romae

34 2690 92 2749 init
113 2677 274 2768 numquam
299 2693 375 2752 venit
396 2691 432 2750 ad
452 2695 623 2772 cappellam
642 2692 692 2753 sed
714 2693 769 2768 SS.
789 2693 825 2754 D.

36 2790 130 2867 liqui
146 2791 281 2852 credebat
292 2792 386 2868 ipsum
405 2791 646 2852 sabbatoinlllbis
656 2792 693 2853 ad
708 2794 827 2871 cappel-

36 2890 95 2948 lam
118 2899 287 2962 venturum,
310 2891 432 2952 rerbum
455 2891 525 2952 iecit
541 2893 600 2952 sinc
625 2891 853 2967 cardinalibus

36 2989 70 3049 de
100 2992 167 3049 loco
187 2989 241 3048 sibi
268 2988 372 3062 dando,
397 2990 475 3068 quod
503 3009 556 3049 sua
578 2999 641 3051 erat
660 2990 757 3069 opinio
772 2991 826 3049 sibi

36 3091 136 3150 locum
155 3090 225 3151 dare
246 3093 274 3150 in
293 3090 384 3150 banco
395 3089 592 3152 cardinalium
608 3099 672 3169 post
687 3090 825 3149 ultimum

36 3190 212 3262 Diaconum}
229 3189 276 3251 sed
290 3207 355 3268 ega,
365 3173 490 3262 ‘vocatus
511 3207 528 3246 a
550 3188 707 3249 Sanctitate
721 3187 783 3263 Sua
796 3198 827 3247 et

36 3287 246 3367 interrogatus,
264 3289 320 3348 dixi
339 3289 392 3348 sibi
404 3291 508 3348 locum
529 3289 557 3346 in
572 3305 709 3367 supremo
730 3287 825 3366 gradu

34 3386 122 3464 juxta
144 3391 250 3449 solium
270 3389 364 3469 Papae
376 3388 513 3461 dandum,
532 3388 610 3465 quod
624 3386 826 3448 cardinalibus

36 3488 165 3548 multum
187 3490 296 3568 placuit
307 3511 317 3561 ;
333 3489 388 3549 luit
408 3476 549 3561 alcidem
571 3487 636 3547 Dux
658 3505 725 3548 cum
744 3487 826 3563 cquis

38 3605 135 3649 xxix.
163 3591 194 3648 in
217 3588 340 3669 hospitio
373 3589 535 3669 Campanae
565 3607 654 3668 prope
683 3588 825 3665 campum

38 3688 147 3749 Florae
171 3689 326 3768 hospitatus
333 3712 343 3763 3
358 3693 407 3767 qai
426 3691 481 3750 luit
501 3689 647 3769 Neapolim
665 3706 731 3769 cum
746 3688 825 3767 Rege

38 3807 96 3866 pra
119 3790 290 3867 quibusdam
313 3792 442 3869 negotiis,
461 3809 520 3868 quo
538 3792 635 3850 iturus
657 3789 772 3850 recessit
791 3808 825 3849 ex

37 3889 122 3952 Urbe
147 3890 192 3949 die
208 3891 293 3950 lanae
311 3906 413 3950 xxrrr.
431 3891 548 3969 aprilis,
562 3889 606 3951 dic
624 3890 783 3964 flaminica,
802 3890 824 3949 si

34 4000 118 4049 recte
140 3991 266 4049 memini.
316 3977 322 3989 ⁶

77 4091 132 4151 Die
159 4091 280 4169 septima
298 4088 385 4166 junii,
405 4092 477 4151 testo
498 4088 680 4151 Pentecostes
697 4090 725 4150 in
743 4107 824 4160 sero,

35 4190 92 4250 SS.
116 4189 154 4248 D.
180 4189 214 4248 Ν.
235 4190 332 4250 incidit
356 4191 384 4250 in
409 4189 605 4251 infirmitatem
635 4189 729 4249 iluxus
756 4189 825 4247 satis

33 4288 207 4368 periculosi.
442 4290 443 4294 ’
756 4363 760 4367 ‚
786 4339 788 4342 ,

78 4389 372 4466 Sabbato,rigcsima
388 4390 507 4467 septima
530 4390 632 4449 arensis
649 4386 735 4464 junii,
759 4388 824 4447 illa-

34 4472 161 4567 gnilicus
180 4488 316 4549 Nicolaus
332 4489 477 4561 Ursinus,
499 4490 623 4549 Pitilioni
639 4533 648 4559 ,
668 4489 781 4549 Suanae
796 4499 827 4551 et

33 4589 125 4649 Nolae
159 4579 285 4659 comes,
324 4588 443 4647 luturus
475 4587 646 4667 capitaneus
678 4587 825 4648 Generalis

35 4689 161 4746 Sanctae
184 4688 328 4745 llomanae
345 4686 501 4759 Ecclesiae,
518 4687 626 4748 Urbem
641 4688 824 4765 ingressurus

34 4805 102 4866 curn
126 4806 178 4873 sua
201 4787 307 4845 larailia
329 4785 477 4846 dumtaxat
498 4797 526 4846 et
548 4786 771 4866 particularibus
790 4804 824 4843 a·

36 4888 127 4958 micis,
144 4904 201 4945 uon
221 4898 314 4944 tanten
330 4885 445 4955 familiis
456 4878 664 4958 cardinalium,
681 4887 825 4964 ingressus

35 4998 76 5046 est
98 5005 150 5064 per
178 4984 358 5045 viridarium
388 4984 491 5052 Palatii
511 4986 667 5063 Apostolici
689 4984 725 5041 ad
747 4984 824 5042 Saa-

37 5086 195 5144 ctissimum
223 5084 379 5144 Dominum
411 5096 542 5144 nostrum
574 5103 590 5142 a
619 5101 677 5161 qao
705 5082 825 5161 benigne

38 5196 170 5265 receptus
185 5196 250 5269 est-3
267 5185 366 5248 deinde
388 5186 462 5245 idem
479 5184 592 5257 Comes,
604 5204 637 5246 ex
660 5184 745 5243 astris
760 5185 825 5263 opi-

40 5287 148 5346 nionem
171 5286 397 5349 seeuartabeas
419 5286 498 5364 quod
526 5285 609 5346 hodie
630 5284 706 5347 bono
727 5301 824 5362 augu-

511 270 792 358 PUNTlFlchUS
814 264 1037 365 ΙΝΝΟΟΙΙΝΤΙΙ
1059 268 1210 332 octtttt.

1625 271 1686 332 tta

899 425 968 466 rara
982 402 1065 485 signo
1080 404 1201 484 insignia
1223 389 1417 485 capitaneatirs
1436 415 1530 466 essent
1541 404 1689 483 capienda,

898 493 978 584 petiit
1001 518 1029 567 ct
1057 507 1178 568 obtinuit
1200 525 1217 564 a
1238 505 1293 565 SS.
1314 505 1349 564 l).
1371 504 1405 564 N.
1429 506 1548 584 insignia
1578 503 1687 581 hujus-

898 605 975 665 modi
997 605 1049 665 sibi
1071 605 1134 664 dari
1156 604 1211 665 hoc
1226 604 1336 665 ordine.
1359 603 1559 665 Sanctissimus
1580 602 1685 664 Domi·

898 721 951 762 nus
971 703 1073 764 Noster
1088 704 1116 762 in
1132 705 1199 763 aula
1215 702 1404 775 Pontificum,
1422 715 1540 782 recepto
1561 703 1685 782 pluviali

897 822 985 882 supra
1005 806 1109 864 stolam
1124 815 1152 864 et
1166 803 1347 875 rochettum,
1369 803 1509 865 benedixit
1528 804 1614 862 ambo
1628 822 1683 864 re·

897 905 976 977 xilla,
987 915 1075 983 prout
1094 908 1123 963 ia
1135 900 1299 964 Ordinaria.
1316 903 1457 962 Tunicam
1469 904 1510 963 illi
1523 902 1684 962 successise

898 1019 997 1062 coram
1015 1021 1045 1061 se
1064 1001 1214 1080 genuflexo
1226 1001 1354 1073 tradidit,
1370 1001 1480 1062 deinde.
1498 1047 1505 1060 .
1524 1032 1531 1060 .
1552 1011 1641 1080 prout
1655 1001 1683 1059 i'n
1792 995 1798 1006 ’

896 1092 995 1161 eodem
1018 1101 1094 1159 libro
1113 1101 1289 1172 continetur,
1301 1110 1329 1160 et
1353 1090 1465 1160 tandem
1488 1099 1632 1160 baculum.
1652 1143 1681 1157 ..

897 1200 945 1260 sed
960 1200 1035 1259 arcis
1051 1199 1149 1270 Urbis,
1160 1210 1248 1280 prout
1267 1199 1340 1279 inira
1353 1199 1457 1269 dicam,
1471 1199 1521 1277 qui
1537 1197 1683 1277 posthaec

896 1298 1056 1360 successive
1073 1310 1215 1378 receptus,
1231 1300 1377 1359 osculatus
1391 1309 1434 1359 est
1444 1298 1544 1376 pedem
1556 1295 1682 1358 Pontifi-

897 1400 938 1458 cis
959 1398 1014 1482 (Ι).
1036 1398 1116 1468 Quae
1138 1410 1233 1458 tamen
1246 1401 1364 1472 omnia,
1387 1401 1488 1460 vexilla
1511 1383 1539 1459 et
1561 1399 1683 1465 baculus

896 1500 972 1578 apud
992 1500 1047 1560 SS.
1062 1500 1218 1575 Dominum
1234 1497 1372 1558 Nostrum
1394 1482 1603 1558 remanserunt.
1622 1496 1683 1557 Fa·

895 1603 973 1660 inilia
990 1599 1131 1672 comitis,
1152 1597 1269 1658 dimissa
1282 1597 1392 1666 comite
1413 1599 1442 1656 in
1461 1596 1582 1669 Palatia,
1603 1598 1683 1658 venit

895 1700 931 1759 sd
950 1701 1068 1760 domurn
1087 1688 1122 1759 de
1143 1697 1293 1768 lllartcllis,
1314 1697 1435 1776 positam
1455 1714 1542 1774 supra
1572 1695 1678 1781 flumen

892 1798 976 1877 juxto
995 1801 1072 1858 riam
1093 1799 1196 1858 Beatae
1211 1796 1318 1857 lilariae
1335 1796 1370 1857 de
1390 1796 1528 1875 Populo,
1547 1812 1602 1874 pro
1619 1795 1680 1874 ipso

895 1901 1006 1963 Comite
1026 1899 1197 1959 ordinatam.

936 2000 1097 2072 flaminica,
1118 1997 1253 2075 vigesima
1276 2007 1378 2056 octava
1397 1993 1485 2072 junii,
1501 1995 1576 2055 bono
1598 2011 1681 2055 mane

894 2097 995 2160 comes
1019 2097 1183 2177 praedictus
1203 2097 1344 2172 equitavit
1365 2114 1433 2154 cum
1455 2095 1560 2155 iamilia
1580 2113 1678 2155 secum

894 2200 931 2259 ad
940 2192 1209 2260 biantembmarnrn
1216 2191 1272 2276 (Ι),
1280 2194 1354 2253 unde
1366 2197 1479 2253 veniens
1489 2194 1567 2253 circa
1579 2192 1682 2256 horam

895 2300 1107 2372 duodecimam,
1128 2316 1145 2356 a
1160 2296 1273 2370 familiis
1290 2293 1354 2354 tttt.
1367 2294 1429 2354 ut).
1441 2293 1638 2373 cardinalium
1653 2305 1682 2353 et

895 2402 950 2463 SS.
967 2401 1003 2460 1).
1017 2399 1064 2473 li,
1083 2399 1118 2459 tle
1136 2396 1270 2456 mandato
1289 2395 1454 2455 Sanctitatis
1470 2393 1558 2464 Suae,
1578 2391 1681 2454 ordine

895 2512 1032 2564 consueto
1052 2510 1185 2579 receptus
1206 2508 1260 2568 est,
1278 2508 1308 2557 et
1327 2495 1364 2555 ad
1385 2495 1504 2555 domum
1526 2491 1682 2562 habitatio·

894 2605 937 2664 nis
956 2621 1024 2662 suae
1040 2597 1235 2679 supradictam
1256 2595 1414 2656 honorilice
1432 2593 1611 2662 associatus3
1633 2591 1681 2650 in·

893 2702 983 2763 travit
993 2718 1044 2780 pet·
1061 2709 1173 2778 portam
1190 2696 1277 2758 Urbis
1289 2692 1374 2771 juxta
1385 2693 1564 2754 Viridarium
1574 2693 1680 2770 Papae.
1759 2753 1765 2764 .

893 2788 1013 2864 Familia
1032 2801 1126 2879 Papae
1150 2794 1311 2875 exportarit
1333 2812 1399 2856 eum
1419 2792 1503 2871 juxta
1528 2791 1680 2853 ecclesiam

894 2901 991 2962 Sancti
1011 2898 1156 2977 Pelegrini
1178 2906 1259 2956 extra
1282 2906 1395 2972 portam
1415 2892 1614 2972 praedictam,
1635 2890 1682 2948 la·

893 3002 986 3062 miliae
1006 2999 1207 3061 cardinalium·
1222 2996 1301 3054 ultra
1318 2994 1437 3054 Pontem
1452 3036 1461 3065 ‚
1479 2989 1562 3068 juxta
1582 2989 1681 3048 vl’ala-

893 3105 965 3162 tium
987 3101 1022 3160 de
1049 3096 1202 3177 Spinellisz
1233 3094 1311 3153 venit
1342 3093 1428 3152 etiam
1450 3089 1475 3151 ei
1496 3089 1611 3170 obviam
1639 3087 1678 3147 Ι).

893 3200 1029 3260 blatthias
1043 3200 1194 3277 episcopus
1208 3177 1385 3253 secoviensis
1401 3199 1429 3250 et
1446 3207 1514 3250 eum
1533 3205 1615 3247 more
1628 3205 1680 3246 so·

892 3300 943 3371 lito
954 3299 1071 3378 excepit,
1085 3313 1171 3375 quem
1185 3294 1313 3371 equitare
1323 3292 1406 3353 secia
1422 3287 1528 3351 dextris
1549 3285 1681 3360 Comitis,

892 3401 960 3478 quia
979 3397 1016 3456 ad
1035 3393 1163 3471 ejusdem
1182 3391 1302 3453 comitis
1329 3390 1474 3449 sinistram
1501 3397 1566 3447 crat
1584 3386 1681 3444 Fran·

893 3501 986 3560 ciscus
1015 3497 1096 3558 cibo.
1127 3494 1282 3570 Postquam
1315 3489 1423 3549 familia
1460 3488 1555 3565 l‘apae
1585 3485 1680 3563 ipsum

891 3599 1018 3677 excepit,
1038 3595 1140 3654 mansit
1161 3591 1197 3650 ad
1218 3587 1282 3665 ejus
1312 3589 1473 3649 instantiam
1504 3584 1679 3645 Franciscus

893 3699 1070 3780 praedictus,
1084 3690 1170 3769 cujus
1190 3691 1226 3748 ad
1248 3689 1393 3752 dexteram
1408 3686 1492 3768 posui
1512 3683 1549 3743 R.
1571 3683 1609 3742 D.
1628 3680 1681 3740 Ni·

893 3802 1006 3860 colaum
1027 3796 1099 3858 cibo
1128 3788 1377 3868 archiepiscopum
1397 3787 1592 3847 Arelatensem
1614 3780 1680 3859 pri·

893 3918 974 3961 mam
1006 3916 1040 3958 ex
1067 3893 1201 3975 praelatis
1223 3887 1353 3961 Palatii,
1375 3898 1439 3967 post
1458 3901 1545 3945 cosa
1572 3878 1680 3941 dextris

892 4001 1059 4081 episcopam
1083 3996 1306 4062 cortanensem,
1329 3986 1412 4049 etad
1435 3986 1581 4044 sinistram
1613 3980 1677 4058 epi·

892 4117 1012 4179 scopum
1039 4086 1462 4170 Secovieasam'praedictum,
1484 4081 1583 4144 deinde
1606 4080 1678 4138 alios

891 4202 1033 4280 praelatos
1052 4195 1170 4266 l'ulatii,
1189 4205 1217 4254 et
1236 4193 1307 4251 alios
1328 4189 1408 4247 binas
1440 4195 1468 4245 et
1493 4183 1598 4241 binos:
1622 4178 1678 4238 hac

891 4298 989 4359 ordine
1006 4296 1134 4356 venimus
1151 4293 1196 4351 via
1212 4287 1392 4351 llomadorae
1405 4281 1476 4365 (ric)
1489 4282 1525 4342 ad
1537 4280 1680 4358 Campum

890 4398 994 4457 Florae
1012 4390 1154 4467 blajorem
1175 4410 1227 4471 per
1249 4389 1365 4449 damam
1392 4385 1425 4445 de
1452 4382 1584 4444 blaximis
1613 4389 1679 4439 ante

894 4496 1013 4557 domum
1032 4492 1194 4554 cardinalis
1215 4488 1355 4568 Neapolit.
1365 4530 1373 4560 ‚
1389 4485 1528 4564 hospitale
1542 4480 1681 4540 Alaman-

933 4672 966 4731 (t)
982 4670 1064 4718 Verba
1082 4667 1202 4724 Codicis,
1222 4666 1264 4714 iric
1286 4666 1390 4713 omnino
1408 4665 1565 4724 deturpata,
1582 4659 1681 4707 descri-

892 4751 982 4812 ptione
999 4746 1118 4795 vialardii
1137 4749 1197 4792 sunt
1214 4743 1385 4793 restituenda:
1404 4763 1413 4784 ·
1433 4741 1512 4788 Dicde
1530 4740 1554 4786 la
1571 4736 1682 4785 benedi·

893 4832 968 4877 zione
985 4841 1000 4876 a
1017 4828 1068 4874 dne
1086 4823 1240 4881 standardi,
1257 4825 1300 4884 poi
1319 4822 1435 4870 diedela
1451 4819 1529 4870 solita
1555 4819 1631 4865 vesle
1654 4815 1682 4864 di

893 4908 1020 4958 Generale
1038 4919 1052 4953 a
1068 4903 1158 4956 Nicold
1175 4903 1223 4951 circ
1242 4903 1274 4963 gli
1292 4907 1368 4950 stava
1381 4898 1572 4961 iuginocahiato
1585 4894 1684 4950 avanti,

893 5001 907 5035 c
929 4987 1091 5040 finalmente,
1112 4982 1191 5030 datoli
1221 4982 1244 5028 lo
1270 4983 1360 5028 stocco
1380 4992 1393 5026 e
1411 4979 1427 5025 il
1445 4976 1583 5037 cappello,
1601 4984 1682 5020 orna·

893 5067 973 5121 monti
991 5064 1017 5112 di
1035 5063 1158 5123 capitano
1176 5053 1307 5118 generale,
1326 5056 1342 5104 li
1361 5054 1471 5102 diodoli
1489 5052 1610 5099 bartone.
1628 5068 1638 5090 ·

934 5147 968 5204 (2)
983 5143 1056 5192 Nunc
1074 5141 1155 5190 Monta
1170 5138 1258 5186 Mario.
1269 5134 1316 5183 llic
1330 5146 1415 5187 mons,
1432 5130 1544 5180 dirersis
1562 5125 1678 5188 appella·

896 5221 1012 5271 tionibus
1030 5219 1081 5269 bac
1100 5219 1161 5266 illuc
1179 5218 1204 5265 in
1217 5215 1304 5264 Dtario
1322 5211 1490 5276 significatus,
1502 5207 1550 5267 sed
1566 5218 1598 5257 ex
1609 5216 1683 5253 ama·

896 5301 1034 5350 anensium
1052 5309 1154 5355 errore,
1170 5298 1199 5344 at
1216 5293 1341 5343 arbitror.
