3780 6030
185 246 225 309 l8
349 253 351 261 '
663 236 946 304 tonsuramus
966 231 1190 301 inuocauit!
1211 236 1363 303 OC'l'th.
1447 317 1449 324 ‚

183 402 237 463 pro
267 401 343 460 equo
378 380 523 443 Pontihais
552 378 707 452 habendo,
740 390 769 441 et
801 376 970 438 baldaccbi·

183 499 221 542 no
234 524 243 555 ,
271 498 346 558 quae
375 481 498 540 Romani
529 481 582 540 sibi
616 480 713 542 deberi
754 479 966 560 praetendunt,

183 592 262 641 tanta
278 581 426 640 insolentia
442 593 471 642 et
490 583 612 661 impetus
631 579 693 641 lieri
713 582 816 653 solent,
837 598 894 641 non
909 581 970 640 sine

182 678 330 742 Pontihais
340 671 480 761 pericula.
497 681 540 741 ta
555 681 583 740 id
595 681 777 753 evitandum,
791 680 870 759 quod
886 681 966 741 Pon-

182 781 249 841 tilex
260 781 300 841 sic
314 792 480 860 portaretur
492 783 532 842 sic
545 781 710 843 ordinatum
730 784 795 854 tuit,
814 782 862 843 sed
876 777 971 857 ntnjus

184 882 348 960 periculum
366 882 466 942 exinde
480 883 589 942 evenit:
609 901 675 943 nam
691 883 806 954 soldati,
824 884 875 961 qui
890 881 970 943 Pon·

184 979 290 1042 tilieem
323 981 503 1060 portabant,
534 993 564 1042 et
594 984 643 1044 alii
664 984 734 1044 socii
755 985 798 1043 sui
820 984 899 1043 circa
921 1001 970 1042 eos

183 1081 351 1156 existentes,
376 1076 454 1142 tutuo
475 1082 575 1142 ittrore
603 1082 770 1146 Pontificem
792 1095 970 1164 portarunt,

183 1182 262 1258 quod
283 1180 431 1243 Pontifieis
457 1183 585 1260 receptio
606 1184 645 1248 in
659 1181 748 1258 ostio,
769 1186 830 1246 siva
856 1180 971 1265 porticu

183 1282 372 1355 lateranense,
392 1292 422 1343 et
441 1279 505 1359 ejus
527 1285 680 1345 locaticia
703 1286 767 1347 sede
794 1284 970 1346 stercoraria

184 1401 218 1442 ac
237 1379 337 1458 jactas
355 1383 543 1461 pecuniarum
567 1384 705 1446 lieriinon
722 1386 972 1466 potuerun13imo

184 1494 213 1542 et
226 1493 303 1542 tanta
319 1481 496 1544 vehementia
512 1503 564 1563 per
579 1484 773 1546 baltresahum
787 1484 834 1567 (ι)
848 1503 864 1543 a
885 1496 972 1563 porta

183 1582 316 1644 basilicae
344 1584 379 1643 ad
403 1584 497 1660 majus
518 1586 610 1645 altare
630 1596 775 1663 paratum,
797 1585 899 1645 lurore
917 1603 974 1663 po·

184 1683 248 1760 puli
268 1683 459 1762 subsequente
481 1694 646 1763 portarunt,
665 1685 743 1762 quod
765 1684 823 1762 ipse
843 1684 973 1745 Pontiiex

182 1794 211 1843 et
232 1782 399 1846 cardinales
422 1785 450 1843 in
466 1772 603 1863 ‘periculo
630 1786 739 1846 luerint
764 1785 882 1846 cadendi
905 1803 971 1846 cum

184 1881 406 1966 baltreschaffl).
418 1884 576 1945 cardinalis
589 1885 732 1959 Senensis,
743 1899 772 1947 et
784 1886 901 1964 quidam
912 1889 973 1965 ulii,

182 1984 346 2061 perieulum
359 1985 495 2059 videntes,
510 1984 545 2045 de
556 1984 718 2046 baltrescha
733 1989 882 2050 saltarunt.
895 1988 974 2049 Pro·

183 2093 283 2161 pterea
306 2102 362 2146 non
382 2084 502 2145 luerunt
522 2088 617 2147 omnia
640 2087 688 2148 hic
717 2106 772 2148 suo
795 2090 896 2158 ordine
917 2093 974 2152 ob·

185 2194 311 2257 serrata,
332 2183 381 2263 sed
402 2197 491 2264 prout
512 2185 584 2246 inira
606 2187 654 2248 hlc
675 2188 796 2250 dicetur.

225 2283 371 2345 Pervento
388 2285 425 2344 ad
445 2286 538 2351 stura
558 2289 662 2368 majus,
682 2290 760 2370 Papa
780 2292 925 2354 deseendit
939 2294 973 2356 de

168 2384 273 2475 sede,
294 2403 383 2465 quam
404 2386 507 2447 soldati
529 2390 557 2448 vi
579 2403 743 2470 rumpentes
765 2403 793 2453 et
817 2393 976 2457 lacerantes

184 2485 238 2544 sibi
255 2483 513 2579 vendicat-untia),
527 2500 556 2548 et
573 2491 740 2568 genuflexus
755 2496 783 2553 in
803 2494 975 2580 faldistorio,
999 2480 1004 2491 ⁴

185 2584 313 2666 deposito
334 2584 562 2667 regeneravit.
582 2592 670 2652 Facta
692 2596 837 2666 oratione,
857 2608 974 2675 accepta

188 2688 286 2761 mitra,
311 2691 438 2750 ascendit
463 2691 499 2749 ad
524 2692 618 2754 sedem
646 2697 819 2757 eminentem
844 2715 977 2756 marmo-

170 2805 267 2881 ,reum
290 2793 318 2848 in
342 2791 459 2850 tribuna
482 2792 565 2853 solita
591 2807 741 2874 paratam,
764 2798 812 2857 ttbi
843 2799 925 2877 prior
947 2811 975 2859 et
1000 2779 1003 2785 ¹

187 2890 315 2950 canonici
343 2892 533 2953 lateranenses
560 2894 670 2974 Papam
699 2897 797 2958 sedere
822 2899 975 2970 iecerunt,

188 2990 267 3079 quod
283 2989 383 3068 jacere
408 2976 568 3054 ridebatur.
590 2992 657 3064 Quo
682 2999 723 3057 sic
743 2997 874 3094 sedente,
896 2999 973 3058 Car-

188 3153 591 3179 ,.-..--—L—..-..-—..

855 3176 976 3186 ———

227 3273 263 3331 (t)
282 3269 379 3330 italice,
394 3271 471 3320 Ponte
486 3271 603 3336 lanatop'o.

227 3345 263 3404 (2)
282 3368 291 3389 ·
310 3346 339 3396 tn
357 3362 442 3397 nuovo
454 3353 497 3412 qui
510 3365 561 3400 non
573 3352 588 3402 ι
599 3355 665 3404 altro
676 3367 704 3404 se
717 3369 768 3404 non
781 3356 829 3405 che
844 3358 894 3418 ieri
908 3357 929 3406 si
943 3357 975 3407 ie·

191 3425 212 3475 la
230 3427 472 3477 incoronazionem
490 3430 519 3482 N.
534 3431 558 3479 S.
575 3445 624 3481 con
650 3437 762 3484 maxima
781 3449 874 3500 pompa
898 3450 912 3486 e
931 3437 973 3485 ie-

188 3508 270 3564 sta,e
290 3515 370 3554 senza
387 3506 523 3565 scandalo,
538 3508 586 3558 che
602 3509 617 3559 h
634 3513 865 3575 cosainconsueta
881 3515 942 3578 quia
960 3528 975 3565 a

188 3583 269 3634 oredo
287 3585 310 3633 la
327 3598 406 3635 causa
425 3599 456 3636 ue
473 3589 511 3637 aia
529 3591 596 3639 stata
613 3592 710 3654 perche
729 3594 758 3644 N.
774 3594 798 3643 S.
816 3595 910 3646 ordino
924 3597 975 3646 che

187 3675 305 3713 nessuno
329 3663 430 3713 Barcae
455 3665 487 3714 ue
510 3671 587 3728 genle
609 3668 740 3731 d’arnre,
760 3676 861 3722 accetto
883 3675 933 3734 che
951 3675 975 3724 la

189 3743 297 3805 guardia
315 3743 341 3791 di
357 3744 381 3792 S.
398 3743 569 3806 beatitudine,
587 3750 609 3797 si
627 3753 747 3801 trovasse
766 3752 789 3809 iu
804 3752 893 3801 Roma:
913 3753 974 3804 ιιιι

190 3822 317 3871 accaduto
333 3824 358 3871 tn
377 3824 429 3873 tata
446 3825 646 3876 incoronazione
671 3830 809 3880 accidente
835 3831 919 3892 degne
947 3832 974 3884 di

188 3901 307 3959 notizia,
332 3914 361 3951 se
382 3915 435 3952 non
451 3904 500 3953 che
517 3906 541 3954 el
559 3907 661 3956 cavallo
676 3910 700 3957 el
718 3909 794 3971 quale
812 3914 923 3970 portare
950 3913 972 3961 el

187 3989 269 4041 corpo
286 3980 312 4029 di
331 3980 437 4042 cristo,
454 3985 568 4034 secando
586 3986 609 4034 el
627 3993 768 4049 consueto,
786 3990 891 4040 innanzi
913 4005 926 4040 a
943 3992 974 4043 N.

186 4057 339 4121 S.,uuando
356 4061 383 4111 iu
401 4063 426 4111 in
444 4065 483 4112 sul
501 4066 575 4126 paleo
593 4067 619 4114 tn
636 4067 661 4115 S.
679 4067 790 4117 iohanni
808 4056 974 4132 cadda,per·

188 4138 237 4188 che
255 4150 284 4188 se
302 4139 326 4188 le
344 4153 427 4203 ruppe
445 4156 479 4191 un
497 4156 557 4193 asse
579 4149 649 4195 sotto
666 4147 766 4207 a’piedi
783 4148 808 4197 di
826 4148 899 4198 detto
916 4151 975 4212 pal·

187 4226 232 4265 co:
244 4220 270 4266 et
286 4228 333 4277 per
348 4229 597 4279 murmurassenne
616 4235 630 4271 a
647 4223 743 4274 cadere
760 4225 776 4273 il
794 4225 974 4278 'tabernacola

187 4293 256 4344 dore
273 4307 318 4344 era
336 4297 352 4344 it
369 4299 492 4358 prezioso
509 4312 591 4362 corpo
608 4301 633 4351 di
649 4303 811 4354 Gristozche
827 4319 876 4367 per
888 4307 973 4358 alcuni

188 4372 348 4436 injudicata
364 4377 463 4425 cattivo
481 4380 608 4440 augurio,
624 4386 745 4442 quamvis
763 4383 786 4432 el
803 4386 905 4434 cavalto
922 4400 975 4438 uon

185 4451 314 4503 ricevessi
331 4453 489 4505 detrimento
506 4457 609 4507 alcano.
627 4459 740 4508 Omissis.
796 4447 798 4452 ’

229 4529 300 4581 llieri
325 4533 401 4581 ancta
418 4546 432 4581 a
450 4547 496 4583 ore
514 4535 529 4585 6
547 4537 612 4586 mori
630 4539 653 4587 el
670 4540 744 4590 hmo.
757 4540 834 4591 Card.
851 4543 975 4593 Matisco-

187 4623 263 4669 nese,
279 4624 293 4660 e
311 4610 415 4660 innanzi
433 4611 459 4661 di
476 4613 502 4662 iu
520 4617 733 4679 seppeltit031lin
745 4618 822 4668 abbia
842 4620 910 4670 tacto
928 4633 976 4670 va·

188 4704 249 4743 raca
267 4690 384 4753 perdono
401 4692 444 4741 all'
456 4693 542 4744 anima
558 4707 612 4744 sua.
633 4718 642 4738 ·

229 4769 269 4820 lla
291 4770 371 4820 literis
388 4770 565 4837 Garnaurouu
582 4773 717 4835 liaseaact,
734 4775 849 4827 oratoris
865 4776 977 4827 Floreat.

187 4848 238 4899 diei
258 4863 312 4900 atu.
334 4850 399 4911 Sept.
421 4853 481 4901 titi
503 4875 535 4888 ·-
558 4850 585 4901 ln
602 4852 693 4902 Tabul.
710 4853 824 4904 Reform.
841 4854 923 4905 Class.
946 4869 973 4905 x.

187 4926 251 4979 Dist.
270 4931 292 4978 ι.
307 4928 338 4980 N.
356 4931 393 4980 ³3.
410 4930 460 4979 nul.
478 4942 513 4979 te.
533 4943 597 4979 arm.
615 4934 637 4982 t.

226 5008 262 5066 (tl
285 5008 358 5068 Quae
381 5009 493 5059 llartiao
509 5009 544 5067 ll,
563 5009 605 5057 Pio
622 5010 661 5069 ιι,
678 5011 789 5073 aliisque
806 5010 972 5061 Pontificibus

188 5088 326 5135 evenerint
348 5086 426 5150 simili
443 5090 591 5152 occasione,
609 5086 702 5137 videas
719 5089 745 5138 ia
762 5102 804 5151 op.
824 5090 867 5137 ιιι.
885 5089 973 5138 Franc.

187 5162 341 5213 Cancellieri
358 5176 382 5226 p.
400 5167 437 5214 lo.
457 5168 496 5214 ιι.
514 5167 544 5215 ts
561 5170 587 5215 ιι
604 5165 672 5214 alibi.
689 5164 747 5214 Pius
764 5165 793 5214 ll.
820 5167 863 5214 rix
881 5178 970 5214 necem

188 5241 274 5290 evasit
291 5242 359 5291 inter
375 5255 430 5300 eoa,
446 5243 500 5305 qui,
515 5247 625 5306 propter
643 5255 811 5306 equumque
829 5244 972 5306 insederat,

187 5321 280 5382 gladiis
297 5320 477 5372 decertabant.
536 5381 542 5396 .

1723 234 1830 323 (tut)

1039 373 1148 436 dinales
1170 393 1269 438 omnes
1290 394 1357 436 eum
1378 373 1538 438 honorifice
1558 376 1711 438 elevarunt
1731 375 1830 438 dicen·

1040 487 1097 536 tes:
1109 476 1285 537 aSarcitat
1301 478 1338 537 de
1357 478 1488 556 pulnere
1504 497 1642 559 epenarn,
1654 488 1685 538 et
1699 479 1739 539 de
1749 488 1831 540 ater·

1039 595 1113 638 care
1134 577 1231 658 eripit
1250 596 1430 657 pauperem,
1455 589 1489 639 ιιι
1513 580 1626 641 sedeat
1647 598 1717 640 cura
1736 581 1830 660 pria·

1039 677 1176 757 cipibus,
1189 687 1218 735 ct
1234 677 1350 738 solium
1366 675 1490 759 plurios
1501 678 1605 740 teneat
1624 703 1650 739 a.
1663 679 1731 749 (luo
1743 681 1829 754 lacta,

1039 776 1169 837 Pontilex
1189 778 1302 856 aceepit
1320 778 1355 838 de
1369 779 1482 857 gremio
1500 780 1536 838 Ι).
1554 779 1688 841 Falconis
1711 781 1830 843 thesau-

1040 878 1112 936 rarii
1129 876 1175 936 sul
1197 888 1256 939 tres
1276 877 1434 956 pugillatas
1456 878 1668 967 quatranoruru
1690 891 1719 942 et
1738 880 1829 941 dena·

1038 978 1152 1038 riorum
1169 976 1349 1042 minutarum
1366 981 1538 1054 successise,
1552 992 1582 1040 et
1594 981 1669 1040 inter
1688 981 1830 1060 populum

1040 1077 1178 1157 proiecit,
1199 1078 1295 1139 dicem
1317 1102 1333 1134 ι
1359 1080 1552 1162 Arpcntum,
1576 1093 1606 1143 et
1627 1098 1742 1142 aarum
1770 1101 1829 1145 non

1040 1189 1086 1241 est
1107 1179 1210 1250 niihi3
1230 1181 1317 1259 parad
1330 1169 1436 1242 'autent
1456 1183 1571 1253 habeo,
1591 1185 1649 1245 boc
1667 1180 1731 1243 tibi
1746 1185 1797 1244 alo.
1815 1208 1829 1239 s

1039 1280 1158 1360 Accepit
1173 1279 1273 1340 deinde
1292 1279 1425 1341 Priorem
1444 1292 1473 1342 ιι
1492 1285 1644 1344 canonicos
1669 1282 1829 1362 praedictos

1041 1388 1175 1452 larrium,
1206 1392 1236 1440 et
1262 1399 1319 1442 non
1350 1382 1422 1440 alios
1448 1372 1657 1455 nauaturos,
1689 1384 1726 1443 ad
1755 1386 1829 1464 pedis

1039 1483 1183 1543 oscttlum.
1213 1480 1290 1540 Tum
1319 1493 1414 1554 stans,
1441 1482 1569 1562 deposita
1592 1486 1690 1557 mitra,
1711 1497 1830 1565 propter

1041 1596 1159 1641 crucem
1179 1599 1272 1652 suam,
1293 1600 1368 1659 qiuae
1384 1601 1437 1662 per
1455 1583 1665 1647 subdiaconum
1685 1604 1770 1646 more
1785 1605 1830 1647 so·

1041 1682 1092 1743 lito
1114 1701 1213 1743 coram
1235 1703 1271 1744 eo
1293 1685 1491 1757 retinebatur,
1519 1687 1638 1766 populo,
1664 1687 1829 1748 solemniter

1040 1783 1192 1857 benedixit,
1207 1783 1324 1854 dicens:
1341 1786 1394 1845 Sit
1416 1803 1525 1856 nomen
1547 1788 1675 1848 Domini
1689 1799 1748 1849 etc.

1082 1883 1156 1944 Erat
1179 1895 1276 1945 autern
1299 1884 1476 1959 ordinatum,
1499 1887 1588 1971 quod,
1608 1887 1689 1966 Papa
1710 1889 1749 1947 nd
1770 1887 1830 1948 ba·

1041 1982 1175 2047 teranurn
1197 1986 1349 2065 p'errento,
1371 2006 1427 2066 per
1447 1990 1555 2049 malam
1577 2007 1672 2062 suam,
1697 2007 1772 2068 quae
1794 1988 1829 2048 ibi

1041 2097 1142 2166 parata
1161 2098 1236 2159 erat,
1257 2086 1293 2147 de
1313 2105 1389 2166 equo
1410 2086 1606 2160 descenderet,
1628 2100 1657 2151 et
1678 2092 1779 2170 prior,
1796 2109 1829 2149 aa

968 2220 969 2223 =
1041 2187 1172 2246 eanomci
1194 2187 1387 2248 lateranenses
1396 2221 1409 2261 ‚1
1425 2191 1475 2266 aui
1502 2191 1756 2268 processionaliter
1777 2192 1830 2251 ibi·

1041 2286 1108 2370 ιιιιιι
1125 2287 1244 2348 ader-ant
1260 2290 1288 2348 in
1308 2290 1509 2369 superpeliciis
1527 2302 1556 2351 et
1574 2292 1714 2367 almodis,
1740 2294 1828 2371 ipsum

1042 2387 1227 2465 reciperent,
1253 2398 1282 2446 et
1310 2390 1338 2447 in
1365 2388 1431 2451 sede
1458 2406 1623 2450 ntarmorea
1652 2393 1827 2453 stercoraria

1043 2497 1208 2564 nuncupata
1219 2483 1265 2568 (l)
1274 2488 1460 2560 collocarent,
1473 2501 1504 2550 ut
1515 2487 1617 2566 jacere
1628 2491 1734 2569 potius,
1743 2509 1828 2570 quam

1041 2586 1140 2649 sedere
1168 2588 1333 2662 rideretur3=
1359 2601 1388 2651 et
1414 2591 1515 2653 deinde
1543 2590 1711 2652 cardinales
1739 2594 1828 2672 ipsum

1042 2691 1200 2761 elevarent,
1217 2689 1357 2750 dicentes:
1375 2692 1516 2753 Sarritor
1532 2694 1569 2752 cle
1581 2695 1713 2773 pulnere
1727 2704 1783 2753 cte.
1795 2692 1830 2753 Bt

1042 2788 1173 2849 Pontifex
1192 2801 1250 2851 tres
1266 2788 1363 2867 jactus
1382 2790 1486 2852 ibidem
1504 2793 1752 2865 incentricem:
1771 2795 1830 2856 Ar·

1042 2902 1167 2970 pentum
1195 2904 1225 2953 et
1252 2913 1363 2955 aarum
1383 2905 1439 2955 ιιι.
1462 2893 1538 2956 Tum
1558 2888 1642 2974 prior'
1668 2896 1829 2975 praedictus

1043 3009 1281 3070 crucem,.quarn
1300 3008 1385 3054 manu
1403 2994 1544 3072 gestabat,
1557 2995 1704 3057 Cardmali
1720 2997 1833 3085 hledio·

1086 3271 1118 3328 ⁴l}
1138 3269 1204 3317 Ordo
1228 3268 1356 3318 Romanas
1379 3272 1409 3320 dr
1429 3274 1652 3324 consuetudinibus
1669 3278 1715 3329 etc.
1728 3280 1832 3339 auctam

1044 3344 1131 3395 Contio
1146 3347 1176 3394 de
1190 3346 1294 3397 Sabellis
1311 3349 1441 3398 cardinale
1456 3357 1464 3411 ι
1479 3351 1527 3400 sub
1540 3351 1672 3402 celestino
1690 3354 1742 3417 ιιι)
1765 3357 1830 3418 apud

1043 3424 1242 3484 llablllon,hlus.
1260 3428 1338 3476 italic.
1352 3432 1413 3477 tom.
1426 3429 1453 3478 ll.
1466 3433 1545 3491 patr
1560 3431 1624 3479 haee
1638 3430 1728 3481 babet.
1748 3454 1758 3475 ·
1777 3435 1830 3494 Quo

1044 3502 1116 3553 hatto
1126 3503 1168 3567 (Te
1179 3506 1258 3555 Deam
1265 3508 1282 3564 t,
1294 3506 1327 3554 ab
1341 3509 1476 3570 episcopis
1486 3509 1672 3560 Cardlnalibus
1687 3498 1831 3573 (Pontllext

1043 3583 1075 3632 ad
1094 3584 1184 3635 sedem
1209 3586 1315 3635 ducitur
1332 3591 1392 3648 post
1408 3588 1513 3648 altare,
1530 3593 1556 3639 et
1573 3590 1598 3639 in
1615 3603 1663 3649 ea,
1680 3595 1710 3640 at
1727 3591 1830 3654 dignum

1043 3666 1094 3722 est,
1111 3665 1262 3714 collocatur.
1291 3667 1317 3713 ln
1339 3679 1409 3728 qua,
1425 3667 1581 3722 dumsedet
1597 3669 1716 3730 electus,
1734 3673 1833 3736 recipit

1043 3754 1135 3790 omnes
1147 3746 1285 3805 episcopos
1297 3748 1324 3792 et
1334 3743 1498 3804 cardinales,
1509 3750 1535 3795 ιι
1552 3759 1618 3815 quos
1635 3748 1685 3796 sibi
1703 3750 1832 3811 placuerit

1043 3822 1076 3872 ad
1093 3822 1185 3885 pedes,
1196 3823 1363 3885 postmodum
1384 3823 1416 3871 ad
1433 3825 1551 3874 osculum
1568 3827 1649 3889 pacis.
1664 3827 1831 3891 surgensque

1042 3899 1075 3950 de
1093 3901 1156 3951 seda
1172 3901 1277 3955 ducitur
1295 3914 1309 3949 a
1326 3900 1511 3962 Cardinalibus
1527 3903 1560 3952 ad
1577 3904 1668 3953 sedem
1688 3906 1832 3967 lapideam,

1041 3992 1108 4040 ause
1125 3978 1203 4029 sedes
1220 3980 1315 4047 dicitur
1332 3980 1531 4041 Srancoaaara,
1547 3994 1614 4045 quae
1632 3988 1673 4033 est
1690 3990 1754 4036 ante
1776 3998 1832 4048 par·

1042 4059 1121 4107 ticum
1135 4058 1258 4107 basilicae
1269 4058 1412 4108 Salvatoris
1430 4050 1623 4121 patriarchatus
1639 4062 1832 4123 Lateranensis;

1042 4139 1068 4185 et
1086 4139 1110 4184 in
1129 4149 1159 4186 ea
1177 4137 1297 4187 eumdem
1325 4139 1436 4188 electum
1463 4138 1510 4202 ipsi
1528 4140 1681 4192 Cardinales
1709 4144 1832 4195 onoritlce

1042 4212 1151 4276 ponu'nl,
1168 4218 1196 4265 ut
1214 4228 1277 4266 vere
1293 4217 1416 4267 dicatur:
1440 4220 1545 4269 suscitat
1561 4219 1591 4271 dc
1606 4221 1712 4282 palam
1728 4237 1832 4287 menam

1042 4298 1064 4342 st
1080 4295 1109 4344 da
1124 4297 1234 4344 stercora
1249 4295 1347 4357 eripens
1362 4307 1512 4359 pauperem,
1524 4302 1557 4348 ,ιιι
1571 4302 1655 4352 aedem
1672 4306 1716 4351 etc.
1735 4327 1744 4346 .

1083 4375 1121 4425 Ex
1140 4375 1188 4424 hoa
1205 4375 1316 4437 quisque
1335 4375 1463 4439 intelligit,
1475 4379 1554 4430 ritum
1567 4379 1638 4428 sedis
1655 4380 1831 4430 stercorarius

1044 4468 1094 4502 uon
1113 4452 1260 4516 siguificare
1277 4452 1328 4502 nisi
1346 4454 1387 4502 dei
1406 4454 1692 4520 Omnipotentiam,qai
1709 4459 1743 4508 de
1763 4464 1833 4528 ster·

1043 4544 1104 4581 core
1117 4533 1150 4581 nd
1166 4529 1353 4582 sublimitatem
1366 4534 1534 4594 apostolatus
1547 4537 1715 4593 universatis,
1729 4538 1763 4587 ad
1775 4537 1831 4589 Divi

1041 4611 1109 4681 iletri
1130 4610 1322 4681 haereditatem
1340 4613 1439 4664 electos
1456 4625 1518 4664 suos
1535 4617 1666 4665 extollere
1679 4620 1789 4678 potest,
1805 4620 1831 4665 ut

1042 4690 1150 4741 sedeant
1167 4703 1226 4740 cum
1243 4690 1416 4754 Principibus.
1432 4693 1556 4746 Attamen
1573 4704 1586 4743 a
1604 4696 1710 4745 Romani
1728 4695 1833 4746 Pontii·

1041 4773 1116 4817 catus
1135 4769 1339 4827 insectatoribus
1356 4774 1397 4820 vel
1415 4774 1509 4825 nimiae
1527 4773 1691 4824 credulitatis
1708 4775 1773 4824 viris
1793 4776 1832 4824 iu·

1042 4851 1148 4895 ventum
1168 4846 1341 4911 relatumque,
1359 4851 1427 4899 illam
1444 4863 1504 4901 esse
1521 4850 1611 4901 sedern
1630 4866 1711 4902 sexus
1736 4853 1831 4914 proba·

1042 4927 1155 4983 toeiam3
1174 4930 1201 4975 et
1219 4928 1296 4976 ritum
1323 4939 1356 4976 ex
1378 4934 1456 4990 partu
1476 4928 1601 4992 Paplssae
1623 4927 1758 4981 lobannae
1786 4933 1832 4985 ini·

1041 4992 1105 5055 tium
1123 5005 1247 5058 babuisse
1261 5027 1270 5046 ·
1286 5006 1314 5056 ln
1326 5006 1449 5070 cappella
1465 5008 1617 5059 servatoris
1633 5014 1697 5060 sunt
1708 5010 1777 5074 duae
1790 5012 1830 5060 ret

1043 5084 1133 5145 plures
1151 5087 1293 5135 cathedrae
1311 5085 1344 5135 de
1361 5086 1447 5148 lapide
1460 5100 1607 5139 marmoreo
1624 5094 1650 5137 ιι
1666 5102 1829 5152 cupra‚cum

1042 5163 1215 5216 foraminibus
1239 5168 1263 5213 in
1290 5167 1321 5214 irs
1346 5167 1476 5227 sculptis,
1499 5180 1578 5229 super
1603 5181 1668 5231 quas
1690 5170 1830 5220 cathedras

1041 5250 1088 5301 (ut
1117 5245 1203 5296 audivi
1232 5244 1403 5305 lbidenrlest
1431 5245 1553 5306 prabatio
1579 5245 1663 5308 Papae
1684 5249 1830 5309 (Guarinus

1041 5324 1190 5382 bernwicus,
1201 5324 1230 5373 dc
1242 5329 1336 5385 septem
1353 5324 1437 5374 tectas
1454 5325 1563 5386 mincip.
1582 5326 1718 5383 annues·
1737 5329 1830 5378 l'ideas
