3758 6030
174 218 238 283 28⁰

178 373 270 436 prope
288 352 431 417 Sanctum
448 351 622 424 Antonium,
637 350 689 411 ubi
703 368 738 411 ex
754 368 831 430 equo
845 352 965 416 desem

180 454 260 528 dens,
280 452 423 534 Legatum
450 454 556 534 ipsum,
576 450 687 514 detecto
707 451 810 531 capite,
831 453 965 534 recipiat,

181 572 299 616 manum
319 556 345 617 ei
363 537 564 627 deosculando,
583 562 611 614 at
630 551 658 611 in
677 569 738 612 ore.
754 550 890 631 Legatns,
911 570 965 615 ne·

180 665 250 732 gato
268 656 320 715 sibi
339 672 441 715 manus
459 654 577 725 osculo,
592 651 628 711 ad
642 651 702 713 oris
720 653 854 721 osculum
870 651 964 732 ipsum

179 753 290 835 Regem
309 755 452 835 recipiat,
473 765 501 818 et
522 750 607 830 juxta
628 771 658 814 se
676 753 763 814 iaciat
782 755 920 832 equitare.

220 853 325 915 Clerus
353 852 556 934 Neapolitanus
573 871 656 914 ,cnm
679 854 820 933 religiosis
852 855 880 914 in
912 872 966 914 ec-

182 954 269 1015 clesia
290 952 475 1034 Neapolitana
491 953 728 1032 congregabitur,
748 973 783 1016 ex
804 973 873 1033 qna,
889 953 963 1016 bora

184 1051 288 1124 debita,
298 1052 485 1132 praecedente
500 1052 651 1114 dumtaxat
665 1072 753 1116 cruce
768 1051 898 1130 ejusdem
911 1072 963 1115 ec·

179 1150 280 1212 clesiae
291 1151 392 1213 ordine
406 1152 602 1231 infrascripto,
614 1152 707 1212 veniet
721 1152 871 1232 usquead
886 1172 960 1233 por·

182 1260 240 1311 tam
252 1251 425 1331 Capnariam
439 1252 487 1311 ubi
503 1272 533 1312 se
549 1241 644 1315 vertat
664 1253 821 1332 processio;
833 1254 870 1312 ita
886 1252 964 1331 quod

180 1349 340 1425 inferiores,
360 1351 491 1414 videlicet
508 1353 603 1434 primo
623 1353 794 1427 incedentes,
817 1353 872 1413 sint
889 1353 964 1412 versi

177 1450 218 1510 ud
240 1453 391 1514 ecclesiam
413 1451 642 1533 Neapolitanam,
663 1465 693 1516 et
712 1454 808 1516 clerus
829 1453 963 1515 ecclesiae

178 1549 391 1631 Neapolitanae,
411 1553 542 1615 videlicet
554 1554 800 1635 Archieplscopus
823 1572 891 1614 eum
913 1571 965 1612 ca·

70 1716 74 1723 ,
180 1652 288 1714 nonicis
305 1665 339 1717 et
357 1656 419 1717 aliis
439 1651 600 1732 majoribus
614 1655 787 1729 dumtaxat,
804 1655 859 1714 sint
875 1670 965 1732 prope

179 1764 295 1831 portam
332 1754 520 1833 praedictam.
554 1753 795 1834 hrebiepiscopus
830 1750 966 1831 Neapoli·

182 1863 266 1914 tanus
285 1865 405 1934 paratus
426 1854 483 1916 erit
510 1855 642 1927 amictu,
662 1854 751 1930 alba,
771 1864 801 1915 et
831 1853 966 1933 cingulo,

184 1954 282 2028 stola,
302 1956 445 2035 pluuiali,
465 1966 494 2017 et
510 1956 596 2014 mitra
616 1955 776 2035 preciosis,
797 1965 825 2016 et
845 1970 967 2033 proces-

182 2053 294 2133 sionem
316 2055 491 2135 concludat,
513 2074 599 2134 quem
620 2056 773 2136 praecedat
805 2072 880 2116 nnus
913 2073 966 2115 ca-

174 2155 521 2238 ‚nantcaslleapottnnus
541 2158 749 2238 superpellicio
772 2156 901 2231 indutus,
916 2157 966 2233 qni

182 2254 322 2317 baculum
356 2258 528 2337 pastoralem
561 2270 626 2320 ante
658 2260 752 2338 ipsum
787 2257 918 2331 delerat,
939 2268 968 2318 et

183 2356 259 2419 alius
280 2360 433 2439 canonicus
451 2358 537 2420 etiam
567 2360 596 2418 in
623 2359 825 2440 superpellicio
850 2375 967 2419 crucem

182 2459 311 2538 portabit
331 2461 390 2537 sine
405 2459 509 2523 bacarlo
522 2457 634 2540 Legata
654 2460 691 2520 ad
712 2460 844 2521 osculum
867 2458 967 2538 porri-

180 2559 305 2640 gendam
316 2581 327 2634 3
347 2571 375 2622 et
401 2560 459 2621 duo
491 2560 543 2620 alii
565 2562 717 2635 canonici,
749 2571 781 2621 ut
811 2577 899 2640 supra
921 2559 969 2619 in-

180 2659 256 2735 duti,
267 2660 335 2723 binc
347 2671 377 2723 et
391 2661 456 2721 inde
472 2662 614 2741 gremiolo
632 2672 697 2722 ante
711 2659 967 2740 hrcbiepiseopum

182 2769 308 2822 tenentes
320 2804 329 2836 ,
350 2772 380 2823 et
401 2760 531 2820 dmbrias
551 2760 709 2822 anteriores
740 2759 873 2839 pluvialis
906 2757 968 2820 ele·

183 2870 303 2936 rantes,
323 2858 581 2940 hrabiepiscnpnm
608 2860 683 2920 inter
704 2877 736 2920 se
770 2858 897 2922 medium
918 2877 968 2918 as·

181 2960 341 3022 sociabunt

220 3061 289 3122 ¹Sub
304 3070 390 3142 porta
404 3059 527 3122 civitatis
541 3071 676 3142 paratum
688 3058 744 3119 erit
762 3057 967 3120 baldachinum

182 3181 240 3242 pro
260 3161 381 3242 legato

189 3303 190 3306 =
224 3262 338 3325 Nobiles
349 3262 527 3344 Neapolitani
536 3261 654 3324 Sedinm
671 3263 881 3334 illarum‚ante
895 3279 967 3339 quas

150 3400 154 3405 -
191 3363 317 3446 Legatan
336 3367 393 3426 erit
410 3365 597 3437 transiturus,
617 3362 653 3422 ad
675 3361 849 3442 portandum
869 3361 969 3421 balda-

188 3466 307 3527 chinum
328 3465 433 3530 ibidem
453 3465 546 3546 parati
567 3473 664 3538 erunt,
676 3473 705 3524 et
720 3461 862 3542 Legatum
884 3481 970 3542 expe-

174 3566 317 3643 ctabunt.
655 3639 658 3644 Ι

228 3668 338 3747 Legata
364 3678 479 3747 portam
500 3665 632 3727 Civitatis
646 3668 791 3747 intrante,
815 3664 970 3744 Arebiepi·

184 3786 302 3848 scopus,
313 3766 425 3828 detecto
439 3767 541 3846 capite,
552 3767 626 3826 lacta
643 3767 696 3826 sibi
711 3769 793 3845 prius
809 3766 969 3829 reverentia

185 3887 305 3931 erucem
320 3869 421 3932 alferat
441 3866 639 3942 osculandam,
659 3886 693 3928 es
714 3869 795 3947 prius
814 3868 969 3947 panniculo

184 3979 273 4045 teau,
286 3980 315 4031 et
329 3950 483 4049 panniculo
503 3968 678 4029 deosculato.
695 3966 836 4046 laegatus,
850 3967 970 4044 inritato

185 4072 268 4150 prius
284 4070 322 4131 ad
343 4068 531 4132 osculandum
553 4068 643 4148 Rege,
666 4087 785 4130 crucem
802 4069 903 4146 ipsam,
917 4067 971 4128 de·

185 4183 262 4234 tecto
275 4173 389 4252 capite,
406 4189 440 4231 ea
460 4188 536 4249 equo
551 4181 717 4233 reverenter
732 4169 895 4232 osculetur.
910 4167 971 4230 lies

185 4284 395 4346 antenorem
412 4272 576 4352 ipsnmlnon
594 4272 789 4333 osculabitur:
805 4280 868 4330 tum
890 4268 970 4330 dica·

189 4384 240 4435 tnr
253 4373 408 4452 antiphona
420 4372 589 4452 Sacerdos,
603 4386 634 4436 st
645 4374 803 4455 ,Pontifex
815 4384 870 4444 etc.
883 4370 969 4451 llesp.

185 4475 271 4539 Ecce
300 4473 456 4535 Sacerdos
488 4494 615 4556 magnas
645 4484 701 4537 etc.
723 4491 791 4535 eum
825 4473 970 4534 versiculo

188 4587 218 4638 et
231 4576 346 4640 Gloria
360 4565 467 4648 Patri,
483 4575 524 4637 Te
536 4575 632 4638 Deum
648 4577 825 4648 laudamus,
839 4575 971 4655 Hymnus

187 4677 242 4740 Ad
259 4675 484 4759 caenamAprri
496 4676 629 4755 prasidi
639 4686 695 4738 etc.
716 4676 844 4757 Legatns
862 4685 892 4738 et
910 4675 970 4738 Rex

186 4778 274 4840 simul
295 4777 348 4858 sab
369 4776 541 4838 baldachino
570 4776 748 4855 equitabunt.
771 4778 915 4839 Perveato
934 4777 970 4835 ad

184 4879 336 4941 'cenetam
356 4877 570 4958 Neapolitanam
584 4921 593 4951 ,
607 4878 848 4958 archiepiscopus
863 4886 898 4937 ut
918 4895 971 4936 su·

188 4998 241 5060 prs
261 4989 404 5060 paratus,
423 4976 534 5058 Legata
561 4965 711 5040 ecclesiam
732 4978 850 5042 intranti
871 4976 971 5038 olierat

188 5082 399 5162 aspersorium,
410 5099 445 5144 eo
460 5081 541 5162 prius
556 5079 720 5143 deosculato
726 5104 736 5156 ς
756 5078 899 5161 Legatos,
921 5099 972 5140 re·

190 5193 274 5264 cepto
290 5182 464 5264 aspersorio,
475 5183 568 5262 primo
577 5182 699 5263 Regem,
711 5182 811 5244 deinde
822 5201 863 5256 se,
874 5190 970 5262 postea

174 5283 344 5366 ¹praelatos,
362 5294 392 5348 et
410 5283 482 5347 alios
498 5294 641 5366 aspergat.
656 5284 732 5346 'lum
750 5300 826 5346 unus
846 5280 973 5346 Canoni-
996 5344 998 5347 ,

665 209 948 283 rourwlclrus
968 210 1190 280 mansuum
1211 210 1339 276 SEXTI.

1706 210 1811 300 (reor)

1031 369 1148 426 corum,
1162 349 1359 423 thnribulum,
1375 356 1405 410 et
1415 346 1561 428 praelatas
1568 347 1813 430 Lchnptsaopas

1031 452 1195 515 naviculam
1209 452 1315 514 incensi
1328 468 1395 512 cnm
1408 449 1538 524 coeliaci,
1552 448 1628 528 quod
1643 450 1728 530 prius
1744 449 1813 511 dao-

1030 554 1173 625 sculetur,
1183 550 1294 631 legato
1308 551 1428 613 oderant
1442 595 1451 624 ,
1463 549 1688 629 Arabiepiscopo
1703 550 1812 617 dicente

1029 649 1813 730 BenedicitsPJlsvsrendissiare.Legatns,aeeepta

1031 753 1160 826 cocliari,
1176 754 1324 814 incensum
1340 762 1428 832 ponat
1442 753 1471 811 in'
1487 749 1670 813 thnribulum
1691 761 1722 812 et
1741 749 1812 811 dieat

1031 857 1070 917 ab
1084 855 1145 918 illo
1160 853 1359 917 benedicaris
1371 853 1409 914 irs
1428 855 1519 936 cujas
1540 853 1659 915 bonore
1679 869 1815 914 corosa-

1032 956 1116 1017 berir
1134 955 1169 1016 irs
1189 954 1311 1016 romine
1324 953 1434 1016 Patris
1448 964 1479 1015 et
1491 953 1600 1025 Filii,
1620 963 1652 1015 et
1674 951 1815 1033 Spiritus

1031 1054 1157 1125 Sancti,
1173 1064 1203 1116 et
1217 1055 1332 1135 signnm
1347 1052 1444 1116 crucis
1459 1071 1547 1135 super
1561 1055 1713 1117 incensum
1725 1054 1815 1134 ipsum

1030 1156 1059 1216 in
1072 1155 1255 1217 thuribulum
1269 1155 1394 1236 positum
1409 1154 1562 1235 producat.
1576 1152 1815 1234 Arcbiepiseapus

1031 1267 1149 1337 accepto
1164 1256 1327 1325 thuribulo,
1336 1250 1528 1334 laetaLegato
1541 1255 1814 1335 reverentia,ipsuna

1031 1358 1142 1420 detecto
1162 1357 1254 1437 capita
1267 1366 1389 1418 stantem
1404 1356 1562 1419 incensabit
1582 1366 1639 1429 ter,
1656 1357 1699 1417 illi
1721 1355 1816 1416 thuri·

1030 1459 1130 1520 bulum
1152 1458 1266 1520 ducens.
1289 1455 1416 1537 Legatns
1443 1466 1598 1534 antequam
1620 1455 1745 1536 recipiat
1771 1456 1817 1516 in-

1031 1556 1234 1629 censationem,
1255 1576 1353 1636 regem
1374 1556 1409 1617 ad
1428 1575 1492 1617 eam
1511 1556 1668 1630 inaltabit,
1690 1554 1817 1618 sedites

1032 1675 1087 1720 non
1108 1657 1290 1738 acceptabit,
1317 1675 1410 1736 nequa
1440 1668 1504 1738 post
1522 1655 1665 1738 Legatum
1689 1659 1817 1720 anaema·

1032 1759 1132 1833 bitur,
1164 1761 1231 1837 quia
1261 1754 1429 1835 hujusmodi
1464 1760 1621 1821 incensatio
1653 1756 1688 1817 ht
1710 1756 1815 1837 legato

1031 1868 1180 1937 tamqnam
1200 1860 1312 1920 noviter
1346 1859 1477 1926 venienti.
1503 1859 1593 1922 Facta
1627 1859 1814 1920 incensatione

1032 1960 1215 2039 procedatur,
1239 1959 1276 2018 ad
1296 1959 1389 2020 altare
1412 1956 1509 2036 majus
1521 2002 1530 2032 ,
1552 1958 1601 2026 ubi
1623 1958 1816 2038 insuperiori

1033 2060 1118 2138 plano
1151 2070 1216 2120 ante
1237 2057 1363 2138 gradum
1383 2059 1485 2118 altaris
1517 2068 1730 2138 parataerunt
1760 2058 1817 2119 dua

1028 2159 1215 2233 'faldistoria‚
1237 2176 1327 2219 unum
1345 2176 1447 2220 versus
1472 2175 1568 2220 cornu
1581 2156 1731 2237 Epistolae
1753 2175 1817 2218 cum

1032 2260 1119 2339 pallio
1133 2258 1168 2320 de
1183 2258 1324 2323 brochato
1337 2277 1427 2320 aureo
1442 2257 1603 2330 cremosino
1620 2276 1690 2330 cum
1710 2257 1818 2318 dnobus

1033 2360 1152 2421 cuminis
1173 2359 1274 2420 similis
1292 2358 1424 2422 brochati
1449 2359 1658 2441 prolegom,
1684 2369 1715 2420 et
1746 2359 1818 2420 aliud

1034 2478 1135 2520 versus
1152 2477 1246 2522 cornu
1259 2460 1411 2541 Evangelii
1431 2478 1499 2523 cum
1518 2460 1609 2541 pallio
1629 2459 1665 2521 de
1680 2459 1816 2521 bracbato

1028 2561 1176 2636 sinistis,
1197 2572 1226 2623 et
1246 2560 1360 2627 duobus
1381 2561 1502 2623 cussinis
1522 2560 1656 2624 similiter
1689 2559 1818 2621 bracbati

1033 2680 1088 2742 pro
1109 2661 1197 2741 Rege.
1436 2714 1439 2719 .

1076 2761 1301 2841 Quamprimum
1322 2759 1451 2842 Legatns
1471 2771 1501 2823 et
1519 2760 1580 2824 Rex
1601 2760 1817 2841 genudexerint,

1034 2856 1273 2940 Archiepiscopns
1300 2861 1471 2938 praelatas,
1503 2872 1540 2922 ut·
1568 2879 1659 2941 supra
1681 2872 1817 2941 paratus,

1033 2969 1109 3030 stans
1132 2962 1160 3019 in
1183 2977 1321 3039 supremo
1339 2959 1435 3039 gradu
1456 2961 1560 3022 altarls
1580 2962 1610 3021 in
1631 2979 1729 3022 cornu
1751 2959 1816 3040 Epi·

1034 3061 1124 3121 stolae
1136 3079 1239 3122 seruus
1250 3059 1285 3120 ad
1299 3060 1451 3142 matum,
1459 3062 1634 3142 cappellano
1643 3079 1710 3137 sno,
1722 3079 1817 3141 super·

1033 3159 1149 3241 pellicio
1176 3161 1276 3222 induto
1296 3181 1313 3231 a
1334 3160 1459 3223 sinistris
1480 3164 1539 3222 suis
1561 3162 1672 3223 librum
1699 3171 1820 3231 tenente,

1035 3279 1069 3320 ex
1089 3278 1123 3320 eo
1145 3259 1220 3322 dicat
1250 3279 1322 3322 roae
1352 3260 1546 3342 competenti,
1577 3262 1670 3324 choro
1705 3279 1819 3342 respon·

1036 3361 1138 3423 derata:

1077 3463 1246 3524 Protectar
1267 3473 1374 3524 noster
1394 3463 1502 3544 aspice
1535 3465 1619 3527 Deras
1640 3498 1680 3511 -
1703 3465 1748 3526 ur
1772 3484 1818 3526 re·

1035 3567 1121 3646 spice
1144 3565 1177 3625 in
1199 3565 1312 3645 sociem
1335 3563 1457 3628 Christi
1479 3568 1539 3629 tasi.
1559 3599 1598 3610 —
1615 3566 1748 3629 Saluum
1769 3569 1815 3648 [aa

1036 3666 1170 3728 Domine
1202 3684 1324 3727 servum
1354 3676 1440 3727 tustra
1461 3666 1633 3729 Joltamsenr
1664 3668 1818 3748 presbgte

1036 3787 1105 3829 rum
1129 3758 1392 3844 cardinalem&
1412 3767 1499 3830 Deus
1532 3789 1616 3830 oreas
1647 3778 1815 3849 sperantes·

1036 3867 1071 3928 irs
1103 3877 1141 3926 ts.
1166 3897 1202 3913 -
1237 3864 1329 3927 utrae
1361 3867 1393 3927 ei
1422 3867 1557 3929 Domine
1590 3868 1752 3931 auxilium
1785 3869 1819 3928 ds

1037 3965 1156 4027 Sancto
1179 3998 1214 4010 -
1239 3965 1282 4026 Et
1303 3967 1340 4027 ale
1361 3966 1449 4049 Spart
1471 3979 1557 4030 tatere
1579 3989 1658 4031 euna.
1676 4002 1717 4015 -·
1731 3969 1817 4032 Nihil

1034 4067 1183 4147 proficiat
1217 4066 1366 4127 iniuriosa
1397 4067 1431 4128 irs
1453 4085 1490 4129 eo
1513 4099 1548 4111 -
1573 4069 1616 4130 lit
1648 4069 1738 4149 plius
1759 4068 1819 4131 iai·

1037 4168 1172 4249 paritatis
1191 4184 1254 4227 narr
1279 4168 1406 4229 nocebit
1421 4169 1461 4229 ei.
1484 4200 1520 4255 -7
1541 4168 1676 4230 Domine
1705 4167 1819 4232 raaudi

1037 4269 1211 4331 orationem
1234 4287 1330 4329 means
1352 4300 1392 4310 —
1412 4268 1457 4329 Et
1478 4271 1597 4332 clamor
1625 4288 1713 4332 naeus
1735 4269 1778 4330 ad
1795 4279 1821 4329 ts

1038 4370 1156 4431 ueniat.
1179 4399 1216 4412 —
1245 4368 1398 4431 Dominus
1433 4371 1591 4432 uobiscum
1613 4401 1653 4414 —
1684 4370 1731 4432 Et
1758 4388 1820 4431 can

1037 4470 1156 4551 spiritu
1175 4479 1239 4531 tuo.

1082 4567 1210 4631 Oramus
1232 4600 1271 4614 -
1289 4567 1498 4656 ,Ornnipaterrs
1527 4570 1715 4651 sempiterne
1738 4571 1819 4633 Deus

1038 4691 1081 4736 ea.
1096 4689 1140 4735 ea.
1725 4743 1728 4747 Α

1081 4771 1157 4833 Tum
1178 4771 1286 4834 chorus
1307 4772 1384 4833 dicat
1404 4771 1618 4852 Antipbnuarnr
1641 4771 1739 4836 Salas
1767 4771 1817 4831 de·

1039 4877 1146 4956 senaar
1167 4873 1314 4946 Patriae,
1333 4875 1473 4957 pandens
1504 4873 1663 4954 triumpha
1692 4873 1822 4955 plorias,

1039 4976 1141 5038 niteas
1162 4985 1197 5037 ast
1212 4994 1329 5057 pemmo
1341 4971 1522 5056 praesulum
1537 5018 1547 5050 ,
1562 4975 1678 5036 almam
1694 4972 1822 5037 concede

1040 5077 1166 5140 exitum.
1532 5133 1535 5136 ,

1081 5177 1235 5239 ianuarii
1251 5176 1481 5250 Sancrtsrtme,
1497 5188 1531 5240 at
1547 5177 1582 5240 irs
1597 5195 1742 5258 supremo
1757 5177 1821 5238 cal·

1041 5281 1134 5355 mine,
1145 5296 1220 5344 aero
1234 5278 1391 5360 possimus
1406 5280 1524 5343 lamiae
1538 5291 1680 5345 nostram
1689 5297 1820 5361 passas
