3758 6030
55 236 177 321 (aran

63 374 173 445 divina,
189 373 408 447 circumspecte,
426 367 582 447 prudenter
601 364 764 428 etfideliter
779 384 849 427 exe-

60 474 170 553 queris,
185 471 283 531 hahita
296 487 382 549 super
395 467 450 528 hoc
468 487 536 529 eum
554 468 766 544 venerabilibus
786 467 849 527 lra-

60 574 155 634 tribns
181 571 286 633 nostris
313 569 344 629 S.
364 567 401 628 R.
421 568 456 628 E.
484 568 684 629 Cardinalihns
702 567 848 627 delibera·

61 676 138 735 tione
166 680 281 731 matura
296 679 347 742 ,te
372 678 471 729 nostro
486 679 524 751 et
543 666 672 746 ejusdem
702 668 849 729 Ecclesiae

61 772 178 834 nomine
208 772 243 830 ad
273 788 394 849 regnum
421 782 449 831 et
467 769 577 846 Regem
608 768 770 849 praelatum
793 787 847 846 pro

60 873 226 954 praemissis
251 880 279 931 et
309 871 453 931 nonnullis
482 859 544 942 aliis
570 865 699 943 ejusdem
719 869 843 929 Sanctae

61 974 209 1034 Romanae
235 970 499 1043 Ecclesiaeardnis
527 968 652 1048 negociis
676 968 847 1048 peragendis

62 1076 157 1136 dictae
176 1072 258 1133 Sedis
274 1071 417 1151 Legatum
446 1071 480 1132 de
500 1071 589 1131 latera
607 1080 722 1142 nostro,
737 1069 772 1130 ue
788 1071 851 1128 lra-

66 1189 147 1236 trum
174 1159 344 1236 eorumdem
360 1173 499 1246 consilio,
518 1172 669 1233 eomitante
689 1172 767 1251 pacis
787 1171 850 1229 Aa·

64 1279 144 1356 gelo,
159 1275 343 1345 destinamus,
360 1273 613 1351 circumspectioni
628 1282 711 1345 tuae,
734 1273 851 1351 prasina

65 1390 129 1438 tum
141 1376 321 1456 Alphansnm
334 1373 454 1453 Regem,
467 1375 603 1453 praestito
615 1373 651 1432 ab
663 1392 708 1448 eo,
722 1384 749 1432 et
762 1390 812 1450 per
824 1380 852 1430 te

67 1487 197 1567 recepto,
217 1486 328 1549 nostro,
346 1487 374 1535 et
396 1472 522 1551 ejusdem
541 1475 689 1536 Romanae
708 1473 853 1534 Ecclesiae

65 1573 279 1652 nominc‚juxta
291 1576 414 1636 turmam
432 1576 460 1633 in
476 1575 579 1635 litteris
594 1575 751 1655 innocentii
766 1592 853 1652 prae-

66 1679 224 1739 decessoris
244 1673 410 1752 hnjnsmodi
431 1672 552 1754 desuper
572 1675 725 1757 conlectis,
754 1684 783 1734 et
804 1674 851 1732 in-

67 1779 158 1839 ferius
177 1787 366 1850 annotatam,
385 1778 529 1857 corporali
543 1773 713 1853 juramento
729 1794 780 1853 per
797 1775 854 1832 im·
893 1796 897 1802 ¹

69 1879 240 1960 positionem
259 1878 355 1967 resilii
383 1875 513 1954 ejusdem
539 1878 686 1938 Romanae
710 1876 854 1936 Ecclesiae

66 1982 95 2040 in
122 1981 182 2039 suis
205 1980 348 2051 manibus,
372 1979 406 2039 de
422 1999 513 2059 regno
533 1991 562 2041 et
577 1992 657 2040 terra
685 1977 854 2058 praedictis,

67 2099 103 2142 ac
130 2079 264 2140 omnihus
290 2078 406 2163 juribus
426 2091 454 2149 et
472 2080 653 2159 pertinentiis
673 2077 828 2138 eorundem
848 2123 855 2150 ‚

66 2181 239 2242 arrctoritate
261 2180 424 2259 apostolica
442 2180 628 2253 investiendi,
648 2183 798 2260 ipsumque
826 2180 854 2238 in

67 2282 187 2342 illorum
210 2283 340 2351 realem,
359 2283 544 2360 corporalem
566 2294 594 2343 et
616 2285 759 2343 actualem
781 2301 853 2360 pos-

67 2383 220 2444 sessionem
255 2382 425 2453 indncendi,
454 2400 489 2442 ac
527 2385 691 2464 praelatum
722 2382 857 2462 Alphon-

68 2502 134 2545 snm
162 2483 288 2562 Regem,
310 2493 463 2563 postquam
483 2485 566 2545 illum
588 2483 762 2557 investieris,
782 2485 857 2544 etin

70 2588 277 2667 possessionem
300 2581 466 2661 hujusmodi
487 2588 649 2659 induxeris,
673 2599 706 2646 ut
727 2578 858 2667 pinales·-

71 2700 135 2761 tur,
154 2688 318 2748 solemniter
334 2687 506 2768 inungendi„
522 2690 671 2768 ipsumque
695 2689 722 2747 in
744 2689 857 2768 signum

72 2788 149 2870 pleni
164 2785 268 2865 jnris,
297 2799 384 2866 atque
406 2789 525 2848 dominii
555 2801 584 2851 et
615 2800 711 2852 terrae
744 2789 859 2868 praedi·

72 2902 190 2951 ctarum
208 2889 354 2950 salubrem
381 2900 410 2949 et
436 2890 558 2963 felicem,
574 2893 601 2950 in
629 2909 727 2969 regem
744 2889 858 2950 Catho-

72 2992 164 3053 licum
192 2990 269 3050 dicta
306 2993 479 3052 anctoritate
509 2991 665 3053 coronandi
689 2992 859 3050 laenitatem

74 3080 105 3154 et
125 3093 339 3165 alletoritatem,
357 3094 455 3153 eadem
482 3094 656 3159 auctoritate
675 3094 755 3154 etde
775 3093 861 3153 simili

74 3192 408 3263 consilio,concedentes.
421 3193 453 3253 ld
468 3194 684 3265 tamen,dilecte
699 3191 862 3267 fili,munns

76 3289 243 3369 hujusmodi
264 3283 368 3375 derata
390 3304 484 3355 menta
504 3295 675 3374 suscipiens,
695 3306 722 3354 te
735 3294 764 3353 in
785 3295 862 3354 illins

15 3433 19 3441 -
75 3397 287 3473 exequutione,
319 3408 419 3455 nostro
451 3408 479 3456 et
515 3396 608 3456 dictae
641 3397 723 3459 Sedis
749 3406 862 3456 nostrae

76 3495 186 3557 honore
200 3497 242 3556 sic
261 3497 435 3570 sollicitum,
463 3496 626 3575 diligentem
656 3510 685 3558 et
702 3497 862 3558 studiosum

76 3597 234 3671 exhibens,
254 3597 332 3676 qnod
354 3600 382 3657 in
401 3609 500 3659 nostro
526 3611 555 3662 et
582 3598 664 3658 Sedis
681 3597 864 3677 Apostolicae

78 3711 249 3778 conspectu,
268 3717 335 3759 cum
365 3700 401 3758 ah
423 3699 522 3760 eodem
540 3699 685 3779 Alphonso
713 3698 791 3778 Rege
811 3717 863 3761 re-

78 3799 180 3872 dieris,
199 3819 255 3860 nan
273 3801 425 3862 immerito
440 3803 529 3881 possis
544 3801 738 3862 commendari
762 3815 815 3862 etc.
835 3823 863 3861 ι.

122 3901 218 3962 Tenar
236 3921 306 3962 raro
320 3902 431 3963 iotanae
451 3903 613 3983 praedictae
630 3905 764 3981 sequitur
779 3914 808 3962 et
823 3912 866 3964 est

79 4005 155 4076 talis,
169 4004 311 4065 videlicet.
328 4028 344 4061 a
357 4005 422 4084 Ego
437 4004 600 4083 atpbonsns
609 4005 791 4066 ResSiciliae
802 4008 867 4084 ple·

80 4124 150 4165 nnm
166 4104 346 4184 homagium,
361 4106 478 4184 ligium,
495 4118 524 4166 et
541 4107 744 4185 vassallagium
761 4108 867 4166 iaciens

80 4207 204 4282 Domino
226 4225 291 4267 meo
304 4207 339 4266 l).
354 4206 519 4278 Alexandro
541 4207 635 4287 Papae
657 4207 745 4266 Sexto
763 4220 791 4268 et
806 4206 866 4267 Ec·

81 4310 183 4369 clasiae
204 4308 351 4370 Romanae
380 4327 433 4388 pro
454 4308 557 4387 Regno
583 4308 720 4380 Siciliae,
750 4318 779 4369 et
808 4318 867 4368 tota

81 4419 181 4481 terra,
199 4419 331 4489 quaeest
347 4409 419 4469 citra
438 4409 585 4482 Pharum,
598 4421 625 4469 et
643 4420 783 4487 qnantum
802 4429 868 4489 spe·

82 4522 142 4572 ctat
153 4510 190 4569 ad
205 4521 318 4571 terram
334 4512 410 4570 citra
421 4511 562 4582 Pharum,
572 4508 656 4588 juxta
667 4523 695 4571 et
711 4511 869 4572 secundum

82 4614 166 4673 illum
182 4624 289 4673 statum
305 4631 391 4692 quem
413 4612 527 4674 tenebat
545 4625 573 4674 et
595 4614 757 4693 possidebat
778 4614 871 4675 dictus

85 4714 147 4777 Rex
168 4714 367 4776 Fertlinandus
386 4719 414 4774 in
436 4716 511 4776 dicta
534 4727 613 4777 terra
635 4718 708 4777 citra
730 4707 871 4791 Pharnn's,

84 4836 177 4896 usque
211 4817 249 4877 ad
279 4814 403 4876 confinia
423 4828 573 4877 terrarum
595 4818 683 4895 ipsius
705 4817 871 4890 Ecclesiae,

85 4929 201 4997 excepta
221 4918 333 4979 civitate
345 4917 545 4977 Beneventana
557 4936 625 4979 cum
638 4929 698 4978 tota
711 4918 872 4990 territorio,

86 5038 121 5080 ac
135 5020 267 5080 omnibus
283 5017 461 5078 districtibus
482 5031 510 5080 et
532 5020 709 5103 pertinentiis
728 5020 805 5091 suis,
826 5038 873 5079 se-

90 5118 219 5180 cundnm
248 5120 382 5197 antiquos
415 5116 485 5180 lines
509 5121 652 5180 territorii
686 5119 875 5197 pertinentia·

90 5239 184 5293 rum,
205 5229 236 5280 et
257 5219 403 5282 districtus
431 5221 556 5282 ciuitatis
581 5219 711 5298 ejusdem
739 5240 789 5299 per
812 5220 875 5281 Ro·

89 5341 188 5384 manos
210 5320 363 5386 Pontifices
384 5324 533 5388 distinctos
553 5335 581 5386 et
605 5325 634 5386 in
657 5333 806 5403 posterum
828 5322 876 5382 di·

547 229 829 294 PONTlFlCllTUS
851 228 1076 294 maxiltam
1097 226 1222 290 snxrt.
1640 228 1702 291 295

923 366 1130 446 stingnendos,
1162 364 1199 423 ab
1231 363 1285 422 hac
1313 363 1384 424 hora
1406 363 1435 423 in
1457 376 1538 425 antea
1560 362 1651 427 fidelis
1675 377 1704 428 et

923 468 1054 528 obediens
1068 486 1119 528 ero
1134 465 1167 526 B.
1187 463 1275 524 Petro
1288 475 1318 525 et
1333 464 1440 539 Paulo,
1451 477 1478 527 et
1493 466 1528 526 Ι).
1543 465 1707 528 Alexandro

924 568 1019 647 Papae
1033 568 1081 627 vt.
1094 564 1224 644 ejusque
1245 568 1460 627 successorihus
1479 567 1614 628 Romanis
1629 568 1708 628 Pon·

925 666 1051 728 tificihus
1078 669 1214 727 canonice
1247 664 1442 738 intrantibus,
1472 667 1596 747 Sedique
1627 668 1708 747 Apa·

925 768 1041 830 stalicae
1069 769 1215 831 Romanae
1244 766 1402 854 Ecclesiae.
1424 767 1487 828 Non
1508 786 1560 828 era
1581 768 1610 832 in
1631 785 1707 829 con·

925 871 990 931 silio
1009 874 1052 931 sel
1085 888 1245 941 corasensn,
1279 888 1328 928 seu
1351 869 1441 941 lacto,
1467 881 1500 931 ut
1526 870 1611 928 sitam
1640 888 1709 948 per-

926 972 998 1044 dat,
1018 989 1069 1031 seu
1092 971 1235 1050 perdant,
1255 981 1306 1029 aut
1334 970 1519 1042 membrum,
1539 980 1590 1029 aut
1611 972 1708 1049 capia·

926 1083 975 1132 tnr
1003 1091 1053 1134 seu
1083 1072 1233 1151 capiantur
1267 1073 1341 1130 mala
1373 1072 1524 1150 captione3
1556 1067 1708 1131 consilium

927 1193 997 1242 rero
1030 1172 1108 1249 quod
1139 1172 1210 1231 mihi
1244 1172 1383 1245 credituri
1415 1184 1502 1232 erant
1535 1192 1585 1251 per
1607 1193 1636 1234 se
1657 1184 1708 1234 arrt

927 1294 977 1353 per
999 1278 1119 1334 nuncios
1139 1292 1206 1332 suos
1239 1273 1285 1332 vel
1313 1273 1504 1351 pestilerae,
1537 1272 1572 1331 ad
1605 1290 1709 1332 eornm

927 1356 1073 1435 damnum
1086 1375 1207 1435 scienter
1230 1373 1334 1434 nemini
1355 1371 1499 1453 pandam,
1520 1383 1549 1434 et
1570 1373 1593 1433 si
1614 1373 1709 1436 sciero

928 1474 990 1535 lieri
1011 1474 1055 1535 rel
1076 1476 1229 1554 procurari
1242 1492 1321 1548 ,seu
1343 1474 1466 1534 tractari
1481 1471 1610 1551 aliquid,
1633 1471 1711 1550 quod

928 1577 957 1637 in
979 1577 1086 1649 nnius,
1121 1577 1166 1637 vel
1192 1574 1322 1656 plurium
1344 1575 1480 1634 damnum
1503 1574 1607 1647 cedat,
1639 1573 1712 1634 illud

929 1696 1085 1757 proposse
1113 1676 1287 1755 impediam,
1311 1685 1340 1737 et
1360 1676 1385 1735 si
1413 1676 1468 1735 hac
1490 1675 1628 1755 impedire
1656 1693 1711 1734 non

929 1797 1061 1859 possem,
1083 1776 1154 1838 illud
1184 1777 1226 1837 illi
1252 1778 1297 1837 rel
1324 1778 1366 1836 eis
1391 1776 1556 1856 significare
1591 1776 1711 1836 curabo.

930 1878 1070 1957 Papatnm
1090 1878 1267 1949 Romanum,
1280 1886 1308 1937 et
1325 1877 1436 1955 regalia
1452 1875 1483 1935 S.
1502 1874 1596 1947 Petri,
1611 1876 1712 1934 tamin

930 2001 1021 2062 regno
1043 1981 1157 2041 Siciliae
1175 1992 1204 2040 et
1224 1991 1304 2041 terra
1326 1979 1496 2059 praedicta,
1526 1996 1614 2057 qnam
1645 1977 1713 2042 alibi

932 2083 1133 2157 consistentia,
1154 2080 1272 2160 adjutor
1295 2084 1352 2143 iltis
1378 2103 1431 2145 era
1453 2084 1489 2143 ad
1512 2082 1712 2152 retinendam,

931 2184 1136 2254 defendendum
1158 2196 1187 2245 et
1208 2184 1462 2263 recuperandum,
1482 2203 1516 2244 ac
1544 2194 1715 2262 recuperata

932 2262 1173 2362 manutenendirm
1187 2296 1287 2347 contra
1297 2305 1409 2348 omnem
1422 2286 1576 2348 hominem.
1590 2285 1718 2347 Univer·
1742 2349 1766 2367 ·..

933 2407 978 2448 sas
998 2398 1027 2449 et
1042 2388 1170 2464 singulas
1192 2386 1368 2447 conditiones
1396 2395 1545 2448 contentas
1565 2384 1600 2464 in
1616 2386 1718 2445 litteris

933 2489 1089 2549 iunocentii
1105 2488 1332 2568 praedecessoris
1348 2485 1527 2565 hujusmodi,
1537 2505 1625 2566 snper
1641 2484 1719 2565 ipso·

935 2610 1003 2651 rtrm
1025 2591 1107 2668 regni
1129 2599 1158 2650 et
1179 2599 1275 2651 terrae
1294 2590 1473 2650 concessione
1495 2588 1657 2659 conlectis,
1683 2606 1718 2646 ae

934 2692 1030 2752 amnia
1051 2702 1079 2753 et
1100 2691 1215 2768 singula
1237 2708 1311 2767 qnae
1338 2691 1366 2750 in
1388 2689 1488 2750 iisdem
1519 2688 1621 2749 litteris
1648 2705 1721 2749 con·

937 2794 1086 2864 tinentur,
1109 2793 1236 2871 plenarie
1256 2791 1444 2870 adimplebo,
1465 2801 1495 2852 et
1517 2789 1722 2850 inviolabiliter

936 2892 1120 2965 observabo,
1141 2904 1170 2953 et
1198 2893 1278 2953 nulla
1307 2910 1436 2969 nrrqnam
1459 2904 1587 2971 tempore
1610 2892 1722 2952 reniam

938 3004 1039 3055 contra
1060 3012 1111 3066 ea3
1131 3012 1187 3053 non
1207 2993 1375 3072 procurabo
1390 3011 1450 3076 pec
1470 3011 1534 3063 me,
1556 2992 1601 3052 rel
1622 2991 1723 3062 alium,

937 3115 988 3156 seu
1002 3096 1084 3163 alios,
1100 3095 1202 3171 qrroris
1218 3094 1303 3153 modo
1320 3103 1353 3151 nt
1370 3094 1474 3172 eliger,
1489 3093 1534 3153 rel
1550 3093 1679 3152 nominer
1695 3093 1725 3152 in

937 3198 1064 3276 Regem,
1088 3198 1132 3256 rel
1144 3197 1353 3273 Imperatorem
1366 3193 1540 3265 Romanum,
1552 3212 1601 3252 sen
1616 3192 1723 3270 Regem

938 3296 1350 3365 Thentonine,autdominnm
1371 3292 1574 3362 bombardiae,
1596 3292 1641 3352 rel
1661 3291 1726 3352 Tu·

938 3400 1014 3459 aciae
1036 3418 1085 3458 sen
1101 3395 1222 3473 majoris
1238 3397 1328 3475 partis
1344 3396 1501 3457 eorundem
1514 3415 1522 3454 ι
1535 3404 1564 3455 et
1575 3395 1598 3453 si
1613 3395 1727 3467 electio,

942 3502 985 3560 rel
1008 3500 1163 3559 nominatio
1182 3498 1217 3556 ad
1233 3499 1456 3576 imperinm,rel
1470 3497 1604 3576 Regnum
1617 3495 1730 3555 Roma·
1821 3485 1828 3498 ’

940 3595 1730 3679 num‚seuRegnamThentoniaeant-dominiumbom-

940 3703 1069 3773 bardiae,
1078 3704 1119 3763 rel
1128 3700 1248 3762 Tusciae
1256 3720 1304 3760 sen
1314 3697 1458 3777 majorum
1470 3700 1597 3778 partiam
1609 3717 1730 3759 eorum·

942 3804 1046 3865 demde
1058 3823 1102 3862 me
1116 3803 1257 3864 celebrari
1268 3801 1551 3880 contigerit‚nullnm
1563 3796 1731 3875 hujusmodi

942 3906 1072 3966 electioni
1083 3922 1134 3964 seu
1146 3903 1328 3982 postulationi
1344 3918 1491 3961 assensum
1504 3899 1667 3979 praestabo,
1678 3917 1731 3958 nec

943 4007 1131 4067 intromittam
1144 4024 1188 4064 me
1199 4003 1286 4064 moda
1299 4003 1399 4080 aliquo
1411 4002 1445 4063 de
1458 4020 1560 4063 eorum
1578 4001 1622 4061 rel
1635 4000 1732 4060 alicu-

941 4103 991 4182 jus
1011 4108 1141 4185 ipsorum
1160 4105 1316 4183 regimine,
1339 4122 1432 4181 neque
1452 4103 1539 4169 etiam
1560 4102 1595 4164 de
1616 4102 1733 4161 civitate

943 4209 1145 4268 Beneventano
1166 4216 1195 4264 et
1215 4205 1273 4263 suis
1296 4205 1473 4276 territoriis,
1489 4214 1519 4263 et
1540 4200 1733 4281 pertinentiis,

945 4327 995 4368 seu
1018 4306 1185 4385 Campania,
1203 4310 1294 4383 neqrte
1307 4303 1504 4376 deblaritima,
1520 4304 1635 4364 Ducatu
1654 4301 1732 4382 Spo-

946 4412 1050 4479 letano,
1062 4406 1388 4479 biarchiahncanitana,
1399 4404 1664 4465 Patrimoniolleati
1676 4403 1734 4462 Pe·

948 4511 987 4571 tri
1003 4511 1032 4568 in
1043 4508 1160 4579 Tuscia,
1174 4506 1265 4565 blaesa
1278 4505 1430 4578 Traharia,
1442 4504 1643 4575 Romandiala,
1657 4502 1734 4562 alma

909 4606 913 4612 ’
948 4611 1043 4672 Urbe:
1059 4610 1088 4667 in
1105 4607 1269 4667 civitatibus
1289 4607 1444 4679 Perusina,
1465 4606 1589 4667 Ciritate
1610 4604 1738 4675 Castelli,

949 4709 1137 4780 Rononiensi,
1158 4709 1363 4778 Ferrariensi,
1389 4705 1602 4777 Areuionensi,
1628 4712 1656 4763 et
1678 4703 1738 4763 Co·

951 4813 1056 4873 mitatu
1071 4811 1231 4883 Venusino,
1252 4830 1301 4870 seu
1321 4810 1385 4870 aliis
1404 4812 1490 4868 terris
1509 4805 1738 4884 quibuscumque

950 4915 1072 4995 praelati
1095 4912 1150 4972 SS.
1165 4913 1228 4972 DD.
1244 4911 1279 4972 li.
1295 4911 1390 4988 Papae
1408 4907 1556 4979 dominiis,
1576 4923 1627 4966 sen
1647 4903 1738 4964 leudis

951 5017 1039 5096 ipsius
1061 5015 1207 5077 Ecclesiae
1229 5010 1348 5073 ubilibet
1370 5009 1540 5081 constituis,
1561 5024 1601 5069 ex
1620 5022 1738 5065 sncces-

950 5120 1038 5191 sione,
1057 5119 1101 5179 rel
1124 5115 1301 5195 alloquaris
1323 5112 1420 5184 titulo,
1441 5110 1485 5170 rel
1506 5117 1671 5180 contractu,
1691 5107 1737 5167 rel

951 5219 1134 5279 matrimonio
1156 5232 1302 5293 nunquam
1331 5212 1400 5272 mihi
1422 5210 1572 5288 acquiram
1601 5207 1649 5267 rel
1671 5207 1740 5266 rin·

952 5319 1081 5394 dicabo,
1102 5338 1151 5382 seu
1174 5327 1267 5398 petam
1289 5314 1464 5393 acquirere,
1487 5312 1531 5374 rel
1554 5306 1737 5388 quomodoli-
