3764 6036
416 304 696 372 ronrmctrtts
716 304 939 371 tuuucutttu
959 301 1110 368 OCTth.
1530 299 1591 361 tlt

84 452 197 503 suerunt
215 439 339 502 familiae
360 440 554 504 cardinalium
579 444 637 505 sine
657 434 744 525 prae·

84 554 100 612 t,
114 542 246 602 videlicet
260 541 436 622 Cappellani,
451 554 480 605 et
492 544 621 606 scutiferi
632 553 743 605 tantum

84 640 275 701 idissimorum
311 640 505 705 Dominarum
535 643 743 705 Cardinalium.

84 757 182 815 nnus,
204 740 235 802 S.
260 742 353 802 Marci
364 787 374 816 ,
401 743 436 805 de
464 743 648 818 Comitibus,
668 743 744 804 Par·

101 842 136 902 de
153 842 258 915 Fuxo,
279 841 379 903 Sancti
403 842 545 923 Georgii,
576 844 610 904 de
639 842 743 904 Sabel-

84 959 177 1016 urana,
195 951 224 1003 et
244 938 368 1004 Ursinus
389 944 414 1003 si
436 944 505 1005 bene
517 943 646 1016 utemini,
664 953 694 1004 et
711 941 742 1002 S.

84 1045 113 1102 :is
134 1030 387 1121 utique3aliorum
410 1043 616 1118 cardinalium,
632 1044 745 1105 sirecte

84 1187 89 1213 ‚
108 1145 208 1204 nullus
230 1143 323 1219 misit,
340 1145 404 1206 licet
417 1145 495 1224 Papa
516 1144 645 1206 mandari
656 1145 744 1206 secis-

84 1242 155 1303 tibus
174 1261 243 1302 suas
261 1243 383 1303 familias
404 1245 534 1318 mittere,
553 1261 611 1306 non
628 1245 745 1324 praela·

84 1343 169 1403 stttter
183 1362 249 1404 cum
260 1342 368 1403 familia
381 1343 475 1424 Papae
497 1353 638 1407 venerunt
658 1343 745 1404 cubi·

87 1453 116 1503 et
134 1443 265 1505 scutiferi
284 1445 495 1506 tantumlntra
515 1454 629 1526 portam
648 1462 744 1506 omnes

84 1552 133 1601 unt
145 1561 212 1604 eum
225 1541 254 1602 in
266 1542 359 1605 aredio
369 1544 648 1624 spacio,birretasua
656 1545 745 1624 depo·

84 1651 104 1701 st
117 1641 251 1701 adstatim
262 1654 438 1723 reponentes.
456 1643 572 1705 Turcns
582 1656 678 1705 autem
690 1661 745 1704 ca·

84 1761 127 1802 sre
145 1761 208 1816 suo,
229 1761 333 1822 magno
351 1743 415 1803 velo
429 1743 494 1804 albo
510 1754 617 1805 tectum
629 1745 744 1820 habeus,

84 1842 313 1924 discooperiebet,
325 1843 374 1904 sed
385 1853 607 1930 tautumparum
622 1845 745 1906 inclina·

84 1963 147 2004 mus
157 1964 192 2006 ex
201 1944 312 2005 familia
323 1943 465 2024 cujusque
479 1945 638 2007 Cardinalis
650 1947 744 2026 ipsum
772 1960 775 1963 ·

84 2054 112 2104 st
122 2044 178 2103 sub
190 2041 357 2120 hujusmodi
378 2045 468 2106 ferme
483 2044 589 2106 verbim
601 2080 643 2090 —
658 2046 693 2105 li.
707 2045 743 2104 D.

84 2143 225 2204 'ardinalis
246 2143 280 2203 tt.
302 2143 337 2204 de
358 2145 491 2205 mandato
510 2143 565 2204 SS.
585 2143 619 2205 D.
634 2144 668 2205 Ν.
685 2144 746 2205 Pn-

84 2244 133 2305 ttit
164 2243 279 2305 obviam
306 2244 497 2326 Magnitudiui
521 2246 639 2310 Vestrae
667 2245 743 2308 hanc

84 2346 203 2406 imiliam
223 2344 258 2406 dc
274 2344 400 2406 adventu
415 2346 492 2406 illius
507 2346 661 2424 gaudens·
672 2367 681 2407 ε
694 2366 745 2408 es·

87 2448 198 2510 .Petro
219 2445 388 2507 candelaria
408 2446 535 2527 Hispano
554 2445 590 2506 tt.
611 2446 646 2506 O.
668 2448 743 2510 Car·

87 2548 188 2610 Sancti
213 2548 320 2620 Marci,
338 2547 432 2628 primo
453 2547 577 2609 familiae
601 2545 745 2624 ejusdem,

83 2670 125 2711 rac
146 2661 198 2710 aut
218 2644 312 2710 simile
334 2649 490 2712 verborum
509 2651 644 2711 sententis
661 2669 746 2710 eum·

84 2751 151 2830 epit
165 2749 276 2810 dicens:
290 2781 328 2793 --
338 2747 402 2809 Ser.
419 2747 567 2828 Princeps.
575 2747 653 2809 ihi).
666 2767 746 2810 meus

84 2852 124 2910 ilis
146 2849 245 2910 Sancti
267 2848 369 2922 hlarci,
389 2867 492 2928 magno
504 2849 609 2929 gaudio
630 2849 745 2910 affectus

87 2951 215 3012 ntellesit
229 2949 430 3012 Celsitudinem
444 2951 573 3013 Vestram
586 2951 621 3010 ad
636 2950 745 3013 Urbem

83 3070 182 3127 tram,
201 3052 405 3130 quamobrem,
428 3061 460 3112 ut
486 3051 560 3113 hanc
586 3053 671 3112 animi
701 3053 747 3111 sui

88 3163 175 3213 tatem
206 3151 389 3224 ostenderet,
431 3151 567 3212 familiam
597 3170 679 3212 suam
709 3153 746 3212 ad

84 3271 225 3334 agressum
246 3252 446 3313 honorandum
466 3255 550 3313 misit.
567 3253 662 3334 Rogat
685 3253 747 3313 Sua

84 3355 167 3416 )eutn
186 3348 327 3436 optimum
348 3356 504 3416 marimum
525 3356 746 3435 omnipotentem

85 3453 240 3533 Maiestatis
260 3457 376 3518 Vestrae
397 3457 537 3517 adventus
556 3456 624 3518 felix
640 3457 747 3518 etiau-

86 3577 150 3632 ,cs
170 3574 262 3635 eoque
290 3557 355 3616 talis
383 3557 522 3631 fructus,
543 3556 657 3634 qualem
678 3554 748 3616 boni

86 3667 231 3736 exoptant,
249 3667 278 3717 et
298 3656 334 3715 ad
353 3657 430 3716 hunc
445 3655 529 3718 finem
545 3668 574 3719 et
595 3656 748 3717 Serenitati

84 3790 85 3814 2
108 3758 142 3820 de
163 3775 301 3838 prospero
318 3757 444 3818 adventu
465 3759 643 3837 gratulatur,
653 3767 684 3818 et
702 3757 749 3817 ei·

85 3869 115 3920 et
129 3876 183 3918 sua
196 3859 292 3918 omnia
307 3857 462 3918 liberaliter
480 3858 572 3919 offert.
586 3856 749 3917 -Turcus

84 3969 128 4018 tus
147 3968 213 4018 ante
233 3966 261 4019 et
282 3966 345 4037 post
365 3956 555 4037 receptionem
574 3957 748 4037 praedictam
779 3948 784 4044 j

84 4060 105 4118 it
127 4058 203 4119 inter
222 4058 408 4120 Franciscum
421 4056 492 4118 Cibo
512 4056 691 4119 Sanctissimi
712 4054 747 4116 D.

84 4172 145 4222 tem
164 4158 242 4244 (ῆι
262 4159 381 4232 dextris,
401 4170 430 4219 et
450 4157 584 4219 Priorem
597 4155 748 4218 hiserniae

84 4281 97 4321 n
116 4260 249 4339 Magistri
269 4260 337 4320 nori
355 4257 516 4320 cardinalis
537 4276 553 4316 a
575 4257 749 4317 sinistristet

84 4372 188 4423 senator
210 4359 298 4423 Urbis
330 4368 359 4419 et
388 4359 487 4438 plures
509 4355 649 4418 Oratores
673 4356 749 4429 laici,

84 4473 99 4522 :t
114 4461 204 4541 Regis
221 4458 406 4541 Fertlinandi,
423 4457 550 4519 Dominii
574 4458 749 4518 Venetorum

84 4556 749 4639 tiamPoutilicisaillnes‚prnedictum1¹urcum

84 4662 141 4734 int,
162 4671 268 4734 tamen,
281 4661 347 4737 quia
369 4659 531 4740 praedictus
543 4659 629 4719 Prior
643 4658 750 4719 Alver-

84 4781 190 4823 sserans
214 4781 243 4822 se
276 4758 430 4822 Oratorem
452 4759 539 4840 Regis
567 4761 749 4822 Francorum

84 4964 236 5028 arrigendus
253 4977 315 5027 ergo
331 4965 423 5014 bosius
440 4967 485 5026 qui
502 4965 546 5013 aits
559 4984 569 5005 ι
582 4963 609 5011 V’
619 4965 750 5014 sudarono

84 5045 231 5103 etrescovi,
247 5044 364 5102 vescovi,
380 5043 468 5093 abbati
486 5055 501 5092 a
517 5042 611 5105 prelati
626 5054 686 5091 ac..

84 5124 191 5185 tapsum
217 5135 269 5172 non
285 5122 380 5184 legitur
404 5120 431 5170 iu
447 5120 542 5171 Codice
561 5120 701 5179 vaticano,
717 5132 750 5169 ax

84 5206 120 5254 sio
136 5203 241 5253 Oderici
257 5201 382 5265 baynaldi
397 5201 407 5263 (
423 5201 462 5250 dd
477 5211 535 5251 onis
557 5199 628 5249 libb.
647 5197 669 5264 ᾖ.
690 5199 751 5259 ill.)

84 5308 85 5312 =
101 5283 218 5334 seribere
234 5282 352 5343 nequivit
363 5279 528 5332 burchardus
539 5278 601 5340 quin
617 5277 667 5330 sibi
688 5290 752 5329 con·

84 5366 121 5413 ei.

811 462 873 505 esse
892 455 921 504 et
942 459 1044 503 euram
1063 437 1131 501 dieti
1152 437 1244 499 Turni
1259 437 1312 498 sibi
1325 436 1503 498 commissam
1521 455 1593 510 asse,

811 541 957 616 Senatmi,
969 551 1000 603 et
1014 539 1077 600 aliis
1099 535 1271 600 Oratoribus
1284 538 1381 599 locum
1402 536 1477 598 dare
1489 537 1593 609 noluit,

811 652 929 723 excepto
942 640 1092 714 senatore,
1111 639 1163 717 qui
1183 647 1316 699 antenus
1333 637 1486 716 equitavit,
1496 654 1593 698 omnes

811 752 1001 803 recesserunt.
1035 740 1171 801 Venimus
1191 738 1248 799 huc
1268 737 1368 799 ordine
1395 738 1431 797 ad
1456 737 1593 817 palatium

811 840 1009 921 Apostolicum
1034 839 1112 919 apud
1131 839 1270 900 Sanctum
1283 837 1415 910 Petrum,
1433 839 1462 897 in
1478 855 1547 916 quo,
1564 838 1594 896 in

811 941 932 1002 cameris
951 938 1135 1020 apostolicis,
1153 939 1258 1017 quibus
1279 940 1452 1019 imperator,
1475 955 1511 996 ac
1533 936 1595 998 tte-

811 1058 861 1119 ges
881 1051 909 1101 et
927 1039 976 1100 alii
997 1039 1093 1119 magni
1113 1039 1261 1118 Principes
1274 1039 1363 1118 recipi
1381 1039 1482 1111 solem,
1494 1037 1594 1117 hospi·

812 1152 889 1202 tatus
910 1151 973 1210 est.
995 1159 1045 1220 per
1067 1149 1179 1219 partem
1199 1138 1299 1200 Sancti
1316 1138 1525 1208 bartholomei,
1535 1139 1595 1199 sive

811 1243 938 1316 Insulae,
967 1242 1090 1321 plateam
1115 1241 1303 1314 ludaeorum,
1324 1240 1465 1319 Campum
1490 1240 1595 1301 Florae

812 1354 892 1404 recta
912 1342 957 1402 via
975 1341 1011 1401 ad
1029 1340 1173 1400 Palatium
1192 1340 1379 1421 praedictum,
1398 1357 1503 1419 magna
1514 1339 1595 1398 mul-

812 1443 932 1504 titudine
952 1441 1127 1523 populorum
1147 1441 1271 1520 undique
1291 1441 1427 1501 stantium
1442 1451 1470 1500 et
1491 1439 1595 1498 introi·

812 1553 875 1603 tum
900 1539 1068 1618 hujusmodi
1088 1541 1331 1620 conspicientium.
1353 1540 1488 1619 lnprimis
1510 1540 1597 1616 equi-

812 1645 918 1703 tabant.
941 1642 1066 1704 familiae
1093 1641 1312 1716 cardinalium,
1341 1641 1441 1704 deiude
1474 1641 1596 1701 familiae

812 1744 936 1804 militum
966 1752 996 1804 et
1027 1742 1154 1816 milites,
1176 1742 1225 1820 qui
1255 1741 1387 1803 Turcum
1412 1762 1447 1804 ex
1471 1742 1595 1802 Francia

812 1844 1016 1906 conduxerant.
1050 1842 1170 1904 Familia
1196 1843 1300 1917 Tusci,
1334 1861 1461 1922 quorum
1498 1843 1596 1903 decem

811 1952 905 2017 erant,
927 1945 971 2005 tel
990 1944 1080 2016 circa,
1103 1942 1225 2024 demptis
1247 1944 1373 2022 illisqui
1394 1943 1527 2004 Furcum
1548 1961 1596 2003 se·

812 2044 988 2122 quebantur,
1016 2061 1143 2122 quorum
1174 2043 1323 2123 digniora
1347 2042 1454 2105 dextris
1475 2042 1597 2104 habebat

813 2142 968 2207 Oratorem
986 2143 1104 2206 Soldani
1125 2142 1160 2205 de
1181 2164 1240 2222 quo
1261 2144 1336 2205 inira
1355 2144 1505 2217 dicemus3
1526 2162 1597 2204 seu·

813 2246 887 2311 tiiert
915 2245 1031 2325 Papae,
1060 2244 1183 2307 Senator
1211 2263 1279 2307 cum
1312 2234 1399 2307 certis
1425 2242 1597 2316 Nobilibus,

812 2348 969 2410 servientes
978 2365 1140 2422 armorum,
1151 2347 1286 2408 Peisldus
1294 2347 1381 2425 Regis
1390 2342 1597 2427 remorata),

813 2449 911 2509 clerici
924 2447 1178 2510 caerimoniarum.
1193 2451 1217 2509 h
1233 2447 1359 2509 sinistris
1385 2447 1456 2509 meis
1471 2457 1535 2508 erat
1553 2449 1600 2506 in·

813 2559 924 2629 terpres
957 2549 1072 2623 Turci,
1092 2560 1121 2610 et
1151 2548 1269 2610 Turcus
1298 2550 1374 2611 inter
1406 2548 1596 2609 Franciscum

813 2650 906 2724 Cibo,
926 2663 954 2712 et
980 2650 1113 2712 Priorem
1140 2651 1317 2730 praedictos,
1337 2650 1597 2732 Turchopellerius

814 2750 997 2826 Rhodianus,
1010 2763 1137 2830 quatuor
1151 2771 1187 2813 ex
1207 2752 1349 2813 nobilibus
1359 2752 1495 2813 familiae
1512 2751 1596 2812 Tur·

814 2854 853 2925 ci,
884 2852 1064 2914 Cubicularii
1093 2853 1204 2933 Papae,
1233 2852 1378 2914 Rhodiani
1400 2870 1513 2914 omnes
1529 2862 1595 2930 post

814 2951 1013 3014 Cubiculnres.
1036 2952 1164 3014 ,Turcus
1198 2956 1227 3014 in
1257 2954 1369 3015 Palatio
1395 2953 1540 3017 descendit
1570 2955 1598 3012 in

814 3050 905 3113 Curia
940 3049 989 3112 ubi
1020 3053 1188 3120 Cardinales
1219 3056 1351 3132 equitare
1366 3055 1491 3124 solent,
1520 3052 1597 3114 unda
1696 3103 1698 3106 ,

814 3153 990 3215 ascendendo
1021 3173 1073 3234 per
1104 3157 1202 3216 aulam
1232 3174 1366 3234 magnam
1396 3154 1433 3215 ad
1467 3173 1597 3216 cameras

814 3254 1032 3335 praedictorum
1050 3254 1107 3315 suit
1128 3255 1281 3329 deductus,
1294 3257 1346 3316 ubi
1368 3256 1530 3336 hospitatus
1543 3265 1597 3330 est,

814 3366 879 3415 eia
900 3355 1046 3416 militibus
1064 3356 1413 3435 praedictiscustoditus.

857 3455 1001 3516 hiensibus
1022 3456 1198 3534 supradictis
1218 3456 1296 3518 renit
1309 3455 1346 3516 ad
1360 3458 1470 3520 Urbem
1482 3454 1593 3519 Orator

816 3552 942 3618 Grandis
955 3550 1168 3637 Saldani(i)ad
1176 3556 1332 3618 Summum
1344 3556 1514 3619 Pontificem
1526 3558 1600 3617 mis·

816 3672 866 3714 sus
886 3667 1004 3735 propter
1027 3656 1159 3717 Turcum
1191 3657 1274 3718 hodie
1305 3669 1464 3738 receptum.
1484 3660 1512 3719 ls
1529 3676 1597 3718 cum

818 3753 904 3817 hodie
917 3756 1099 3819 intellexisset
1111 3757 1245 3818 Tuscum
1259 3758 1369 3821 Urbem
1385 3761 1598 3840 ingressurum,

817 3856 1005 3918 resitetiam
1029 3857 1145 3918 obviam
1167 3877 1255 3937 eques
1280 3876 1348 3919 cum
1373 3860 1480 3920 familis
1509 3860 1599 3940 pede·

857 4091 892 4150 (³)
908 4089 985 4150 Quid,
993 4100 1059 4139 voce
1071 4089 1196 4148 Petoldass,
1208 4089 1353 4152 significare
1370 4090 1482 4140 soluerit
1495 4093 1597 4151 auctor,

818 4180 870 4218 non
893 4168 957 4217 mibi
978 4169 1144 4230 exploratum
1169 4171 1219 4218 est.
1244 4168 1336 4218 bosius
1360 4167 1601 4231 interequitantes

817 4250 939 4297 recenset
958 4247 976 4295 il
1000 4248 1048 4310 sip.
1072 4248 1099 4297 di
1124 4246 1232 4298 Falcone
1253 4246 1437 4298 ambasciatam
1458 4247 1498 4297 del
1519 4247 1552 4298 lis
1573 4249 1601 4311 di

816 4324 928 4375 brescio
944 4324 978 4374 de
995 4338 1046 4387 quo
1062 4324 1228 4375 burchardus
1244 4337 1296 4375 non
1315 4326 1437 4389 loquitur.
1451 4326 1532 4377 Estne
1549 4340 1600 4378 una

818 4403 961 4465 eademque
978 4403 1113 4464 personat

858 4483 893 4541 tl)
918 4481 1012 4531 Orator
1028 4481 1061 4533 ds
1077 4494 1129 4543 quo
1146 4479 1188 4530 hlc
1205 4481 1319 4544 loquitur
1339 4483 1524 4543 burchardus,
1541 4488 1598 4534 erai

795 4599 800 4607 .
817 4560 926 4623 legatus
943 4559 1046 4609 sotdsni
1068 4560 1254 4624 Aegyptiorum
1271 4561 1537 4626 babyloniorumque,
1553 4566 1601 4624 qut

819 4641 852 4691 ad
869 4639 1032 4690 suscitandos
1049 4639 1076 4689 in
1092 4639 1258 4701 baJszethem
1275 4641 1437 4692 Christianos
1459 4641 1601 4703 Principes,

819 4727 845 4771 et
861 4721 894 4771 sd
910 4718 1070 4769 conterenda
1097 4731 1156 4768 cum
1182 4718 1304 4770 Pontiflce
1325 4721 1418 4770 bellica
1436 4724 1460 4768 in
1482 4733 1601 4769 commu·

818 4814 878 4851 nem
896 4801 997 4849 bostem
1015 4797 1132 4856 consilia,
1143 4801 1299 4848 accesserat.
1307 4799 1452 4860 Stephanus
1470 4796 1601 4847 infessura

820 4883 858 4931 sic
875 4879 1051 4941 receptionem
1068 4876 1205 4927 describit:
1223 4896 1234 4919 ι
1252 4875 1327 4926 Venit
1349 4878 1374 4926 ei
1396 4877 1532 4936 (Zizima)
1552 4876 1602 4925 ob·

819 4962 889 5010 siam
917 4957 1093 5008 ambascialor
1119 4956 1202 5018 blagui
1229 4955 1334 5006 Saldani
1360 4950 1526 5018 babylonicis
1556 4957 1601 5016 qui

819 5042 930 5102 propter
942 5038 1033 5096 ,isiam
1060 5045 1165 5084 causam
1184 5035 1234 5084 huc
1250 5037 1381 5093 veneral,
1399 5038 1428 5083 ul
1453 5033 1555 5090 lectura
1575 5037 1603 5084 et

819 5130 878 5168 cum
895 5116 1004 5166 vidisset
1023 5126 1099 5172 eum,
1121 5112 1210 5162 statim
1228 5113 1340 5175 proiecit
1356 5112 1389 5162 de
1406 5124 1474 5174 equo
1491 5124 1557 5169 suo,
1574 5115 1601 5161 el

819 5195 933 5261 procidit
950 5194 1092 5244 interram
1109 5194 1135 5240 ei
1152 5191 1284 5240 osculatus
1301 5194 1342 5241 ast
1358 5190 1454 5253 pedem
1471 5192 1530 5253 equi
1547 5190 1602 5250 sui,

821 5276 950 5337 elipeum
967 5272 1092 5322 salutavit
1107 5282 1166 5320 cum
1185 5282 1276 5332 magna
1293 5270 1489 5327 reverentia‚et
1505 5266 1599 5320 deinde

822 5352 965 5406 associavit
981 5362 1040 5401 eum
1058 5361 1141 5413 usque
1158 5348 1191 5399 ad
1206 5348 1304 5399 dictum
1322 5347 1457 5408 palatium.
1476 5368 1487 5391 s
