3758 6030
173 230 237 294 an
641 229 1316 301 ronrmmrustmxsuomsaxrr.
1708 175 1818 318 tranq

175 381 238 426 cem
259 363 289 424 in
321 362 440 425 modum
471 361 534 437 tlt,
556 362 616 425 sive
637 364 743 428 cordae
763 364 963 445 grossitudinis
1030 386 1134 448 sponso
1145 413 1155 445 ,
1176 370 1226 449 qui
1245 369 1356 450 dagans
1376 384 1393 428 a
1414 367 1520 448 pollice
1539 365 1576 426 nd
1592 364 1718 447 digitum
1740 380 1817 427 anu·

174 461 294 541 majoris
314 462 398 544 digiti
419 482 522 525 munus
533 504 544 536 ,
566 482 654 543 quem
676 467 762 546 capiti
790 484 844 525 suo
865 466 965 546 impo-
1030 464 1122 528 Ιετεω
1143 478 1319 546 perventus,
1339 465 1432 528 eidem
1451 465 1542 546 digito
1561 464 1694 526 sinistrae
1715 482 1817 524 manus

173 564 243 638 suit,
263 576 292 626 et
313 565 372 627 duo
393 566 499 627 vexilla
520 584 570 627 seu
587 565 761 639 stendarda,
785 584 874 627 unum
896 583 964 626 cum
1027 584 1148 645 sponsae
1168 566 1259 630 inbxit
1278 580 1308 630 et
1329 568 1475 648 imposuit.
1496 564 1563 636 Qun
1585 565 1722 645 impositu
1744 560 1816 646 Epi·

170 665 264 729 armis
284 666 365 740 suis,
386 676 416 729 et
440 668 611 746 drogonum
632 666 858 745 inquarterotis,
887 664 966 745 quad
1030 685 1139 748 scupus
1161 672 1281 750 aspersit
1296 686 1456 750 sponsum,
1476 678 1506 730 et
1519 685 1653 747 sponsam
1673 683 1755 745 aqua
1770 666 1818 728 be-

173 767 352 847 assignatum
373 766 430 828 luit
451 766 625 848 portandum
638 767 675 827 D.
688 766 866 829 Calcaraudo
885 767 964 827 Dor-
1029 768 1140 831 nedicta
1154 781 1182 831 et
1197 770 1317 849 ingressi
1333 781 1401 830 sunt
1419 769 1578 850 cappellam
1594 786 1693 830 omues
1714 785 1751 828 εο
1765 785 1818 828 or·

173 866 222 946 giu
233 867 318 929 militi
330 864 448 930 Ordinis
455 866 555 928 Sancti
566 866 704 928 lobannis
717 867 963 929 Hierosolimitani
1029 868 1096 932 dinc
1110 879 1199 950 prout
1213 869 1306 948 priua.
1324 869 1469 932 Pervento
1482 867 1519 928 ad
1533 865 1739 940 faldistorium,
1760 864 1820 928 Le·

174 967 262 1029 lratri
295 966 332 1029 li.
354 968 389 1029 D.
413 966 499 1031 Card.
520 966 625 1029 Montis
641 968 757 1049 Regalis
778 965 904 1048 Legati,
934 977 965 1029 et
1029 981 1114 1048 gatus
1139 981 1169 1031 ct
1189 969 1252 1030 Rex
1282 970 1414 1032 lecerunt
1445 971 1605 1033 orationem
1637 979 1706 1032 ante
1726 969 1819 1030 altare

176 1068 268 1143 aliud,
289 1088 424 1150 campum
451 1069 558 1130 babens
579 1070 718 1148 glaucum
739 1070 800 1132 sire
822 1069 963 1150 quidnam
1030 1071 1059 1130 iu
1079 1069 1246 1133 faldistoriis
1267 1070 1333 1151 ipsis
1363 1070 1469 1132 ibidem
1490 1070 1611 1150 paratis,
1629 1067 1760 1151 Legatos
1784 1067 1819 1128 ad

175 1179 204 1231 et
223 1169 298 1231 duos
317 1169 493 1232 monticulos
519 1188 604 1250 pares
636 1187 704 1231 cum
727 1170 816 1232 tertio
847 1170 891 1230 illi
912 1187 965 1230 su·
1030 1171 1160 1235 dextram
1183 1171 1280 1252 Regis.
1301 1171 1398 1233 Finita
1418 1172 1569 1245 oratione,
1591 1171 1721 1252 deposita
1752 1180 1820 1231 suut

174 1270 322 1351 perposito
347 1281 377 1333 et
404 1273 514 1333 aculam
544 1288 664 1334 aureum
698 1290 733 1332 ex
765 1272 896 1352 passibus
916 1287 963 1332 xt.
1030 1272 1115 1332 ambo
1132 1270 1313 1346 faldistoria,
1334 1282 1364 1335 et
1382 1283 1497 1353 portata
1519 1272 1557 1333 ad
1578 1272 1762 1345 thalamum,
1793 1282 1821 1332 et

167 1373 390 1451 aliquantulum
421 1392 473 1453 per
505 1384 707 1436 transvorsum
741 1373 903 1436 tendentem
936 1374 965 1433 in
1031 1373 1134 1434 ibidem
1155 1383 1272 1454 paratae
1305 1373 1379 1437 dunc
1409 1373 1489 1436 sedes
1511 1374 1546 1436 de
1577 1374 1720 1435 broccoto
1737 1369 1820 1450 juxta

174 1473 290 1549 altum,
319 1474 398 1554 quod
429 1474 486 1538 luit
514 1475 657 1536 traditum
690 1475 726 1536 D.
760 1474 965 1537 Bnrtbolomeo
1031 1491 1169 1548 murum,
1198 1490 1255 1534 nnn
1288 1493 1391 1538 versus
1421 1475 1513 1538 altare
1534 1493 1589 1554 pro
1612 1477 1747 1555 Legata,
1766 1474 1821 1534 alla

174 1569 267 1642 Serra
288 1572 373 1633 militi
394 1572 429 1634 de
448 1573 556 1634 lamiliu
570 1575 607 1636 Ι).
624 1575 689 1636 Dan
703 1574 814 1636 dolredi
835 1573 964 1635 existenti
1026 1571 1113 1651 juxta
1133 1576 1212 1635 illam
1236 1593 1339 1636 versus
1359 1586 1474 1656 portam
1491 1576 1639 1655 cappellae
1652 1593 1708 1654 pro
1727 1574 1820 1654 Rege:

173 1673 359 1753 portandum.
375 1673 488 1744 Quibus
502 1674 631 1756 insigniis
645 1677 791 1757 receptis,
813 1676 886 1737 idem
903 1675 965 1736 Don
1031 1673 1093 1744 ilex
1113 1662 1240 1736 mendic
1273 1673 1439 1735 thalamum
1471 1674 1624 1737 adsedem
1656 1692 1742 1735 suam
1773 1674 1820 1734 ubi

174 1773 312 1837 lofredus
337 1775 480 1854 equitavit
501 1795 552 1856 per
573 1775 722 1858 Neapolim
755 1777 811 1839 boc
844 1776 964 1837 ordina:
1026 1775 1128 1836 stetit:
1149 1773 1279 1857 begetm
1299 1777 1405 1836 mansit
1427 1775 1507 1856 apud
1524 1778 1618 1840 altere
1637 1787 1668 1836 et
1696 1792 1767 1837 cum
1788 1793 1821 1836 cn

173 1888 393 1958 praecesserunt
426 1876 592 1953 tubicines,
612 1889 641 1940 et
657 1876 859 1951 fistulatores,
892 1895 965 1955 quoa
1029 1874 1097 1937 iecit
1117 1876 1322 1936 confessionem
1337 1872 1495 1954 Episcopus
1508 1876 1722 1948 celebraturus,
1741 1885 1820 1935 stans

174 1978 371 2057 sequebantur
392 1976 530 2052 Nobiles,
561 1988 591 2040 ct
622 1978 751 2040 Darones
771 1997 824 2039 suo
842 1977 964 2050 ordine,
1030 1977 1066 2037 ad
1087 1977 1231 2038 sinistram
1253 1975 1365 2056 legati.
1387 1976 1481 2037 Finita
1503 1978 1679 2039 confessione
1696 1976 1820 2056 baeatus

177 2077 296 2143 manerii
317 2079 417 2160 Regis,
439 2078 482 2140 illi
502 2078 561 2141 dtto
592 2089 757 2160 portatores
791 2080 964 2142 vexillorum
1030 2077 1158 2140 ascendit
1188 2077 1371 2151 thalamum,
1403 2076 1451 2137 cui
1482 2076 1615 2139 occurrit
1635 2076 1700 2137 Rex
1730 2094 1822 2154 usque

177 2180 567 2262 praedicturum,liaraldus
582 2180 670 2261 Regis
684 2197 773 2241 cum.
795 2224 803 2239 .
828 2224 835 2241 .
859 2227 867 2241 .
889 2179 965 2240 asi·
1031 2179 1067 2238 ud
1100 2178 1343 2259 presbyterium,
1376 2177 1454 2256 quod
1486 2187 1584 2240 tamen
1616 2177 1674 2238 luit
1708 2187 1820 2256 practer

176 2284 288 2357 nistra,
303 2294 366 2344 tum
380 2282 446 2345 Don
464 2281 618 2358 lofredus,
639 2295 669 2345 et
688 2284 724 2343 ad
744 2279 807 2360 ejus
820 2282 965 2342 sinistram
1032 2279 1220 2340 caerimonias
1241 2278 1351 2340 debitas
1371 2288 1400 2341 et
1422 2288 1537 2359 praeter
1572 2295 1674 2339 veram
1703 2276 1822 2338 ordim-

140 2390 142 2395 '
174 2382 239 2445 Don
259 2384 429 2446 Fridericus
449 2386 541 2447 irater
556 2385 656 2465 Regis,
675 2404 748 2465 quos
771 2383 967 2464 sequebantur
1031 2381 1148 2443 donem.
1169 2379 1278 2441 Ibidem
1294 2379 1324 2440 iu
1340 2378 1480 2452 thulumo,
1499 2390 1528 2440 et
1544 2380 1573 2438 in
1594 2378 1659 2440 sede
1674 2395 1729 2438 sua
1743 2386 1818 2438 stam

174 2484 222 2546 alii
242 2484 369 2547 barones
388 2495 453 2566 post
466 2485 585 2566 Regios.
605 2485 668 2549 Non
684 2487 805 2568 perfecit
820 2486 965 2548 circulum
1035 2480 1176 2563 tegerus,
1190 2483 1369 2543 ministrante
1384 2480 1511 2544 Diaconn
1526 2481 1708 2553 naviculam,
1726 2489 1758 2541 et
1778 2497 1821 2539 mc

175 2585 318 2659 solitum,
339 2586 407 2664 quia
427 2585 537 2666 insigna
558 2604 706 2662 aureum,
727 2586 805 2667 quud
820 2589 852 2647 in
874 2587 966 2667 capite
1026 2584 1231 2658 thuribulum,
1251 2583 1388 2664 imposuit
1410 2584 1568 2658 incensum3
1588 2582 1754 2664 Episcopus
1777 2582 1822 2640 ia·

90 2752 94 2759 ,
175 2684 290 2748 detecto
311 2687 454 2766 gerebat,
474 2687 559 2748 nimis
592 2706 661 2751 enm
681 2690 851 2770 premebat:
881 2689 967 2751 rediit
1031 2686 1159 2747 censerit
1180 2685 1288 2757 altare,
1309 2692 1339 2743 et
1358 2685 1419 2763 ipse
1437 2685 1621 2757 incensatus,
1643 2693 1673 2745 et
1692 2699 1751 2742 non
1764 2679 1821 2743 Lc-

126 2851 131 2860 .
176 2797 330 2868 propterea
360 2787 397 2848 ad
425 2787 562 2854 Castrum
589 2788 707 2854 Novum
738 2811 797 2872 quo
828 2793 965 2854 exiverat.
1031 2797 1117 2866 gatus
1129 2828 1139 2860 ,
1166 2802 1260 2864 neque
1281 2784 1363 2847 ilex:
1386 2784 1475 2847 credo
1495 2796 1590 2847 tamen
1612 2783 1693 2862 qnod
1714 2802 1821 2846 coure-

173 2888 253 2951 Haec
274 2907 309 2950 ex
322 2888 527 2952 consuetudine
546 2889 730 2971 Neapolitana
745 2892 887 2956 debebant
903 2892 966 2955 beri
1031 2887 1142 2948 nienter
1173 2887 1321 2967 potuerint
1351 2887 1436 2950 ambo
1464 2889 1517 2967 ipsi
1547 2888 1693 2950 incensari
1713 2897 1743 2949 et
1764 2891 1822 2948 sine

174 2988 251 3051 lacta
272 2990 360 3053 luisse
372 3034 382 3066 ,
403 2990 451 3053 sed
473 3001 593 3073 propter
615 2995 831 3056 coronationem
854 2994 966 3074 Regis,
1031 2990 1106 3051 male
1126 2989 1249 3062 luisset,
1283 2987 1351 3066 quia
1373 3006 1426 3050 nec
1457 2985 1535 3070 Papa
1556 2990 1615 3051 sine
1647 2989 1774 3069 pluviali
1793 3000 1821 3050 ct

174 3102 204 3153 et
236 3088 301 3169 ejus
325 3092 554 3172 equitationem,
580 3093 758 3158 lucrantia
784 3093 868 3156 bodie
893 3112 968 3175 pro·
1030 3095 1119 3154 mitra
1133 3091 1254 3153 existens
1269 3091 1433 3153 incernatur
1456 3091 1511 3153 nisi
1530 3101 1594 3171 post
1615 3088 1819 3151 Offertorium.

175 3202 290 3274 rogata.
1033 3191 1246 3263 Subdiaconua,
1271 3190 1349 3252 dicta
1371 3189 1514 3271 Epistola,
1533 3209 1590 3253 nnn
1610 3202 1654 3251 est
1674 3192 1823 3252 mutatus

217 3293 370 3357 Dominica
390 3311 437 3356 xr.
453 3294 524 3358 dicti
546 3295 650 3359 mensis
671 3296 739 3356 maii
757 3297 832 3378 pluit
851 3314 869 3356 a
886 3313 968 3358 mane
1032 3311 1150 3354 manum
1169 3290 1271 3371 Legati
1289 3292 1338 3354 scd
1359 3292 1531 3355 celebrantis
1541 3313 1553 3367 3
1573 3292 1611 3353 ad
1631 3290 1823 3372 Evangelium

175 3413 228 3476 per
241 3405 335 3458 totum
349 3393 424 3458 diem
439 3397 520 3474 quusi
532 3396 703 3483 incessanter
720 3407 749 3459 et
765 3397 967 3479 copiosissima.
1032 3394 1160 3456 Diacono
1174 3393 1267 3456 eidem
1286 3392 1397 3474 Legata
1411 3396 1598 3467 naviculam,
1624 3404 1654 3455 et
1680 3412 1728 3457 me
1755 3393 1825 3454 thu·

177 3497 213 3558 ln
232 3514 316 3559 mana
336 3493 466 3574 ejusdem
481 3496 549 3570 diei,
570 3498 648 3560 circa
671 3497 774 3560 boram
795 3515 871 3573 ntur,
893 3502 969 3561 uenit
1034 3497 1164 3559 ribulum
1187 3494 1433 3568 ministrantibus,
1456 3497 1594 3578 imposuit
1615 3498 1823 3569 incensum,ct

178 3597 216 3659 ad
239 3598 401 3679 cappellam
422 3598 515 3661 Castri
536 3598 612 3662 Nori
634 3601 670 3661 ll.
692 3601 728 3662 D.
750 3600 879 3682 laegatus
901 3619 969 3663 cum
1032 3598 1184 3661 bettedixit
1200 3597 1309 3686 Deinde
1324 3617 1374 3677 per
1389 3598 1727 3679 Diaconum'Evaugclio
1748 3597 1823 3658 dicto

174 3697 257 3780 Rege
284 3697 438 3780 alphonso
459 3718 476 3760 u
497 3700 618 3762 sinistris
639 3703 721 3776 suis,
751 3702 875 3764 mediam
896 3703 970 3764 inter
1026 3712 1098 3782 post
1120 3700 1313 3779 Evangellmn
1332 3698 1702 3780 negatus,es1texstmut
1725 3698 1824 3760 Evau-

181 3802 369 3864 seducentes
389 3818 442 3863 seu
460 3800 595 3864 habentes
616 3803 652 3864 D.
675 3805 811 3866 Sauciam
833 3805 868 3866 de
886 3805 970 3866 Ara·
1035 3804 1143 3882 galium
1164 3814 1231 3864 sunt
1252 3801 1432 3876 deosculati3
1466 3813 1561 3864 tamen
1593 3803 1691 3861 minus
1712 3817 1819 3861 conve·

177 3902 265 3982 genia
279 3900 409 3982 ejusdem
423 3901 512 3982 Regis
527 3901 617 3966 lilium
632 3904 827 3985 illegitimam,
838 3922 969 3985 sponsam
1035 3904 1146 3965 nienter
1159 3945 1170 3977 ,
1193 3903 1261 3980 quia
1282 3900 1411 3981 laegatus
1432 3904 1529 3982 primo
1544 3902 1665 3963 debebat
1685 3900 1821 3970 osculari,

177 4000 214 4063 D.
229 3999 352 4076 doiradi,
367 4002 603 4082 praecedentibus
616 4002 781 4080 Nobilibus,
798 4004 970 4079 baronibus,
997 4057 1004 4071 .
1035 4003 1135 4065 deinde
1149 4002 1222 4076 Rex,
1238 4003 1318 4083 Rege
1331 4015 1428 4066 tamen
1447 4004 1529 4082 prius
1548 4003 1673 4063 inritato
1682 4022 1693 4077 3
1715 4012 1746 4065 et
1761 4000 1823 4063 luc

177 4113 208 4166 et
221 4101 379 4186 Regalibus
399 4122 453 4168 suo
474 4105 584 4167 ordine.
599 4105 666 4169 Don
681 4106 817 4170 torrens
831 4108 970 4189 processit
1036 4116 1108 4167 runt
1131 4124 1182 4185 per
1215 4105 1378 4167 Diaconum
1407 4105 1493 4201 pmbo
1524 4104 1680 4184 incensati,
1700 4113 1733 4165 et
1754 4102 1823 4163 male

174 4203 426 4286 ‚proximusllegi
438 4216 468 4268 et
484 4204 595 4288 [legato
615 4227 632 4267 a
653 4208 760 4271 dextris
780 4209 844 4270 Don
864 4210 971 4272 Fride·
1035 4221 1069 4271 ut
1089 4226 1178 4288 supra
1199 4206 1274 4281 dixi,
1295 4205 1357 4268 ilex
1378 4218 1442 4286 post
1464 4204 1622 4286 Legatum,
1640 4205 1764 4268 cuilibet
1783 4215 1823 4266 ter

171 4304 234 4367 rici
255 4305 356 4367 fratris
372 4305 470 4387 Regis.
486 4305 599 4378 Quibus
614 4321 680 4371 nate
695 4322 811 4391 portam
825 4311 971 4390 cappellae
1035 4310 1101 4372 dato
1115 4309 1275 4370 thuribulo.
1290 4306 1527 4370 scantationes
1539 4305 1670 4387 Legatus
1684 4303 1823 4368 benedixit

173 4404 348 4485 praedictae
376 4408 566 4483 constitutis,
587 4409 659 4473 Rev.
681 4411 711 4473 in
733 4411 850 4474 Christo
876 4412 910 4473 P.
932 4411 968 4472 D.
1033 4430 1139 4491 aquarn
1154 4422 1184 4473 et
1203 4409 1380 4470 sacrificium
1396 4409 1575 4490 ponendum,
1597 4418 1627 4472 et
1642 4408 1823 4470 ministrante

179 4505 353 4582 ldattbeus,
377 4509 528 4590 episcopus
556 4510 768 4586 Gravinensis,
799 4512 914 4573 ldissam
941 4514 970 4574 in
1035 4515 1072 4576 tt.
1086 4514 1122 4573 l).
1135 4511 1249 4573 loliano
1260 4511 1404 4592 Episcopo
1415 4511 1562 4593 Tropicnsi
1574 4511 1663 4592 llegis
1675 4512 1821 4592 cappella-

178 4608 256 4671 dicta
277 4608 405 4689 cappella
421 4609 623 4690 pontificaliter
637 4612 859 4688 celebraturus,
873 4616 970 4676 omnl-
1035 4634 1073 4677 no
1084 4611 1202 4691 mtq'mi,
1214 4612 1340 4693 hegatue
1349 4611 1487 4694 imposuit
1498 4615 1658 4685 incensum,
1677 4613 1823 4676 celebrans

180 4708 237 4772 bus
258 4708 435 4791 paramentis
448 4709 658 4791 pontificalibus
679 4726 799 4792 paratus
818 4726 848 4776 et
862 4716 970 4791 ntitra,
1036 4715 1194 4777 incensavit
1211 4714 1325 4776 ablecto
1336 4714 1445 4788 altari,
1462 4725 1491 4777 et
1509 4714 1567 4775 luit
1587 4713 1753 4778 incensatus
1769 4715 1822 4794 ime

176 4806 262 4888 juxta
293 4812 399 4873 ostium
421 4810 513 4875 dictae
535 4814 682 4894 cappellae
702 4833 771 4879 cum
799 4815 971 4897 cappellanis
1035 4816 1090 4890 bis,
1101 4815 1228 4896 legatus
1238 4824 1267 4877 et
1282 4812 1344 4876 Rex
1360 4824 1416 4888 tar,
1436 4815 1478 4877 eis
1493 4814 1647 4877 thuribulo
1669 4815 1762 4878 dacto
1774 4833 1823 4896 per

172 4914 240 4975 suls
269 4913 486 4994 superpelliceis
514 4914 626 4978 indutis
646 4914 799 4998 (quorum
820 4936 896 4980 unus
918 4918 972 4978 ba·
1035 4919 1209 4981 Diaconum.
1232 4915 1361 4996 Sponsus
1375 4927 1404 4978 et
1418 4935 1523 4996 mansa
1543 4918 1643 4979 locum
1660 4917 1824 4980 babuerunt

182 5014 286 5075 cuium
307 5012 436 5077 deserens
456 5019 599 5096 pastorale
606 5061 615 5092 ,
630 5019 749 5098 pluviali
765 5032 883 5099 paratus
896 5020 973 5105 erat)
1035 5020 1064 5080 in
1086 5019 1181 5081 medlo
1203 5005 1377 5099 presbyterii
1392 5020 1468 5081 iuter
1482 5020 1575 5081 altare
1595 5028 1625 5080 ct
1653 5018 1823 5090 thalamum,

181 5113 324 5176 benedixit
345 5116 472 5177 anulum
505 5135 590 5196 quem
615 5137 691 5181 unus
723 5120 852 5180 militum
877 5123 972 5202 sponsi
1039 5123 1123 5184 altari
1138 5120 1226 5183 iacies
1243 5132 1395 5194 vertentes,
1409 5139 1531 5202 sponsus
1545 5121 1582 5183 ad
1594 5121 1729 5183 dextram
1741 5137 1824 5203 spou-

181 5216 281 5277 co'ram
304 5217 365 5299 ipso
379 5216 513 5298 episcopo
529 5218 665 5293 tenebat,
685 5231 715 5280 et
733 5237 810 5299 aqua
825 5219 971 5283 benedicta
1039 5242 1087 5285 sae
1107 5225 1170 5286 sire
1190 5223 1286 5285 medio
1301 5269 1309 5285 .
1325 5267 1332 5282 .
1350 5267 1358 5283 .
1378 5268 1385 5284 .
1402 5235 1542 5302 quantum
1562 5223 1756 5286 commoditas
1775 5240 1824 5303 po·

180 5320 301 5399 aspersit
311 5342 322 5394 3
343 5332 408 5382 tum
426 5319 578 5402 episcopus
599 5321 717 5385 tradidit
730 5322 853 5384 anulum
876 5324 970 5404 ipsum
1036 5323 1183 5400 stulubat,
1205 5334 1271 5390 ante
1293 5344 1323 5389 se
1343 5324 1478 5389 habentes
1498 5325 1620 5406 quilibet
1643 5344 1738 5391 unum
1754 5342 1824 5387 cus·
