3764 6036
18 256 128 339 ramo)

17 402 80 454 turn
97 393 259 466 Gentilem,
278 391 448 454 Auriensem
462 392 519 476 (l),
540 396 700 476 episcopos,
711 407 739 456 et
754 396 814 456 Pe-

19 505 102 553 trum
124 492 252 553 Paulum
275 494 449 573 magistrum
477 492 594 555 Ordinis
622 495 654 556 S.
678 495 813 557 Joitannis

18 716 173 765 Aleriensis.
189 716 237 765 Vix
255 717 459 769 adolescentiam
477 720 625 779 excedens,
643 720 758 783 publicis
775 721 813 770 ci·

18 794 89 843 vium
108 795 312 846 Novariensium
331 797 401 847 volis
413 800 558 860 expetitus,
576 799 813 862 pontinoatampa·

18 876 87 924 triae
100 875 214 937 adeptus
227 880 277 926 est.
292 875 355 926 cnrn
371 877 518 927 Florentiae
531 878 626 927 licerii
638 878 711 929 vices
722 879 814 941 imple·

19 958 68 1012 ret,
82 958 176 1016 spreto
187 954 282 1016 capitis
299 956 540 1017 periculo,ceteris
556 957 689 1016 omnibus,
707 957 741 1006 ob
758 958 813 1006 Pri-

20 1044 126 1082 mornm
143 1033 260 1082 civitatis
273 1036 425 1094 potentiam,
443 1036 595 1085 mandatum
612 1036 814 1097 declinantibus,

18 1111 192 1161 interdictum
211 1114 235 1162 in
253 1113 417 1164 florentinos
436 1116 549 1165 mirabili
567 1115 676 1164 andacia
698 1118 813 1177 promul·

18 1193 98 1252 gavit.
116 1192 183 1240 sixti
200 1192 290 1252 Quarti
309 1193 456 1253 beneflcio,
471 1194 634 1256 supplicibus
652 1193 747 1244 libellis
765 1207 810 1245 re·

18 1269 139 1319 terendis
157 1271 280 1332 praefuit,
292 1275 318 1321 et
334 1285 387 1322 non
404 1273 527 1336 vulgares
544 1275 692 1336 legationes
715 1273 812 1334 obirit;

18 1348 165 1406 Nursinos,
181 1351 383 1409 lnteramnates,
404 1351 554 1411 Perusinos,
570 1354 756 1415 Tiplrernates,
772 1358 814 1404 at-

20 1440 73 1489 que
97 1428 229 1479 Tudertes
257 1431 446 1481 tumultuantes
469 1433 511 1480 vel
536 1432 650 1494 placavit
677 1432 720 1480 vel
741 1444 815 1481 com·

19 1508 130 1568 pressit.
160 1507 271 1571 Legalus
294 1511 319 1558 in
335 1510 492 1562 Pannoniam
509 1510 542 1559 ad
558 1511 679 1562 ldatlrinm
703 1509 814 1573 Ongaro·

21 1600 80 1636 rum
93 1587 200 1649 liegem,
218 1593 245 1638 ct
261 1590 286 1637 in
304 1589 467 1639 Germaniam
486 1590 518 1639 ad
534 1591 736 1640 blaximilianum
748 1589 815 1638 cne-

22 1670 208 1725 sarem,atrox
227 1666 431 1729 diuturnumque
448 1668 546 1718 bellum
559 1668 628 1718 inter
641 1680 686 1718 eos
696 1668 816 1717 extinxit.

21 1746 158 1796 Reversus
175 1745 208 1796 ad
226 1745 331 1805 Urbem,
348 1747 446 1798 Oatarli
464 1761 572 1798 munere
590 1748 695 1797 functus
713 1751 753 1797 est
765 1745 814 1796 sub

22 1823 117 1882 Sixto,
136 1828 164 1874 el
185 1824 236 1874 sub
257 1824 406 1875 lnnocentio
424 1826 543 1877 delectus
565 1826 598 1875 ad
624 1825 729 1887 negotia
756 1837 814 1874 cum

20 1906 160 1952 nationum
179 1908 333 1954 exterarum
351 1906 508 1956 Oratoribus
530 1905 719 1968 componenda.
746 1904 816 1954 llaec

20 1983 164 2032 ciaconius
181 1984 278 2044 aliique
294 1983 472 2044 Cardinalium
490 1984 637 2047 biographi.
654 1984 761 2046 Reliqua
783 1983 815 2032 de

22 2062 81 2122 ipso
98 2060 241 2110 Cardinale
257 2062 342 2111 dicam
360 2063 410 2112 sub
428 2076 496 2112 anno
515 2065 581 2114 1503„

61 2143 102 2196 (ll
118 2139 289 2191 Antoniottus
305 2141 488 2202 pallavicinus,
501 2147 527 2193 et
543 2142 719 2206 Hieronymus
736 2145 816 2203 atque

20 2219 164 2280 ciprianus
190 2220 308 2279 fratres,
324 2234 404 2283 quum
422 2222 558 2273 Gentilium
586 2223 740 2285 cognomine
763 2234 817 2270 non

24 2297 246 2347 Pallaviclnorum
264 2300 403 2361 aliquando
415 2307 585 2360 vocarentur,
595 2301 735 2351 credidere
751 2313 819 2349 non·

20 2377 86 2425 nulli
116 2376 297 2427 Antonioltum
322 2378 504 2441 Pallaviplnum
532 2379 696 2429 Cardinalcm
720 2391 734 2427 e
761 2378 819 2426 Pal·

22 2455 201 2503 lavicinorum
219 2455 297 2505 domo
315 2469 366 2506 non
383 2469 451 2516 esse,
469 2457 515 2508 sed
537 2458 686 2508 Gentilium.
713 2457 818 2507 Erroris

21 2544 132 2581 causam
149 2534 207 2594 (sic
224 2533 395 2597 ciaconius),
415 2538 476 2587 binc
496 2537 606 2587 linxisse
629 2538 721 2595 aiunt,
748 2536 818 2599 quod

22 2614 196 2672 pallavicini,
211 2613 303 2676 calvi,
321 2619 347 2666 el
363 2616 558 2677 Falamoniaci,
574 2630 653 2680 quum
671 2617 731 2665 olim
754 2629 819 2678 per·

22 2694 102 2752 pauci
120 2697 220 2751 essent,
239 2706 286 2743 nec
304 2695 375 2745 initio
392 2701 502 2758 possent
525 2699 590 2759 (qni
607 2710 664 2746 mos
681 2700 722 2746 est
744 2695 820 2745 nobi-

25 2771 88 2818 lium
111 2771 307 2832 Gcnuensium)
331 2772 435 2823 obviam
453 2776 577 2839 progredi
592 2775 758 2836 Principibus
774 2779 818 2824 aut

26 2848 186 2898 Oratoribus
204 2851 350 2914 Principum
371 2853 487 2903 Genuam
515 2853 668 2917 potentibus
686 2866 734 2903 nec
755 2854 819 2903 alias

24 2926 128 2976 nobiles
146 2927 258 2977 familias
276 2942 384 2979 numero
402 2932 543 2993 ampliores
561 2945 693 2995 aequare,
708 2933 819 2981 Gentili-

25 3006 85 3066 bus,
101 3007 146 3068 qui
164 3010 226 3056 tunc
243 3011 269 3056 el
286 3008 385 3059 virtute
397 3013 423 3059 el
435 3024 545 3060 numero
563 3011 745 3073 praestabant,
757 3013 814 3070 jure

25 3086 154 3143 viciniae,
170 3088 249 3147 atque
267 3087 406 3148 paroeciae
422 3088 447 3137 S.
464 3089 593 3139 pancratii
610 3102 670 3139 sese
688 3091 819 3152 adjunxe-

25 3167 95 3213 runt.
112 3165 283 3214 Antoniottus
301 3177 383 3225 vero,
399 3166 443 3215 ubi
461 3180 510 3229 per
534 3171 649 3218 aetatem
676 3170 765 3225 licuit,
789 3181 818 3218 re

25 3243 130 3303 cognita
144 3278 152 3300 ,
168 3254 201 3290 ne
220 3255 309 3292 verena
326 3243 498 3295 defraudaret
514 3245 661 3306 familiam,
688 3248 817 3305 majorum

25 3333 135 3370 snorum
162 3325 333 3383 cognomento
363 3326 493 3385 recepto,
515 3325 689 3374 Pallavicinus
716 3328 817 3373 tantum

25 3400 156 3462 appellari
181 3401 271 3449 voluit.
290 3426 317 3436 -
334 3401 405 3461 Sed,
423 3403 445 3451 si
462 3415 526 3452 vera
543 3407 604 3453 sunt
620 3408 727 3453 narrata
736 3437 745 3464 ,
762 3406 818 3453 evi·

26 3479 93 3528 dens
112 3482 156 3528 est
173 3483 292 3541 tempore
310 3481 499 3542 assumptionis
516 3495 580 3532 suae
598 3483 624 3532 in
642 3483 817 3533 Cardinalium

26 3558 189 3620 collegium,
203 3571 345 3620 cognomen
363 3558 414 3610 non
431 3561 580 3622 dimisisse,
596 3575 654 3612 cum
671 3563 819 3614 Burcardus

28 3649 88 3688 eum
103 3639 244 3698 Gentilem,
254 3653 306 3689 non
317 3639 500 3691 Pallaviclnum
513 3643 636 3704 appellet.
648 3641 674 3691 ln
686 3644 819 3705 sepulcro,

24 3719 98 3780 quod
116 3718 210 3768 vivens
229 3720 280 3769 sibi
297 3720 375 3778 fecit,
403 3721 549 3772 inscribere
573 3722 634 3773 fecit
661 3723 819 3773 Actaniollats

24 3797 103 3848 Card.
119 3795 145 3848 S.
160 3797 285 3847 Promeae
302 3798 402 3862 absque
419 3800 589 3862 cognomine:
605 3807 665 3864 post
684 3804 817 3853 saeculum

25 3881 142 3934 tantum,
157 3876 304 3926 disturbata
322 3881 423 3929 vaterls
440 3884 604 3932 monumenti
622 3883 685 3932 sede
708 3883 734 3932 in
751 3890 819 3933 tam·

25 3958 70 4016 plo
88 3954 237 4020 Vaticano,
254 3962 364 4019 nepotes
382 3960 545 4021 epitaphium
563 3974 633 4010 noro
651 3966 819 4011 monumento

25 4037 52 4083 in
65 4035 166 4096 templo
177 4035 202 4082 S.
215 4036 312 4085 blariaa
328 4036 361 4086 da
379 4038 474 4100 Populo
484 4039 627 4090 Antoniotto
637 4040 819 4092 Panuvtcrso

25 4114 154 4164 Ocnaoenai
170 4117 362 4178 inscripserunt
380 4119 483 4168 utivsuo
500 4120 557 4169 loco
575 4119 733 4171 videbimus.
750 4124 819 4173 llaec

26 4193 60 4243 de
79 4193 188 4243 tamilla.
389 4190 396 4208 ’

68 4272 107 4323 De
126 4275 280 4324 Antoniotto
296 4288 359 4326 vero
371 4277 547 4328 testimonium
559 4277 739 4328 desiderabile
751 4281 815 4330 scri·

27 4357 120 4413 ptores
139 4366 191 4402 una
208 4364 272 4403 vnce
289 4355 451 4406 reddunt.ln
462 4357 584 4406 familiam
596 4357 742 4407 cardinalis
754 4357 819 4408 cibo

28 4431 166 4491 adscitus,
186 4443 200 4478 a
217 4432 290 4480 Sixto
308 4432 345 4482 lV.
362 4436 502 4497 episcopus
525 4434 700 4486 lntimillensis
717 4435 819 4497 dictus,

30 4510 62 4558 ab
80 4511 236 4560 innocentio
264 4510 323 4560 Vlll.
350 4513 514 4582 supplicibus
541 4514 635 4564 libellis
656 4516 735 4578 graiis
758 4515 819 4564 sub·

31 4591 183 4640 scribendis
201 4591 387 4652 praepositus,
404 4593 494 4643 suavis
511 4598 538 4643 et
555 4595 760 4655 praeeminentis
782 4597 820 4644 in·

30 4672 97 4730 genii
116 4673 157 4720 vir
174 4682 235 4719 sese
252 4670 375 4720 ostendit·
395 4691 404 4710 ·
424 4671 487 4721 Erat
505 4674 530 4721 in
547 4686 578 4722 eo
597 4676 652 4730 (stc
672 4672 820 4733 ciaconius,

31 4751 129 4812 aliique
146 4749 298 4807 testantur)
314 4748 347 4796 ad
364 4750 555 4810 promerendas
577 4751 711 4800 bominum
728 4752 820 4800 volun·

32 4833 109 4887 lates,
128 4828 255 4877 mirabilis
271 4827 367 4890 ingenii
384 4829 494 4887 lenitas,
511 4842 666 4892 morumque
688 4833 820 4889 suavitas,

33 4906 156 4968 expedita
174 4906 199 4953 in
216 4904 388 4956 deliberando
405 4905 547 4964 sententia,
562 4907 703 4965 modestia,
713 4912 740 4957 el
757 4920 821 4970 per·

35 4998 112 5035 sonae
129 4998 208 5048 quam
225 4986 335 5047 gerebat
351 4990 412 5048 apta
429 4988 560 5049 gravitas,
578 4989 704 5048 tantaque
721 4987 747 5035 in
764 4992 820 5036 tra-

37 5065 134 5114 ctandis
163 5064 296 5113 hominnm
324 5065 433 5127 ingeniis
450 5064 616 5124 dexteritas,
637 5068 666 5113 ul
692 5077 752 5113 cnm
776 5067 820 5115 ali·

39 5142 137 5201 quando
155 5140 322 5192 lnnocentins
341 5142 399 5192 lllll.
417 5144 586 5205 magistratus
603 5141 820 5204 quosdam(qnos

41 5217 123 5270 ltistus
141 5220 178 5268 tv.
196 5226 336 5272 creaverat
352 5223 540 5285 stratiolosque
557 5221 791 5283 cognominaverat
802 5204 823 5282 l,'

45 5299 145 5354 pecunia
162 5301 326 5364 emptoribus
343 5315 395 5352 non
413 5302 548 5362 restituta,
567 5301 672 5364 penitus
690 5302 822 5364 antiquas·

497 255 780 322 Podtmtctrlls
799 257 1022 324 innocentii
1043 257 1195 324 (tersit.
1605 260 1666 324 tlt

881 391 1668 477 Hierosolymitanitatqnornmprimnsetqntnansab

881 498 962 560 Urbe
980 497 1176 568 aberant,alii
1198 506 1268 571 tres,
1292 496 1424 558 videlicet
1441 498 1668 569 beneventanus,

878 597 1046 671 Aleriensis,
1056 608 1085 658 et
1097 594 1253 670 Auriensis,
1266 595 1384 657 fuerunt
1404 596 1432 655 in
1448 614 1563 658 camera
1577 597 1666 675 ipsius

879 696 1029 757 Auriensis
1049 696 1078 755 in
1098 694 1210 757 Palatio
1224 696 1390 775 Apostolico
1409 697 1579 776 congregati
1594 696 1666 756 bea·

881 807 939 857 tam
965 813 1043 876 spem
1075 806 1276 875 expectantes3
1304 794 1411 873 quibus
1441 807 1474 855 ut
1503 797 1668 875 praefertur

881 898 996 970 creatis,
1016 896 1068 976 ipsi
1081 906 1139 956 tres
1154 895 1272 956 fuerunt
1293 914 1310 954 a
1332 894 1387 955 SS.
1401 896 1437 955 D.
1460 895 1495 956 N.
1517 895 1553 954 ad
1572 896 1669 956 consi·

880 995 1003 1056 starium
1028 993 1140 1066 vocati,
1160 993 1211 1055 ubi
1233 993 1377 1055 Sanctitas
1394 995 1456 1055 Sua
1477 995 1549 1056 dixit
1567 1014 1616 1056 eos
1638 996 1669 1054 in

881 1094 1046 1156 Cardinales
1063 1112 1174 1155 creasse
1194 1105 1276 1155 extra
1292 1096 1522 1157 communionem
1535 1108 1590 1157 etc.
1607 1096 1670 1156 De·

879 1196 944 1256 inde
976 1196 1094 1256 fuerunt
1126 1195 1313 1274 colleginliter
1331 1196 1463 1257 associati
1485 1216 1539 1276 per
1570 1214 1671 1258 omnes

881 1296 1046 1358 Cardinnles
1072 1314 1107 1357 ex
1133 1297 1302 1357 consistorio
1321 1297 1358 1356 ad
1384 1316 1528 1359 cameram
1551 1296 1671 1377 praedi·

882 1409 981 1469 ctnm,
1002 1395 1204 1457 cardinalibus
1225 1396 1298 1456 binis
1318 1406 1347 1456 et
1371 1397 1443 1458 binis
1464 1397 1670 1458 incedentibus.

881 1500 1097 1559 Beneventanus
1115 1495 1170 1555 fuit
1186 1497 1261 1557 inter
1277 1497 1311 1556 de
1322 1497 1404 1557 Fuxo
1415 1508 1444 1560 et
1458 1497 1558 1557 Sancti
1574 1497 1671 1558 Geor·

882 1600 938 1678 gii,
951 1599 980 1658 in
1002 1601 1107 1659 ultimo
1128 1600 1192 1660 loco
1206 1599 1387 1659 manentibus
1393 1621 1404 1673 3
1423 1600 1574 1660 Aleriensis
1596 1600 1671 1659 inter

883 1700 918 1761 de
934 1699 1056 1761 Sabellis
1074 1711 1104 1762 et
1125 1700 1290 1772 Columna,
1309 1700 1337 1759 in
1359 1700 1517 1778 penultimo
1535 1700 1622 1772 loc03
1641 1710 1671 1759 et

883 1799 1031 1860 Auriensis
1047 1800 1075 1859 in
1090 1801 1193 1860 ultimo
1208 1801 1273 1860 loco
1289 1799 1363 1860 inter
1379 1800 1518 1862 Ursinnrn
1536 1810 1563 1859 et
1579 1800 1672 1860 Asca·

884 1900 965 1960 nium
990 1901 1177 1963 cardinales:
1208 1902 1387 1962 incesserunt
1412 1913 1509 1962 autem
1531 1899 1672 1981 praedicti

885 2002 976 2062 creati
988 2000 1157 2064 cardinales
1176 2003 1206 2062 in
1221 2022 1324 2064 eorum
1344 2004 1486 2064 mantellis
1501 2000 1675 2081 quotidianis

885 2113 914 2162 et
935 2102 1052 2163 birretis
1075 2103 1198 2162 violatiis
1216 2102 1368 2175 obscuris,
1392 2115 1425 2163 ut
1444 2103 1527 2182 prius
1542 2101 1674 2162 incedere

885 2203 1024 2264 solebant.
1042 2202 1117 2264 Cum
1138 2215 1247 2276 autem,
1263 2215 1297 2263 ut
1315 2204 1493 2283 praefertur,
1510 2203 1565 2264 SS.
1585 2203 1620 2263 D.
1637 2201 1673 2262 tl.

886 2292 1060 2364 creationem
1089 2302 1266 2382 praedictam
1289 2303 1357 2382 ipsis
1379 2303 1484 2364 creatis
1506 2303 1674 2375 nuntiasset,

885 2403 941 2464 tnta
959 2423 1011 2484 per
1026 2403 1063 2463 R.
1078 2403 1115 2463 1).
1137 2403 1319 2465 cardinalem
1335 2404 1433 2465 Sancti
1448 2404 1540 2465 Marci
1560 2414 1588 2463 et
1602 2403 1677 2463 alios

886 2504 1057 2567 Cardinales
1069 2492 1179 2565 dictum
1192 2505 1269 2583 qnod
1283 2503 1353 2566 nihil
1361 2505 1609 2585 responderent‚et
1621 2503 1675 2563 de·

886 2606 950 2667 inde
961 2607 1047 2667 etiam
1064 2606 1194 2665 additum
1209 2606 1287 2684 qnod
1304 2608 1428 2666 annulos
1438 2605 1475 2664 ad
1490 2604 1676 2684 sigillandum

885 2719 915 2770 et
927 2709 1000 2768 alius
1012 2708 1049 2766 ab
1064 2725 1167 2768 eorum
1180 2707 1274 2786 digitis
1286 2706 1502 2787 deponerent,et
1513 2724 1568 2766 nnn
1579 2705 1677 2767 deier-

887 2821 951 2871 rent
965 2827 1119 2888 quousque
1136 2807 1191 2867 SS.
1210 2808 1245 2867 Ι).
1260 2807 1293 2866 Ν.
1308 2809 1431 2867 annulos
1448 2825 1516 2867 suos
1528 2816 1557 2867 et
1576 2806 1677 2865 titulos

886 2912 915 2970 in
934 2910 1106 2971 consistorio
1125 2908 1254 2968 traderet
1265 2927 1347 2988 more
1362 2904 1677 2968 consueto.Associatis

886 3012 1042 3091 praedictis
1056 3009 1138 3069 novis
1149 3007 1350 3069 cardinalibus
1365 3007 1400 3066 ad
1421 3024 1566 3067 cameram
1589 3023 1678 3083 prae·

887 3112 1005 3183 dictam,
1027 3118 1208 3172 recesserunt
1225 3108 1349 3185 antiqui,
1360 3107 1411 3187 ipsi
1429 3106 1496 3166 novi
1518 3123 1567 3166 eos
1582 3122 1675 3182 usque

886 3215 924 3274 ad
934 3214 1041 3275 ostium
1063 3211 1254 3282 associarunt,
1267 3219 1296 3268 et
1307 3210 1336 3268 in
1351 3207 1449 3269 eadem
1461 3223 1577 3266 camera
1590 3222 1676 3264 man-

886 3325 1010 3387 serunt,
1028 3323 1057 3373 et
1075 3310 1179 3370 ibidem
1201 3308 1268 3369 laeti
1294 3307 1381 3368 sinrnl
1400 3307 1498 3388 pransi
1525 3318 1591 3366 sunl
1619 3302 1676 3387 (a).

1597 3473 1676 3482 ——-

888 3572 944 3628 set,
959 3572 1037 3629 alque
1055 3567 1100 3625 illi,
1119 3564 1208 3615 officiis
1225 3562 1336 3627 privati,
1352 3563 1468 3627 querelis
1485 3562 1571 3611 onrnia
1589 3563 1679 3624 reple,-

887 3651 957 3706 renl,
972 3646 1178 3708 Cardinalesque
1196 3648 1222 3695 et
1238 3644 1389 3694 Pontificem
1407 3643 1527 3700 adirent,
1543 3642 1577 3692 ad
1593 3642 1678 3690 Anto·

888 3727 1001 3775 niottum
1019 3738 1034 3773 a
1049 3722 1170 3773 Pontifice
1188 3721 1302 3778 remissi,
1314 3721 1475 3771 dulcissimis
1492 3719 1525 3768 ab
1542 3733 1573 3767 eo
1586 3719 1676 3768 verbis

887 3805 1005 3864 deliniti,
1022 3802 1190 3865 postmodum
1216 3801 1313 3863 placati
1340 3804 1367 3850 et
1393 3799 1475 3861 quieti
1494 3796 1676 3847 discedebant.

887 3886 927 3935 Ob
944 3884 1022 3947 idque
1039 3895 1098 3932 eum
1116 3881 1236 3929 vocitare
1248 3878 1370 3929 solebant
1387 3878 1591 3932 incantatorem
1608 3875 1679 3936 quod

887 3966 945 4026 ejus
973 3960 1104 4011 suavitate
1127 3959 1281 4018 disertoque
1298 3966 1440 4011 sermone,
1459 3958 1582 4014 tanquam
1600 3965 1678 4003 sacro

887 4041 1000 4105 quodam
1013 4038 1128 4087 carmine
1140 4039 1167 4086 et
1179 4036 1355 4084 incantatione
1367 4034 1460 4089 coacti,
1471 4031 1647 4093 quiescerent.
1666 4054 1677 4073 .

927 4117 966 4167 Ad
984 4117 1151 4177 episcopatus
1167 4112 1392 4173 Pampilonensem
1409 4113 1436 4158 et
1452 4109 1609 4158 Auriensem
1621 4110 1678 4159 ele·

888 4199 956 4253 clus,
973 4193 1078 4243 tandem
1103 4193 1129 4241 in
1156 4190 1333 4239 Cardinalium
1361 4201 1499 4237 numerum
1517 4191 1676 4249 cooptatus,

887 4276 998 4338 plurima
1016 4273 1082 4335 egit,
1099 4272 1131 4321 de
1148 4270 1246 4333 quibus
1263 4269 1321 4317 loco
1338 4280 1386 4317 suo
1403 4267 1551 4316 dicendum.

927 4355 962 4414 (2)
975 4352 1014 4400 Fr.
1027 4351 1118 4399 Petrus
1130 4348 1159 4396 θ’
1171 4347 1320 4400 Aubusson,
1330 4348 1435 4407 Magnus
1446 4346 1568 4407 Magister
1585 4344 1679 4407 Hospi-

887 4432 948 4483 talis
965 4427 1206 4490 llierosolymitani,
1215 4426 1284 4473 inter
1295 4428 1385 4477 Patres
1396 4423 1550 4472 Cardinales
1567 4429 1679 4485 coopta-

887 4516 930 4560 tus
947 4509 1012 4566 tutt,
1029 4506 1063 4555 ob
1081 4506 1192 4555 insulam
1211 4503 1335 4560 Rhodon,
1352 4504 1489 4564 antiquum
1518 4502 1618 4551 ordinis
1635 4502 1677 4552 sui

887 4588 1056 4643 domicilium,
1073 4599 1088 4633 a
1105 4585 1232 4646 legionum
1248 4583 1385 4632 llaometis
1398 4581 1512 4630 terribili
1525 4584 1551 4629 et
1563 4581 1678 4629 maxima

888 4668 1024 4718 invasione
1043 4667 1184 4713 servatam.
1212 4661 1360 4711 leudoricus
1382 4659 1540 4709 Francorum
1561 4659 1614 4708 licx
1638 4660 1680 4720 pi·

888 4749 956 4797 lenm
975 4743 1084 4793 rubrum
1102 4754 1150 4803 pro
1167 4741 1211 4789 illo
1229 4739 1336 4801 petebat
1354 4738 1431 4788 etiarn
1450 4750 1481 4786 er
1500 4750 1532 4785 eo
1550 4736 1619 4798 quod
1641 4737 1680 4784 Zi-

888 4827 983 4876 zimum
1004 4822 1151 4883 bajazetlris
1169 4819 1278 4869 fratrem
1296 4831 1329 4867 cx
1349 4817 1462 4866 adversa
1479 4827 1565 4877 pugna
1581 4815 1607 4862 in
1625 4815 1681 4863 fra·

890 4908 956 4953 trem
974 4903 1059 4964 ipsum
1082 4899 1115 4947 ad
1132 4911 1160 4947 se
1177 4896 1393 4958 confugientem,
1415 4906 1476 4956 rege
1494 4892 1680 4953 deposcente,

883 4980 1053 5032 ,traduxisset
1070 4979 1095 5027 in
1112 4976 1237 5026 Galliam:
1255 4978 1281 5024 et
1293 4973 1381 5035 postea
1394 4971 1532 5032 Captivum
1545 4970 1676 5019 illustrem

889 5061 922 5111 ad
938 5057 1117 5108 innocentium
1135 5055 1243 5122 miserit,
1264 5052 1316 5101 Sed
1332 5051 1366 5101 de
1385 5050 1435 5099 hoc
1458 5053 1527 5099 nunc
1545 5061 1615 5098 nunc
1637 5049 1679 5098 di-

889 5138 1129 5279 ce1iiiuglcriplores
1151 5200 1340 5266 ecclesiastici,
1358 5211 1463 5270 praeter
1480 5205 1596 5268 quinque
1613 5205 1676 5255 car·

890 5298 991 5349 dinales
1009 5310 1024 5346 a
1041 5291 1193 5345 ilurclrardo
1216 5289 1378 5347 nominatos,
1395 5289 1517 5337 asserunt
1534 5287 1589 5335 tres
1614 5285 1680 5334 alios
