3764 6036
198 277 238 337 98
665 275 947 340 Ponrtrlctrus
969 274 1187 376 inducuntur
1210 275 1360 338 ucttvt.

197 413 282 473 siensi
301 412 408 487 habita,
430 433 486 494 qua
510 413 606 488 linita,
627 414 662 474 D.
694 415 871 475 iustinianus
891 415 981 477 advo·

201 525 283 574 catus
301 514 377 575 Fisci
393 518 541 595 proposuit
557 518 645 577 alium
665 516 785 576 similem
805 535 981 595 processum,

201 614 230 673 in
252 611 337 689 eujus
369 616 568 696 propositionis
602 619 744 698 principio
773 619 925 678 eniserunt
947 618 981 679 de

198 715 365 775 consistorio
390 715 454 774 RR.
478 715 513 775 D.
544 717 700 789 Senensis,
722 729 751 778 et
775 717 980 790 Camerarius,

195 813 282 892 primi
302 813 421 875 Diaconi
448 816 625 890 Cardinales,
643 818 778 878 coniectis
803 819 980 891 reverentiis,

195 915 316 976 caudam
338 936 495 997 capparum
516 937 636 979 suarum
666 932 729 999 post
757 941 786 981 se
809 920 980 991 trahentes,

195 1033 286 1092 usqne
295 1027 373 1076 extra
383 1017 503 1077 Portam
515 1018 722 1080 Consistorialis
743 1021 825 1081 aulae
840 1031 869 1079 et
887 1020 980 1079 intra-

195 1126 264 1174 runt
286 1134 405 1194 parvam
428 1118 586 1195 cappellam
608 1119 643 1177 ad
667 1122 730 1180 illos
752 1131 810 1181 tres
837 1120 979 1182 Cardina-

195 1216 244 1286 les,
264 1215 313 1274 ulti
328 1234 395 1276 cum
414 1229 527 1289 essent,
548 1219 707 1279 Cardinalis
728 1220 762 1280 de
780 1219 923 1280 Columna
952 1228 983 1281 et'

193 1317 227 1377 de
249 1316 361 1379 Ursinis
389 1318 504 1377 iverunt
530 1318 567 1376 ad
594 1321 816 1392 consistorium,
848 1320 978 1380 iecerunt

193 1420 384 1478 reverentiam
410 1417 526 1497 Papae,
547 1429 575 1479 et
602 1419 739 1481 sederunt
755 1420 791 1479 ad
813 1422 875 1481 loca
905 1438 978 1494 sua3

194 1517 299 1594 quibus
320 1522 348 1577 in
368 1519 438 1578 locis
458 1518 517 1578 suis
536 1520 718 1594 sedentibus,
741 1522 800 1582 siue
822 1541 904 1582 mora
933 1523 980 1581 in-

194 1626 312 1678 trarunt
334 1618 465 1679 Senensis
482 1630 510 1678 et
531 1618 715 1682 Canterarius
744 1641 811 1683 cum
835 1623 979 1684 Cardinali

194 1734 271 1778 noro
281 1739 292 1791 3
313 1730 342 1779 et
360 1721 479 1780 introitu
501 1720 659 1781 consistorii
683 1722 814 1782 lecerunt
838 1741 978 1783 reveren·

195 1819 274 1889 tium,
296 1838 362 1880 cuns
385 1820 476 1899 capite
497 1839 593 1880 omnes
624 1821 764 1900 profunde
785 1840 814 1880 se
835 1822 978 1881 inclinan-

99 1999 102 2007 .
194 1929 250 1989 tes,
273 1919 346 1981 idem
369 1921 499 1982 iecerunt
520 1931 586 1981 ante
608 1921 738 1982 intimum
760 1921 963 2000 gradumsolii3

197 2020 330 2082 Senensis
347 2021 512 2101 praecessit,
530 2031 647 2082 secutus
665 2032 707 2082 est
728 2040 795 2082 eum
814 2021 978 2082 Cardinalis

193 2137 296 2191 norus,
319 2120 503 2181 Camerarius
525 2141 595 2181 rero
615 2123 719 2181 mansit
744 2121 819 2182 inira
845 2121 976 2185 infimum

192 2218 316 2296 gradum
350 2219 425 2280 solii.
445 2220 607 2281 Cardinalis
626 2240 719 2282 novus
746 2240 814 2281 cum
844 2234 918 2283 essct
947 2223 976 2283 in

193 2319 277 2397 plano
295 2320 360 2380 solii
376 2330 441 2379 ante
452 2319 816 2401 Pontificemgenullexus,
827 2325 977 2384 osculatus

192 2429 236 2478 est
266 2419 376 2498 pedem.
398 2420 497 2481 deinde
529 2439 670 2496 manum,
701 2422 816 2484 tandem
845 2443 899 2494 os,
926 2427 975 2485 cui

191 2517 323 2579 Pontifex
347 2521 419 2580 dixit
440 2522 534 2601 ipsum
567 2524 638 2583 berre
661 2525 797 2593 venisse,
821 2535 850 2585 et
875 2525 923 2586 ille
948 2527 975 2584 ei

123 2620 129 2642 ³
191 2619 302 2696 gratias
319 2623 394 2699 egit;
409 2623 554 2684 descendit
575 2624 676 2685 deinde
689 2626 824 2687 Senensis
839 2626 873 2686 de
892 2628 975 2699 solio,

192 2729 222 2778 et
235 2738 328 2779 riorus
341 2722 434 2800 ipsum
451 2735 568 2784 secutus
588 2735 631 2784 est
650 2735 678 2784 et
699 2744 797 2785 omnes
813 2736 872 2786 tres
887 2727 975 2788 simul

192 2829 227 2879 ut
247 2819 329 2900 prius
351 2822 485 2882 Pontifici
517 2826 709 2886 reverentiam
736 2826 888 2900 lecerunt3
917 2846 975 2905 qua

192 2919 278 2991 iacta,
291 2921 477 3001 praecedente
496 2923 625 2994 Senensi,
643 2925 745 2985 deinde
765 2944 850 2997 noro,
866 2936 896 2986 et
910 2927 976 2987 illos

191 3020 361 3082 Camerario
390 3034 546 3101 sequente,
576 3044 669 3085 novus
702 3037 835 3105 receptus
864 3036 908 3088 est
939 3028 975 3086 ab

190 3122 324 3182 omnibus
342 3123 545 3185 Cardinalibus
566 3127 594 3186 in
617 3127 688 3187 locis
703 3128 775 3199 suis,
788 3129 976 3207 discoopertis

191 3225 334 3302 capitibus
360 3227 519 3297 stantibus,
541 3229 636 3307 primo
668 3249 685 3287 a
717 3230 829 3291 seniore
860 3230 921 3289 sive
959 3250 975 3288 a

192 3323 290 3401 priore
301 3324 432 3386 videlicet
443 3328 693 3400 licceaneellario,
706 3329 806 3391 deinde
821 3349 837 3388 a
852 3331 976 3408 singulis

191 3423 266 3483 aliis.
300 3423 456 3502 Postquam
489 3429 525 3485 ab
551 3428 702 3508 Episcopis
730 3440 759 3489 et
791 3430 976 3509 Presbyteris

191 3522 325 3582 onmibus
344 3536 477 3604 receptus
497 3537 580 3599 esset,
600 3530 731 3588 Senensis
741 3539 769 3589 et
790 3529 976 3590 Camerarius

193 3621 310 3682 iverunt
328 3623 365 3682 ad
386 3625 447 3683 loca
469 3644 533 3698 sua,
544 3626 594 3684 ubi
606 3637 712 3687 stantes
723 3640 895 3707 receperunt
909 3630 974 3708 ipsi,

189 3722 291 3783 deinde
312 3735 461 3801 sequentes
481 3725 601 3785 Diaconi
618 3727 792 3789 Cardinales.
807 3729 880 3788 Post
893 3748 976 3788 asso·

190 3823 306 3882 cierunt
334 3842 442 3885 norum
469 3824 652 3886 Cardinalem
680 3828 754 3888 inter
771 3828 925 3888 Sanensem
947 3839 975 3888 et

190 3921 408 3996 Camerarinm,
434 3926 464 3984 in
487 3926 591 3985 ultimo
613 3928 695 3998 loco,
724 3938 812 4007 prout
843 3929 973 4007 primum

195 4035 345 4098 venerunt,
364 4027 525 4103 equitantes
545 4028 687 4104 usquead
709 4028 827 4089 domum
845 4029 975 4089 residen-

190 4125 247 4184 tiae
268 4143 348 4198 suae,
369 4127 546 4189 Ursinorum
570 4129 701 4189 videlicet
723 4129 752 4189 in
771 4128 881 4209 Campo
903 4131 974 4190 Flo·

190 4243 264 4294 rae,
286 4226 336 4285 ubi
369 4246 435 4286 cum
468 4238 560 4289 essent
592 4228 728 4307 Episcopi
761 4229 854 4308 magis
885 4249 973 4309 prope

190 4325 315 4397 ostium,
335 4327 435 4388 deinde
458 4328 646 4408 Presbyteri,
667 4330 789 4390 Diaconi
810 4348 879 4390 vero
897 4329 973 4391 Car-

192 4423 301 4485 dinales
318 4425 355 4485 ab
373 4428 430 4487 alia
449 4437 555 4507 parte,
575 4448 668 4489 nasus
685 4475 693 4501 ,
711 4450 728 4488 a
746 4440 830 4508 parte
850 4430 973 4511 Episco-

193 4543 299 4601 porum
328 4527 499 4606 incipiendo,
524 4531 708 4611 discooperto
729 4534 833 4611 rapite,
851 4533 973 4611 singulis

187 4625 298 4701 gratius
318 4626 394 4704 egit3
417 4638 479 4687 tum
500 4630 632 4707 equitans
650 4643 715 4692 ante
736 4633 846 4693 ostium
868 4633 969 4711 palatii

188 4725 234 4784 sui
261 4744 363 4786 versus
383 4726 419 4786 ad
452 4729 517 4789 illos
546 4731 639 4809 capite
672 4731 856 4810 discooperto
884 4742 971 4800 stans,

189 4827 350 4904 expectavit
361 4828 545 4907 singulorum
559 4850 715 4903 recessum,
736 4831 835 4892 deinde
851 4831 971 4890 intrarit

189 4924 307 4986 domum
329 4927 365 4987 ad
386 4929 550 5008 prandium.

228 5027 313 5087 Paria
325 5046 372 5101 ιιι,
386 5046 478 5090 xxix.
487 5027 630 5105 januarii,
646 5031 718 5090 hora
734 5048 804 5092 ιιιιι.
818 5030 862 5090 vel
878 5032 972 5103 cirea,

188 5143 238 5202 per
261 5137 373 5205 portam
396 5129 545 5200 viridarii,
567 5131 714 5190 intrarunt
736 5140 863 5207 quatuor
888 5127 969 5190 Ora·

187 5232 266 5285 tures
288 5226 387 5287 Seren.
410 5228 600 5289 llaximlliani
621 5229 779 5289 Romanor.
803 5228 909 5308 Regis,
923 5230 971 5289 si·

189 5322 291 5386 delicet
306 5326 376 5388 Rev.
397 5330 425 5389 in
443 5329 562 5391 Christo
581 5329 667 5390 Pater
684 5330 719 5390 D.
743 5330 839 5391 buces
857 5331 970 5409 episeo-

1727 273 1830 358 (⁴⁴88)

1053 434 1109 495 pus
1123 413 1301 484 sirmiensis,
1317 411 1483 473 Bernartius
1499 411 1533 472 de
1549 411 1702 492 Solaltym,
1720 410 1832 491 Grego-

1053 517 1116 576 rius
1132 516 1167 574 de
1178 515 1274 574 Turre
1287 525 1316 574 et
1327 515 1417 574 irater
1430 513 1551 574 loannes
1564 513 1652 573 Prior
1667 513 1830 573 Conventus

1049 615 1278 695 Antuerpiensis,
1295 612 1416 675 Ordinis
1438 614 1538 673 Sancti
1561 613 1720 683 Dominici,
1741 615 1792 691 qui
1815 633 1829 673 a

1051 717 1168 776 familiis
1198 715 1229 775 S.
1253 714 1288 774 D.
1310 713 1344 773 ll.
1366 713 1482 791 Papae,
1502 724 1530 772 et
1551 712 1615 773 RR.
1638 712 1829 773 Dominarum

1049 815 1260 885 Cardinaiium,
1281 824 1418 891 tanquam
1441 811 1583 874 Oratores
1613 812 1704 891 Regis
1724 812 1831 905 Roma·

1049 932 1166 986 norum,
1189 915 1295 993 recepti
1317 925 1394 974 sunt.
1415 915 1524 973 Puerat
1542 913 1618 975 enim
1640 914 1693 972 diu
1720 923 1786 973 ante
1806 915 1830 972 in

1049 1016 1220 1075 consistorio
1241 1015 1422 1093 disputatum
1444 1025 1473 1074 et
1494 1013 1609 1074 tandem
1629 1013 1831 1083 deliberatum,

1048 1115 1125 1193 quod
1146 1115 1188 1174 sic
1206 1114 1299 1192 'recipi
1319 1113 1466 1185 deberent,
1486 1124 1514 1175 et
1533 1114 1569 1172 ab
1585 1114 1724 1174 omnibus
1743 1132 1832 1192 usque

1048 1215 1083 1274 ad
1095 1215 1212 1275 minum
1233 1215 1401 1275 residentiae
1412 1232 1492 1286 suae,
1511 1213 1597 1274 videl.
1612 1212 1698 1291 juxta
1710 1215 1829 1293 plateam

1048 1313 1079 1374 S.
1096 1314 1204 1374 lllariae
1217 1314 1383 1384 Rotundus,
1396 1333 1484 1391 quam
1496 1315 1641 1392 quondam
1653 1316 1689 1374 D.
1703 1315 1830 1376 Sinibal·

1047 1414 1101 1474 dus
1111 1415 1145 1475 de
1161 1415 1250 1494 Spata
1269 1415 1504 1494 scriptoralpost.
1517 1417 1649 1475 construi
1660 1419 1793 1488 curavit,
1804 1420 1829 1478 in

1047 1534 1103 1593 qua
1128 1516 1275 1594 praelatus
1296 1515 1383 1595 episc.
1413 1514 1522 1576 Orator
1539 1516 1701 1596 hospitatus
1719 1528 1773 1589 est,
1785 1520 1829 1579 alii

1045 1627 1142 1677 autem
1161 1618 1288 1696 collegae
1308 1618 1354 1676 sui
1375 1617 1403 1676 in
1421 1618 1485 1677 aliis
1501 1618 1606 1677 domib.
1620 1637 1712 1697 prope
1733 1620 1827 1698 ipsam.

1087 1719 1171 1779 Faria
1191 1718 1327 1787 secunda,
1349 1728 1454 1795 quarta
1472 1719 1625 1790 februarii,
1650 1719 1710 1778 lrsit
1730 1721 1826 1800 publi·

1046 1820 1113 1862 cuns
1132 1802 1337 1863 consistorium
1355 1803 1384 1860 in
1405 1804 1498 1881 prima
1520 1803 1585 1862 aula
1607 1801 1733 1879 majore,
1750 1804 1827 1865 side·

1046 1903 1112 1963 licet
1129 1904 1229 1983 palatii
1246 1904 1418 1981 Apostolici,
1440 1904 1469 1963 in
1492 1922 1551 1981 quo
1561 1902 1707 1966 Oratores
1728 1924 1827 1984 supra·

1044 2001 1115 2062 dicti
1146 2012 1273 2080 quatuor
1309 2003 1408 2063 Seren.
1438 2003 1528 2083 Regis
1549 2005 1744 2066 Maximiliani
1778 2015 1825 2067 ete.

1044 2103 1250 2179 praestiterunt
1268 2103 1478 2177 obedientiam,
1497 2115 1526 2166 et
1553 2105 1751 2168 reverentiam
1779 2106 1825 2167 SS.

1043 2201 1078 2262 D.
1094 2202 1138 2273 tt,
1154 2203 1267 2262 nomine
1284 2201 1371 2280 Regis
1389 2213 1418 2264 et
1437 2204 1565 2284 Philippi
1586 2205 1633 2265 sui
1649 2203 1705 2264 lilii
1721 2206 1825 2266 ratione

1044 2303 1211 2363 Ducatuum
1232 2303 1367 2365 lustriae
1387 2314 1417 2365 et
1434 2305 1624 2384 Burgundiae
1638 2313 1696 2366 eta.
1711 2315 1742 2365 et
1760 2307 1825 2367 alio·

1043 2423 1110 2464 rum
1133 2405 1362 2483 principatuum,
1373 2415 1401 2465 et
1422 2407 1616 2467 dominiorum
1634 2422 1762 2467 suorum
1777 2418 1824 2467 etc.

1043 2503 1210 2582 Propositae
1226 2503 1344 2566 luerunt
1362 2506 1435 2566 duae
1456 2507 1653 2578 remissiones,
1668 2507 1767 2585 prims
1782 2526 1824 2586 per

1042 2603 1076 2664 D.
1092 2606 1283 2665 Franciscum
1300 2606 1334 2667 de
1352 2606 1451 2668 Padua
1466 2608 1641 2693 advocatum
1656 2626 1825 2687 pauperum,

1042 2692 1098 2765 alia
1121 2724 1173 2785 per
1194 2705 1230 2764 D.
1253 2705 1413 2768 iohannem
1432 2710 1591 2788 Baptistam
1610 2709 1645 2770 de
1679 2709 1823 2771 Caraleris

1042 2805 1077 2865 de
1088 2806 1194 2865 Sancto
1206 2806 1361 2880 Severino,
1372 2809 1423 2884 qui
1434 2808 1538 2870 ducem
1552 2809 1686 2888 lllonopo.
1702 2810 1734 2869 in
1745 2827 1824 2868 caua

1042 2905 1197 2966 creationis
1217 2907 1386 2985 collegiatae
1405 2908 1573 2970 Ecclesiae.
1591 2955 1598 2968 .
1616 2954 1623 2968 .
1641 2954 1648 2968 .
1665 2910 1750 2970 Dioc.
1773 2908 1824 2989 (ll.

1040 3005 1216 3068 Curarimus
1229 3008 1258 3068 in
1276 3008 1410 3079 medium¹
1423 3010 1565 3072 intrarent
1587 3010 1733 3073 Oratores
1748 3011 1821 3073 Con·

1041 3109 1202 3180 sistorium,
1221 3109 1271 3186 qni
1289 3110 1421 3168 associati
1446 3111 1571 3169 suntab
1596 3129 1654 3171 vnn
1680 3111 1825 3190 praelatis,

1043 3208 1175 3268 videlicet
1189 3209 1357 3269 Florentino
1373 3220 1401 3270 et
1412 3212 1573 3272 Arelatensi
1592 3212 1825 3291 archiepiscopis,

1041 3309 1193 3380 lileriensi,
1209 3310 1334 3377 Dolensi
1346 3309 1492 3383 Massensi,
1505 3312 1674 3382 histriensi,
1688 3315 1824 3373 assisten-

1042 3408 1317 3481 tibus,Tornacensi
1336 3421 1365 3470 et
1389 3413 1525 3473 duriensi
1541 3414 1700 3493 episcopis;
1714 3424 1744 3474 et
1764 3413 1826 3473 ius

1045 3520 1115 3568 runt
1134 3511 1240 3590 recepti
1259 3511 1295 3570 ad
1315 3511 1412 3589 pedis,
1431 3531 1534 3573 siranus
1553 3524 1581 3574 et
1601 3514 1663 3573 oris
1683 3516 1825 3574 osculum.

1042 3608 1135 3689 Papae
1151 3622 1374 3690 praesentarunt
1390 3622 1517 3691 patentes
1537 3615 1649 3675 litteras
1666 3624 1696 3675 et
1714 3615 1825 3675 iverunt

1040 3721 1102 3788 post
1119 3729 1270 3770 scamnum
1293 3711 1536 3792 Presbyterorum
1554 3714 1823 3786 Cardinalium,lo·

1040 3827 1107 3869 cum
1119 3821 1290 3871 consuetum
1302 3832 1312 3883 ;
1327 3811 1377 3870 ubi
1389 3813 1465 3872 lacta
1478 3814 1649 3875 comissione
1669 3823 1699 3874 et
1710 3814 1824 3876 Domini

1040 3909 1296 3984 Justirriani,Fisci
1319 3912 1464 3987 advocati,
1486 3915 1676 3994 oppositione,
1695 3934 1821 3995 acprae·

1041 4011 1111 4071 dicti
1126 4011 1162 4071 D.
1176 4011 1314 4071 iohannis
1329 4013 1475 4092 Baptistae
1490 4016 1596 4095 replica
1615 4014 1824 4094 pulcherrima,

1040 4121 1069 4174 et
1088 4113 1238 4191 signatura
1260 4132 1311 4191 per
1332 4113 1456 4192 Papam,
1479 4115 1649 4176 Sirmiensis
1667 4117 1738 4177 iecit
1759 4136 1823 4178 ora·

1041 4211 1145 4272 tionem
1168 4231 1252 4274 more
1273 4214 1382 4285 solito,
1404 4216 1453 4275 cui
1473 4226 1625 4296 postquam
1646 4216 1702 4277 SS.
1726 4217 1761 4277 D.
1793 4215 1822 4276 ll.

1040 4314 1242 4394 respondisset,
1264 4314 1445 4377 Procurator
1467 4317 1573 4378 fiscalis
1591 4316 1624 4377 ll.
1655 4318 1690 4378 de
1723 4319 1821 4378 Parma

1040 4417 1195 4493 requisivit
1224 4433 1322 4477 omnes
1349 4416 1611 4490 Prothonotarios,
1633 4429 1668 4479 ut
1691 4420 1725 4481 de
1757 4420 1822 4480 obe·
1879 4487 1880 4502 ,

1039 4514 1146 4576 dientia
1166 4534 1217 4596 per
1238 4514 1391 4588 Oratores,
1412 4519 1821 4581 nominelllus.ll1asimiliani

1039 4617 1122 4676 electi
1144 4618 1173 4675 in
1195 4617 1395 4677 Romanorum
1416 4620 1543 4699 Regem,
1565 4622 1715 4700 praestita,
1736 4619 1820 4682 conli-
1876 4608 1877 4611 ¹

1039 4726 1137 4776 cerent
1150 4717 1394 4778 instrumentum:
1407 4720 1614 4794 sic·enim,SS.
1631 4722 1667 4781 D.
1679 4720 1821 4798 lijuben·

1039 4824 1077 4887 te,
1092 4827 1126 4875 ut
1136 4836 1203 4876 eum
1215 4819 1340 4879 electum
1352 4818 1460 4898 Regem
1478 4823 1625 4899 melioret,
1638 4821 1723 4900 prius
1737 4823 1821 4901 signi·

1038 4913 1132 4975 ficari.
1149 4914 1215 4986 Quo
1233 4918 1321 4990 lacto,
1336 4919 1395 4978 duo
1416 4919 1526 4981 diaconi
1548 4921 1717 4982 Cardinales
1738 4940 1821 4982 rene·

1039 5026 1108 5075 runt
1130 5018 1166 5077 ad
1187 5018 1377 5079 assistendum
1404 5020 1459 5081 SS.
1481 5020 1516 5079 D.
1537 5019 1589 5093 tl„
1609 5022 1747 5083 omnibus
1765 5020 1821 5080 aliis
1877 5043 1880 5100 3

1036 5116 1264 5190 Cardinalihus,
1283 5130 1311 5180 et
1338 5120 1474 5199 praelatis
1495 5119 1588 5180 firmis
1606 5121 1635 5179 in
1658 5122 1733 5182 loeis
1767 5118 1821 5180 suis

1075 5351 1111 5408 (tl
1126 5349 1177 5407 Sic,
1195 5349 1241 5398 sed
1260 5349 1399 5399 evidenter
1417 5351 1502 5412 aliqua
1519 5350 1615 5399 desunt
1634 5351 1660 5399 in
1678 5350 1776 5399 codice.
