3780 6030
47 113 160 199 (teet)

92 254 227 328 Interim,
239 253 309 314 dum
324 253 370 314 bis
384 251 484 315 diebus
498 255 624 335 capitula
638 272 691 334 per
708 251 772 313 llll.
781 250 843 312 ut).

49 354 220 416 cardinales
234 363 443 428 tractarentur,
458 373 513 434 ego
529 354 567 414 ab
584 354 647 415 aliis
665 342 854 416 conclusistis
867 432 868 435 Ἴ

41 455 121 539 ⁴meis
142 465 286 533 rogatus,
304 454 359 516 ieci
381 455 536 533 pronubis
560 454 693 515 omuibus
716 454 847 514 rotulum

49 572 102 633 per
118 553 255 613 iuturum
269 552 440 615 Pontificem
455 554 538 615 nobis
558 553 742 634 signandum,
762 571 848 631 quem

50 653 108 713 hoc
129 669 224 725 mane,
239 653 322 713 missa
341 652 432 726 linita,
450 664 516 714 ente
537 654 733 735 capitulorum
752 671 848 732 prae·

49 751 181 813 istorum
203 752 458 834 subscriptionem,
473 752 537 813 lili.
559 753 621 816 DD.
641 753 846 815 cardinalibus

52 852 82 912 in
101 853 181 913 dicta
202 853 331 932 cappella
347 852 376 912 in
396 854 454 915 suis
473 854 544 916 lacis
561 853 733 926 sedentibus,
753 852 849 912 ascitis

52 950 124 1010 mihi
147 951 240 1011 tribus
259 964 469 1042 seuquatuor
482 973 517 1015 cx
538 954 719 1016 conclusistis
741 997 750 1026 ,
770 963 848 1012 stans

52 1054 133 1112 circa
156 1069 304 1124 mensam,
324 1063 358 1111 ut
378 1071 489 1131 supra,
511 1065 642 1132 paratam
653 1099 662 1129 ,
689 1054 849 1114 summarie

51 1151 194 1231 proposui
216 1151 306 1213 verba
326 1154 456 1213 omnium
478 1155 592 1214 narniae
613 1153 786 1236 supplicans,
818 1164 852 1214 ut

52 1248 223 1313 cardinales
246 1252 298 1330 ipsi
320 1270 372 1332 per
388 1271 439 1314 nos
463 1254 551 1333 petita
567 1254 718 1315 admittere
735 1273 788 1335 per
801 1241 852 1314 lu-

52 1360 159 1411 turum
179 1349 347 1413 Pontificem
373 1353 510 1431 signanda
532 1365 562 1414 et
587 1352 784 1427 observanda,
806 1353 854 1412 di·

53 1463 228 1530 gnaremur.
246 1449 402 1530 Respondit
420 1455 516 1532 primo
530 1452 809 1523 vicecancellarius,
823 1461 854 1511 et

54 1550 221 1612 successive
240 1567 340 1613 omnes
359 1551 408 1611 alii
428 1553 569 1614 «Placet
588 1576 617 1626 s,
632 1562 749 1631 excepto
763 1550 799 1610 R.
817 1550 853 1610 Ι).

55 1650 213 1713 Cardinale
234 1650 266 1710 S.
288 1650 391 1724 blanci,
412 1652 462 1731 qui
483 1651 646 1734 respondit:
672 1655 718 1714 De
756 1653 853 1712 hone-

56 1752 126 1813 stis.
140 1749 267 1820 Quidam
288 1770 322 1811 er
342 1752 525 1814 conclusistis
544 1754 683 1816 volebant
701 1773 718 1813 a
736 1772 783 1814 me
802 1771 855 1832 pe·

58 1861 131 1924 tere,
156 1851 234 1928 quod
254 1850 360 1930 singuli
384 1851 551 1914 Cardinales
570 1855 600 1914 in
619 1853 717 1914 rotula
735 1871 764 1914 se
783 1851 855 1912 sub·

58 1949 232 2024 seriberent,
243 1950 292 2012 sed
303 1943 371 2012 cum
393 1951 432 2024 td
443 1952 517 2011 mihi
533 1933 562 2015 et
576 1954 707 2034 pluribus
718 1953 781 2014 aliis
799 1971 855 2014 non

61 2050 213 2111 rideretur
234 2051 386 2112 borrestum
400 2094 410 2125 ,
424 2053 502 2130 quod
531 2054 627 2115 verbis
650 2053 855 2115 cardinalium

62 2168 117 2210 nan
146 2148 348 2225 crederemus,
377 2153 467 2214 rerho
491 2171 545 2213 suo
572 2152 712 2212 satisfacti
738 2152 854 2212 suimus.

63 2247 160 2309 Tenor
183 2268 254 2309 vero
275 2251 365 2310 rotuli
385 2263 510 2331 ponetur
524 2252 600 2313 inira
622 2263 687 2332 post
709 2249 857 2312 Pontificis

63 2349 293 2429 assumptionem.
764 2409 767 2415 .

103 2447 283 2528 subscriptis
299 2450 391 2528 igitur
413 2451 559 2532 capitulis,
581 2462 615 2512 ut
637 2469 726 2531 supra
746 2451 856 2512 dictum

64 2561 115 2622 est,
126 2547 211 2626 jussu
222 2568 286 2611 meo
296 2569 394 2613 omnes
405 2553 596 2614 conclaristae
612 2555 730 2613 iverunt
742 2551 779 2611 ad
791 2569 858 2610 sna-

66 2638 152 2729 gnam
176 2651 349 2730 cappellam,
363 2651 493 2713 similiter
508 2664 536 2712 et
551 2653 682 2724 sacrista,
697 2662 726 2714 et
748 2651 859 2729 collega

66 2769 168 2823 meus,
188 2749 237 2828 qui
260 2768 316 2810 una
337 2769 451 2813 meatim
472 2753 578 2813 ostiam
597 2752 690 2813 dictae
715 2751 860 2831 cappellae

68 2851 184 2913 maioris
209 2852 363 2914 servabant
395 2851 431 2912 ab
460 2852 544 2913 intus.
577 2852 641 2913 ult.
663 2851 725 2911 DI).
748 2849 859 2911 cardi·

68 2953 143 3014 nales
160 2954 225 3024 sali,
239 2971 338 3016 omnes
351 2963 518 3014 manserunt
538 2954 565 3014 in
584 2953 711 3033 cappella
738 2951 858 3011 minore.

68 3052 144 3113 Tum
167 3052 232 3112 ltlt.
264 3053 327 3113 lil).
354 3052 612 3115 vicecancellarius
642 3053 860 3132 episcoporum,

68 3152 285 3215 Mediolanensis
306 3152 567 3234 presbyterorum,
588 3163 618 3214 et
639 3150 771 3213 &nensis
796 3151 861 3212 dia-

69 3270 219 3314 canorumv
234 3250 431 3314 cardinalium
460 3253 587 3332 priores,
619 3261 801 3313 accesserunt
824 3250 861 3310 ad

71 3371 191 3432 parram
207 3352 335 3413 tabulam
351 3365 416 3416 ante
432 3356 537 3425 altare,
553 3363 586 3413 ut
602 3369 703 3431 supra,
718 3360 862 3430 paratam,

70 3466 95 3514 at
114 3455 155 3514 ibi
174 3455 203 3514 ia
219 3454 276 3514 illis
292 3454 384 3515 tribus
400 3454 537 3517 scabellis
556 3451 765 3524 consederunt,
780 3468 862 3512 rencs

72 3555 169 3628 altari,
189 3565 217 3616 et
235 3553 323 3615 iacies
343 3555 408 3614 aliis
424 3553 625 3616 cardinalibus
645 3561 798 3621 vertentes,
812 3550 868 3613 vi-

73 3657 299 3733 cecancellarius
319 3654 442 3728 medius,
455 3654 492 3714 ad
510 3654 573 3733 ejus
588 3653 734 3716 dexteram
752 3650 864 3714 Medio·

74 3754 207 3827 lanensis,
224 3766 254 3816 et
274 3755 310 3814 ad
331 3755 475 3815 sinistram
495 3754 641 3827 Senensis,
663 3753 724 3827 ubi,
744 3752 865 3831 ipsisne

73 3856 133 3914 aliis
153 3853 289 3931 amnibus
311 3854 519 3916 cardinalibus
540 3854 569 3914 ia
589 3854 648 3915 suis
673 3853 743 3914 locis
762 3852 866 3913 seden-

76 3955 148 4014 tibus
170 3954 200 4012 iu
225 3955 349 4028 silentio,
367 3954 403 4014 lt.
426 3955 461 4014 Ι).
487 3953 747 4017 vicecancellarius
767 3953 865 4034 paucis

75 4053 170 4115 serbis
193 4053 363 4136 exhortatus
384 4066 427 4116 est
440 4052 617 4128 cardinales,
636 4072 704 4116 cum
730 4072 785 4134 pro
805 4052 867 4116 ele·

76 4156 165 4216 ctione
196 4153 300 4213 summi
321 4153 468 4215 Pontificis
497 4155 668 4235 congregati
696 4165 811 4224 essem,
833 4166 867 4216 ut

78 4256 202 4333 quisque
223 4253 355 4331 cogitare
384 4255 470 4316 vellet
487 4255 595 4334 eligere
612 4256 705 4334 magis
722 4253 867 4327 idoneum,

77 4352 153 4414 iuxta
176 4353 321 4414 dictamen
341 4354 531 4416 conscientiae
548 4374 626 4416 suec.
650 4353 690 4415 Et
713 4353 781 4430 quia
800 4370 870 4432 per-

78 4565 126 4619 bus
151 4568 287 4632 astiagem
307 4568 457 4619 Pontificem
481 4568 634 4620 Cardiaales
655 4570 869 4627 coateaderual,

78 4648 214 4711 inquiebat
230 4647 353 4698 laudatus
369 4648 544 4711 ltayaaldus·
563 4649 692 4700 Nonnulla
708 4663 741 4701 ex
759 4649 790 4699 iis
802 4661 884 4711 quae

78 4728 210 4789 pollicitus
238 4731 404 4778 sacramento
421 4730 462 4776 est
479 4728 634 4789 spectabant
652 4729 685 4778 ad
702 4728 869 4780 retinendam

80 4807 180 4868 imperii
203 4806 377 4855 ecclesiastici
404 4806 569 4868 majestatem
595 4811 646 4857 etc.
668 4808 724 4858 Alia
752 4819 816 4859 vera
837 4807 870 4856 ab

80 4884 229 4937 innocentio
253 4887 386 4950 promissa
406 4889 433 4935 ia
458 4886 635 4937 cardinalium
652 4886 800 4944 comodum,
823 4887 872 4936 de·

82 4967 148 5016 tarta
164 4970 248 5024 eraut,
265 4976 336 5029 quae
353 4967 515 5014 cumcontra
532 4965 571 5015 las
591 4969 721 5016 conventa
733 4968 834 5024 essent,
845 4967 871 5015 ia

84 5045 209 5107 aliquibus
221 5042 396 5106 infringendis
408 5044 534 5107 religione
552 5057 581 5096 se
599 5045 706 5095 minime
723 5043 810 5094 teneri
825 5057 873 5106 pu·

85 5125 155 5184 tavit,
172 5126 208 5175 uti
226 5123 380 5175 videbimus
395 5123 559 5181 altimus.
576 5120 668 5173 Annal-
685 5120 750 5173 licei.
769 5121 802 5170 nd
813 5132 875 5172 ana.

87 5204 149 5253 siit.

510 111 714 182 couchtvti
733 111 835 177 POST
857 110 1005 177 sixtum
1028 110 1230 183 Quantum.
1658 110 1700 172 29

915 268 998 331 saepe
1018 248 1167 312 Pontificis
1182 231 1348 325 hujusmodi
1367 247 1469 308 electio
1486 263 1539 325 per
1555 261 1702 307 accessum

915 349 1041 431 perlecta
1060 348 1171 421 luisset,
1186 347 1346 428 proposuit
1359 344 1571 416 cardinalibus,
1591 361 1628 404 aa
1646 342 1704 403 hoc

917 458 1025 520 mane,
1051 448 1135 508 lacto
1154 447 1310 518 scrutinio,
1344 443 1406 505 lieri
1431 444 1548 505 deberet
1574 460 1706 504 nocemus
1733 517 1739 526 .

920 550 968 608 vel
987 566 1055 619 ιιοιι,
1076 558 1106 608 et
1123 565 1209 626 super
1231 547 1288 606 hnc
1307 556 1375 606 vota
1396 543 1594 606 cardinalium
1613 543 1707 603 colle·

920 647 974 727 git,
995 664 1128 725 quoram,
1144 645 1238 724 major
1269 662 1337 725 pars
1361 645 1427 717 init,
1448 642 1526 721 quod
1546 659 1605 711 non
1623 641 1706 703 tieret

917 764 1048 807 accessus
1069 744 1162 807 bodie.
1183 745 1246 806 lloc
1276 746 1367 823 igitur
1393 745 1545 813 conclusa,
1570 759 1709 802 surrexe·

920 857 990 907 runt
1011 846 1046 906 de
1068 844 1201 905 scabellis
1222 846 1282 904 suis
1304 842 1367 903 llll.
1389 845 1450 904 lili.
1471 842 1636 910 cardinales
1655 840 1709 900 vi-

919 945 1157 1016 cecaacellarius,
1169 955 1198 1005 et
1213 943 1347 1005 Senemis
1360 944 1410 1030 qui
1422 943 1458 1003 ad
1470 959 1563 1002 cornu
1575 940 1709 1019 epistolae

919 1043 1020 1105 altaris
1040 1062 1070 1104 sc
1091 1045 1215 1117 locavit,
1239 1043 1499 1105 vicecancellarius
1521 1053 1619 1102 autem
1644 1048 1710 1100 ante

920 1150 1028 1210 altares
1043 1148 1252 1228 genuflectens,
1268 1149 1344 1208 lacta
1358 1147 1440 1209 brevi
1455 1143 1566 1207 secreta
1580 1142 1709 1205 aratione

919 1249 1095 1322 surrexit,et
1109 1259 1210 1310 ratum
1226 1266 1324 1318 suum,
1335 1247 1413 1326 quod
1426 1247 1454 1307 ia
1470 1262 1560 1326 parra
1575 1241 1711 1303 schedula

922 1369 1009 1411 manu
1028 1369 1079 1410 sua
1099 1349 1219 1429 propria
1238 1349 1379 1428 scriptum
1396 1361 1426 1411 et
1441 1346 1497 1405 suo
1511 1342 1608 1423 sigillo
1625 1339 1710 1418 sigil-
1748 1336 1750 1339 ’

921 1452 1013 1511 latum
1036 1452 1256 1526 manutenebat,
1269 1463 1335 1514 ante
1349 1456 1442 1514 altare
1456 1449 1606 1526 accedens,
1624 1451 1710 1513 sche-

920 1550 990 1610 dula
1001 1552 1082 1638 prius
1093 1551 1270 1625 deosculata,
1283 1553 1363 1613 illam
1374 1552 1479 1613 obtulit
1491 1553 1603 1613 duobus
1614 1551 1710 1630 digitis

901 1720 904 1723 ,
923 1651 1027 1730 pollice
1038 1662 1067 1712 et
1077 1651 1170 1712 indice
1185 1651 1318 1713 dexterae
1336 1670 1437 1713 manus
1452 1654 1479 1712 in
1496 1652 1613 1713 calicem
1626 1669 1713 1730 super

923 1750 1024 1812 codem
1048 1753 1142 1812 altare
1161 1755 1305 1831 positum,
1322 1748 1389 1828 'quo
1416 1764 1517 1814 votum
1545 1748 1711 1828 hujusmodl

924 1852 1071 1932 imponere
1092 1853 1217 1926 volente,
1236 1851 1397 1913 Cardinalls
1421 1853 1553 1914 Senensis
1577 1862 1713 1935 ¹patenam

927 1951 962 2013 de
984 1952 1074 2013 calice
1095 1952 1308 2031 aliquantulum
1329 1953 1464 2025 elevavit,
1482 1963 1512 2014 et
1529 1962 1598 2014 roto
1619 1953 1715 2030 impo-

926 2055 982 2114 sito
1012 2053 1210 2133 recooperait.
1238 2053 1499 2114 vicecancellarius
1515 2068 1623 2123 uero,
1647 2060 1716 2115 vote

929 2152 1038 2226 oblato,
1055 2153 1175 2213 accessit
1192 2153 1229 2213 ad
1250 2169 1342 2213 corna
1359 2153 1508 2213 dexterum
1530 2136 1640 2222 altaris,
1656 2149 1717 2208 sci·

936 2254 1004 2315 licet
1024 2254 1178 2330 evangelii,
1198 2253 1248 2313 ubi
1275 2254 1384 2313 mansit·
1405 2270 1497 2331 usque
1523 2252 1560 2311 ad
1586 2250 1716 2313 omniurn

927 2364 1064 2414 votorum
1092 2352 1265 2416 oblationem
1271 2375 1282 2425 3
1312 2354 1448 2415 successit
1471 2352 1717 2416 vicecancellarii>

926 2453 1086 2515 Car-dinalis
1108 2454 1322 2533 Neapolitanus,
1355 2455 1407 2531 qui
1434 2453 1468 2514 de
1494 2454 1557 2514 loca
1582 2470 1636 2513 suo
1664 2471 1717 2513 ve·

931 2554 1022 2627 niens,
1040 2555 1137 2614 orarit
1154 2564 1221 2616 ante
1245 2554 1354 2626 altare,
1375 2564 1404 2613 et
1424 2552 1543 2626 obtulit,
1566 2563 1597 2612 ut
1618 2570 1720 2632 supra,

931 2654 1174 2714 vicecancellaria
1188 2664 1217 2715 et
1231 2652 1347 2715 Senensi
1363 2663 1504 2732 patenam·
1520 2653 1587 2713 hinc
1607 2664 1636 2714 et
1655 2653 1720 2715 inde

927 2756 1140 2833 aliquantulum
1161 2755 1356 2829 elevantibus,
1384 2766 1413 2815 et
1440 2753 1662 2833 reponentibus3
1690 2764 1720 2814 et

930 2854 1034 2919 deinde
1053 2857 1090 2914 ad
1114 2858 1211 2916 locum
1233 2873 1318 2914 suum
1342 2852 1426 2914 rediit
1444 2852 1656 2931 Neapolitanus,
1672 2855 1720 2913 cui
1797 2840 1801 2847 ⁵

931 2966 1135 3017 successerunt
1149 2955 1254 3034 singuli
1270 2954 1437 3016 cardinales
1453 2971 1506 3013 suo
1521 2953 1629 3014 ordine.
1645 2952 1721 3013 cnm

931 3055 1136 3118 Mediolanensi
1152 3065 1299 3134 tangeret,
1320 3055 1388 3133 quia
1408 3054 1537 3133 illeplus
1555 3071 1585 3113 se
1604 3070 1722 3112 morere

937 3177 995 3220 non
1020 3165 1145 3239 poterat,
1167 3167 1195 3216 et
1212 3155 1407 3228 lvnsariensis,
1428 3156 1478 3231 qui
1495 3155 1521 3213 ci
1541 3151 1723 3227 succedebat,

930 3258 1020 3319 ambo
1041 3267 1109 3318 vota
1128 3257 1214 3316 simul
1233 3256 1406 3316 obtulerunt
1423 3254 1559 3333 sigillata,
1577 3264 1722 3331 utsupra.

933 3357 1076 3419 Omnibus
1098 3357 1174 3418 votis
1190 3357 1218 3416 in
1236 3357 1367 3430 calicem,
1385 3365 1419 3415 ut
1435 3371 1524 3435 supra
1540 3353 1654 3426 oblatis,
1671 3353 1724 3413 vi·

936 3459 1159 3519 eccaacellarins
1180 3468 1208 3519 et
1230 3456 1385 3529 Senensis,
1407 3456 1530 3533 quisque
1554 3454 1674 3513 calicem
1695 3446 1751 3512 iu*

930 3577 984 3620 suo
995 3561 1085 3622 latere
1100 3570 1286 3639 acceperunt,
1298 3571 1327 3621 et
1348 3567 1515 3620 reverenter
1526 3571 1615 3634 super
1634 3552 1724 3614 tabu·

933 3661 989 3722 lam
1013 3661 1191 3741 praedictam
1206 3670 1407 3741 reposuerunt,
1424 3658 1474 3727 ubi
1487 3653 1626 3715 stantibus
1642 3653 1723 3731 ipsis,

933 3775 966 3823 ut
987 3763 1069 3843 prius
1086 3761 1353 3824 >vicecancellarius
1373 3778 1460 3819 manu
1482 3757 1581 3818 dextra
1604 3753 1723 3814 calicem

935 3886 986 3946 per
1003 3865 1112 3926 nodum
1127 3863 1281 3942 accipiens,
1303 3871 1332 3921 et
1350 3861 1464 3919 sinistra
1485 3867 1616 3936 patenam
1636 3851 1726 3911 desu-

933 3987 988 4048 per
1011 3965 1141 4037 drusus,
1168 3963 1290 4024 revertit
1311 3960 1431 4021 calicem
1453 3975 1521 4017 cum
1542 3965 1667 4036 patena,
1693 3964 1726 4013 ut

937 4065 1093 4130 schedulas
1111 4066 1187 4124 intas
1205 4062 1381 4132 revolveret,
1397 4068 1459 4119 tum
1479 4058 1574 4128 illum,
1596 4065 1629 4115 ut
1646 4054 1728 4135 prius

934 4178 1008 4240 erat,
1029 4176 1094 4225 ante
1115 4183 1145 4224 se
1172 4162 1291 4234 locarit,
1313 4170 1342 4222 et
1363 4161 1474 4221 elevata
1496 4158 1611 4218 sinistra
1636 4173 1724 4215 manu

935 4265 1161 4344 aliquantulum,
1177 4273 1279 4343 patena
1301 4262 1396 4322 destra
1413 4277 1513 4333 manu,
1530 4276 1618 4318 unam
1639 4256 1726 4317 sche-

936 4367 1047 4440 dulam,
1060 4382 1143 4451 'quae
1159 4363 1213 4421 sibi
1231 4364 1326 4442 primo
1345 4363 1481 4423 occurrit
1498 4361 1631 4433 extraxit,
1651 4358 1729 4420 dua·

937 4469 990 4530 bus
1021 4476 1132 4526 tantum
1161 4464 1256 4543 digitis
1292 4461 1447 4536 adhibitis,
1475 4473 1508 4523 ut
1537 4459 1574 4519 ab
1600 4457 1729 4520 carnibus

937 4571 1033 4649 palam
1045 4565 1137 4627 rideri
1151 4574 1268 4644 posset;
1288 4581 1376 4642 quiam
1393 4562 1561 4625 schedulam
1576 4560 1653 4621 dedit
1672 4560 1730 4622 Se·

939 4668 1030 4742 nansi,
1051 4665 1101 4745 qui
1123 4665 1307 4738 cameriam,
1328 4661 1447 4727 exte'asis
1467 4663 1575 4742 apertis
1596 4660 1728 4721 manibus

938 4771 1086 4852 aperiens,
1106 4766 1221 4849 publice
1242 4765 1365 4846 legebat,
1378 4775 1406 4826 et
1425 4762 1572 4825 retinebat.
1591 4759 1728 4821 Extraeta

939 4870 1091 4944 schedula,
1103 4865 1365 4929 vicecancellarius
1379 4865 1510 4938 calicem,
1525 4873 1557 4923 ut
1568 4862 1658 4943 prius,
1673 4878 1729 4939 pa·

941 4983 1010 5032 tena
1032 4969 1227 5049 cooperiebat,
1240 4962 1392 5046 quousque
1413 4966 1463 5025 illa
1483 4965 1555 5026 lecta
1570 4972 1655 5032 esset,
1670 4971 1731 5020 tum

941 5072 1111 5134 extrahebat
1132 5071 1238 5143 ellam,
1260 5068 1349 5130 etsie
1375 5066 1442 5129 iecit
1469 5083 1560 5144 usquc
1583 5056 1620 5123 ad
1644 5060 1729 5124 linem

942 5174 1082 5235 scrutinii.
1119 5170 1192 5233 lirat
1221 5181 1317 5231 utilem
1349 5165 1456 5247 prioris
1494 5164 1730 5244 presbyterorum
