3780 6030
64 114 179 199 44444)

64 253 150 315 bodie
172 252 308 312 ultimum
329 249 410 339 diem
424 255 610 329 exequiarum
637 249 851 330 praedictarum

62 372 216 433 peragere.

105 454 192 514 14414
203 463 319 532 444444,
330 451 373 513 at
384 451 454 513 dicti
465 450 567 513 mensis
577 448 851 530 augustinusait.

61 554 126 614 DD.
145 552 312 614 cardinales
327 552 526 631 cognovissent
541 551 678 611 44441444
691 550 853 630 perfectum

62 672 120 716 ooo
134 673 206 727 esse,
221 663 375 733 propterea
392 652 465 714 illud
480 652 591 712 intrare
606 668 662 710 non
677 668 776 730 44444,
790 659 853 708 444-

62 765 184 816 4444444
209 754 295 814 aliam
321 753 434 813 missam
453 751 657 813 defunctorum
683 768 738 830 pro
757 748 852 808 aalma

62 853 186 935 praelati
205 850 354 914 1444111414
376 852 461 914 hodie
485 853 513 912 ln
538 853 666 933 44444114
686 852 853 930 sepulturae

61 973 131 1016 suae
157 932 300 1016 eelebr'ari
320 952 442 1027 debere,
458 964 546 1034 prout
560 952 670 1012 14444444
688 950 852 1029 usigitur

60 1055 98 1115 11.
110 1055 147 1116 D.
165 1052 325 1115 Cardinalis
336 1053 553 1115 Matisconensis
568 1050 725 1113 celebravit
736 1053 851 1111 missam

61 1152 232 1232 hujusmodi
244 1154 275 1214 in
288 1156 418 1236 44444114
430 1153 576 1234 praedicta
591 1171 673 1214 more
687 1151 783 1225 solito,
793 1169 850 1231 qua

62 1253 143 1315 inita
158 1256 217 1334 ipse
231 1255 310 1316 solus
328 1255 476 1317 celebrans
491 1253 624 1315 absolvit.

100 1354 269 1417 Cardinales
278 1354 452 1416 4414444414
462 1351 660 1434 superioribus
670 1351 783 1412 sedibus
796 1351 852 1412 ibi·

62 1455 127 1517 dem
143 1457 427 1528 444441444444444,
439 1438 648 1536 4414414414444
662 1454 690 1514 14
707 1454 770 1513 41114
784 1463 851 1529 414,

62 1556 300 1619 beuedciatorum
322 1556 542 1618 4441441444444
557 1554 623 1616 14144
633 1566 663 1617 44
675 1555 756 1629 1414;
768 1552 851 1632 juxta

62 1656 245 1734 sepulturam
265 1658 355 1737 posita
373 1657 651 1719 14444441444441414
669 1673 787 1726 xxtrrt,
804 1661 850 1720 441

62 1757 165 1830 41444,
184 1767 213 1817 44
238 1756 391 1819 distributa
412 1759 553 1819 intorticia
578 1757 802 1828 cardinalibus,
822 1769 851 1819 44

62 1857 200 1935 praelatis
216 1867 245 1918 44
256 1858 318 1918 41114
331 1858 444 1920 1444144
455 1877 536 1922 more
547 1871 697 1933 consueto;
710 1859 851 1938 lugubres

63 1974 118 2017 non
139 1956 423 2020 1444414444444414414
444 1961 555 2022 missae

102 2055 203 2116 Prima
228 2067 259 2117 et
284 2067 388 2117 444444
413 2058 458 2121 die
482 2061 676 2141 exequialibus
696 2060 851 2140 praedictis

62 2156 182 2218 luerunt
196 2156 287 2235 posita
302 2174 353 2236 per
370 2161 525 2221 circuitum
543 2162 679 2232 ecclesiae
692 2179 780 2241 supra
796 2181 850 2223 co·

64 2258 178 2318 lamnas
203 2258 348 2318 intorticla
374 2276 496 2322 numero
524 2260 606 2341 tao,
628 2262 674 2323 441
696 2264 776 2323 41444
788 2306 798 2335 ,
817 2276 850 2325 44

63 2375 152 2438 supra
168 2358 301 2432 diximus,
315 2376 433 2420 accensa
442 2382 455 2432 3
470 2378 559 2441 44444
577 2375 707 2424 castrum
724 2363 850 2438 doloris,

64 2457 200 2519 candelae
218 2468 288 2538 quot
310 2469 386 2520 stare
401 2471 533 2539 poterant
547 2480 668 2525 numero
688 2460 779 2535 1000,
804 2467 849 2527 441

63 2561 153 2622 41444.
170 2559 240 2621 titis
258 2580 307 2623 sex
324 2561 423 2624 11414444
436 2565 622 2639 intermediis,
637 2567 751 2627 nullum
770 2568 849 2645 posi-

63 2673 125 2724 tum
144 2662 203 2723 1414
219 2661 397 2726 1444441414444
415 2684 504 2744 44444
525 2669 672 2729 columnas
692 2667 851 2748 praelatas,

63 2763 112 2824 sed
128 2774 242 2838 tantum
259 2780 362 2824 novem
376 2782 465 2844 supra
480 2776 608 2828 castrum
622 2767 730 2829 doloris
739 2779 768 2830 44
779 2787 852 2830 444·

64 2862 144 2926 14144
156 2883 212 2944 pro
222 2864 382 2940 medietate,
398 2866 437 2926 ita
452 2866 531 2945 quod
548 2869 623 2929 14444
638 2869 766 2948 singulas
779 2868 853 2931 duas

64 2965 197 3027 44414144
206 2967 289 3027 locus
300 2985 410 3028 vacuus
422 2986 476 3049 444
487 2969 544 3030 4114
555 2970 672 3032 candela
683 2969 849 3033 baberetur.

64 3062 144 3125 11444
160 3064 330 3147 1144444444
346 3067 456 3131 1414414
470 3087 525 3131 non
542 3088 641 3131 sumus
657 3072 701 3132 usi
707 3093 717 3145 3
731 3071 852 3150 singulis

66 3165 164 3227 diebus
186 3164 216 3227 14
234 3185 300 3229 sero
318 3170 446 3249 pulsatae
460 3180 529 3232 sunt
547 3188 702 3251 campanae
717 3171 852 3236 basilicae

65 3266 209 3346 praefatae
234 3286 290 3346 pro
314 3270 408 3330 4111414
436 3280 622 3333 mortuorum
656 3270 701 3332 114
727 3273 850 3335 crastina

65 3367 194 3429 babendo
206 3412 217 3443 ,
231 3380 320 3447 prout
336 3381 379 3431 444
397 3370 432 3431 14
446 3389 547 3446 444444
564 3383 593 3434 44
611 3371 733 3451 singulis
747 3370 852 3433 ’11414444

65 3466 137 3529 14444
148 3469 300 3548 primordii
310 3470 429 3549 singulis
436 3470 637 3534 cardinalibus
651 3491 702 3552 per
718 3491 852 3534 cursores

66 3566 242 3640 intimatum,
250 3568 314 3646 quis
322 3570 519 3633 cardinalium
533 3573 713 3641 44444144114
724 3575 852 3637 odicium

65 3667 196 3730 lecturus
210 3680 286 3740 erat,
306 3671 384 3748 quod
403 3691 455 3751 per
470 3673 620 3734 sacristam
635 3685 765 3735 nostrum
784 3675 853 3755 ipsis

66 3771 236 3840 cursoribus
257 3770 450 3832 intimabatur.

104 3868 315 3950 Superioribus
332 3871 432 3934 diebus
450 3871 514 3934 itit.
534 3874 596 3936 DD.
612 3874 777 3940 Cardinales
795 3897 851 3938 44-

67 3970 153 4032 144444
170 3989 227 4050 444
241 3984 368 4049 quatuor
387 3977 523 4039 4444441114
536 3978 640 4040 1414411
661 3990 690 4042 44
706 3978 853 4041 44441441

67 4087 145 4133 more
162 4073 250 4133 solito
265 4091 400 4153 personas
419 4078 575 4157 condignas
594 4078 749 4158 deputare,
767 4089 852 4138 man·

66 4169 170 4235 darunt
182 4174 253 4235 milri
268 4194 318 4254 per
333 4175 370 4235 11.
381 4176 710 4254 011444444411441444,
722 4191 754 4240 ut
765 4196 852 4259 prae-

66 4271 135 4334 latos
154 4275 184 4335 14
199 4276 283 4336 curia
298 4277 459 4353 existentes,
479 4292 508 4343 et
526 4279 667 4344 04444444
683 4291 851 4341 enumerem

65 4391 113 4451 444
133 4377 284 4451 nationes,
302 4390 331 4442 et
350 4379 404 4440 sibi
426 4394 649 4460 praesentarem,
671 4392 704 4442 ut
727 4381 852 4449 insibus,

65 4475 196 4537 omnibus
209 4479 344 4560 cognitis,
357 4494 471 4561 possent
487 4501 522 4546 ex
538 4484 594 4546 11114
613 4503 686 4564 quos
698 4485 851 4546 4411444441

66 4577 225 4639 custodiam
240 4577 405 4657 hujusmodi
420 4583 569 4664 deputare,
587 4587 665 4664 quod
685 4567 795 4658 etieci,
815 4603 851 4647 ac

65 4679 207 4755 prosimos
216 4678 251 4740 ll.
266 4680 301 4741 D.
307 4681 334 4743 v
334 4681 551 4747 14444444114414
561 4687 754 4766 praesentari,
766 4685 850 4765 cujus

66 4788 147 4840 tenor
176 4781 347 4859 registratus
374 4794 416 4845 est
441 4784 849 4865 144144144444414144441

66 4888 189 4954 quatuor
209 4876 373 4959 hujusmodi
395 4903 446 4963 per
461 4883 600 4947 nituit
620 4884 849 4949 cardinalesde·

66 4980 155 5054 putati
169 4990 198 5041 44
212 4980 336 5043 44114441
351 4983 534 5065 infrascripti.

105 5077 150 5139 ta
163 5080 289 5161 primam
308 5083 487 5158 4444411444,
500 5085 609 5147 44111444
626 5097 727 5166 portae
747 5084 849 5148 Palatii

68 5179 195 5241 41414444
215 5184 297 5260 prius
325 5183 476 5266 episcopus
495 5184 678 5262 Carriemis,
698 5188 849 5269 deputatas

526 111 731 177 44444444
752 109 854 174 4444
875 111 1021 177 4444444
1043 108 1243 185 4444444444.
1668 116 1707 179 44

922 247 1035 310 1441411.
1059 250 1087 312 14
1106 249 1224 312 Christo
1250 261 1331 332 pater
1355 243 1486 313 dominus
1511 252 1654 314 lohannes
1674 272 1708 315 er

923 350 1074 410 comitibus
1083 350 1394 433 Arminiaeiepiseopus
1404 352 1562 416 Castrensis
1573 353 1601 414 in
1610 355 1706 414 Fron·

922 451 977 523 414,
993 452 1043 529 qui
1057 450 1111 510 sub
1125 470 1155 512 se
1170 450 1271 512 habuit
1285 452 1411 530 qtrinque
1427 453 1543 534 pedites,
1558 455 1603 515 rel
1618 455 1707 515 41444.

963 550 1006 610 11
1022 550 1176 611 secundam
1195 551 1364 624 ettstodiam,
1380 552 1513 615 videlicet
1530 547 1706 634 44444414-

920 648 992 723 14411,
1007 667 1081 729 quae
1102 660 1165 711 erat
1186 650 1326 731 incapite
1346 655 1503 729 scalarum,
1517 673 1575 734 qua
1589 654 1649 716 itur
1670 656 1706 714 ad

920 746 1073 809 Camenam
1092 746 1298 829 Apostolicam,
1318 753 1379 814 4144
1400 753 1429 813 in
1450 753 1521 833 peda
1541 755 1705 828 scalarum,

919 847 1047 929 deputati
1058 849 1176 911 luerunt
1188 862 1403 914 conservatores
1417 852 1554 915 Comatae
1565 853 1667 925 Urbis,
1678 866 1708 915 et

919 946 1019 1029 Capita
1030 951 1192 1028 regionum,
1204 949 1336 1014 videlicet
1347 953 1474 1032 qualibet
1485 952 1707 1015 1144444044-

919 1061 1063 1121 serrator,
1076 1060 1105 1111 et
1120 1049 1179 1110 duo
1193 1050 1294 1130 Capita
1316 1058 1469 1133 regionum
1486 1071 1555 1115 cum
1576 1065 1706 1132 quatuor

919 1150 1032 1211 41411444
1047 1149 1183 1213 Romanis
1204 1152 1347 1214 nobilibus
1367 1166 1487 1234 percos
1506 1153 1653 1232 eligendis.

960 1252 1005 1313 11
1023 1252 1137 1313 tertiam
1152 1253 1324 1328 custodiam,
1337 1273 1411 1333 quae
1422 1265 1486 1316 erat
1505 1257 1534 1315 in
1552 1254 1624 1334 pede
1638 1271 1706 1313 sca-

919 1356 1027 1425 larum,
1044 1353 1149 1430 quibus
1166 1353 1201 1414 de
1219 1354 1340 1418 Camere
1359 1356 1521 1434 1444441144
1542 1353 1705 1416 ascenditur

918 1453 954 1514 ad
969 1453 1135 1527 Palatium,
1153 1454 1282 1535 deputati
1299 1454 1439 1517 suerunt:
1458 1457 1494 1518 D.
1512 1455 1704 1534 blasquardus

918 1555 1073 1616 Brisacber
1083 1553 1193 1617 044444·
1204 1557 1375 1618 serenissimi
1386 1557 1630 1638 lmperatoris,D.
1643 1557 1706 1616 14·

918 1656 1012 1716 uellus
1025 1654 1137 1718 044444
1152 1659 1228 1737 regis
1238 1659 1421 1738 neapolitani,
1430 1657 1466 1717 D.
1476 1658 1593 1720 Florius
1604 1656 1704 1718 11444-

918 1755 991 1815 44114
1008 1752 1118 1818 044444
1133 1758 1211 1835 regis
1224 1756 1408 1836 Ungbariae3
1419 1754 1562 1820 04444444
1576 1758 1705 1832 44444111,

918 1872 992 1915 unus
1006 1855 1089 1916 ducis
1103 1855 1268 1930 Mediolani,
1284 1858 1359 1919 41144
1379 1858 1441 1919 DD.
1457 1859 1706 1932 Florentinorum,

917 1965 946 2018 44
966 1959 1070 2019 tertius
1089 1957 1152 2019 DD.
1173 1957 1353 2020 senensium.

959 2057 998 2119 Et
1012 2056 1177 2118 ordinatum
1197 2056 1264 2129 1414,
1285 2058 1362 2136 quod
1383 2058 1551 2137 1441444114
1569 2057 1706 2120 custodiis

918 2156 1102 2236 hujusmodi,
1121 2155 1168 2217 ubi
1190 2168 1290 2235 portas
1310 2168 1393 2229 sunt,
1414 2155 1516 2219 1144444
1534 2159 1630 2219 claves
1650 2176 1706 2236 op·

918 2270 1070 2337 portunae,
1086 2258 1239 2319 tradendae
1252 2259 1419 2320 custodibus
1436 2259 1598 2339 praedictis.

959 2359 1003 2420 11
1028 2371 1164 2438 quartam
1189 2359 1364 2434 custodiam,
1385 2379 1459 2440 quse
1482 2372 1546 2422 erat
1570 2360 1705 2438 inportu

920 2469 1076 2539 conclavis,
1095 2467 1222 2547 deputati
1241 2467 1371 2527 luerunt:
1384 2483 1439 2544 444
1459 2467 1572 2524 4441444
1586 2479 1706 2541 germa-

919 2568 983 2628 nica
1002 2565 1039 2627 D.
1061 2566 1165 2628 Petrus
1184 2565 1323 2626 14444144
1345 2564 1381 2626 14
1398 2563 1514 2644 0144414
1528 2563 1706 2644 praepositus

919 2667 1150 2730 Tuormaiceusis
1161 2662 1270 2727 Orator
1285 2664 1362 2725 ltu.
1376 2664 1505 2726 bertoldi
1514 2663 1550 2726 de
1559 2661 1707 2742 llembcrg

919 2771 1002 2832 electi
1027 2768 1188 2847 linguntini
1209 2767 1343 2829 electoris
1366 2767 1492 2846 14444411,
1515 2765 1552 2826 l).
1578 2764 1705 2843 Prosper

919 2872 1057 2935 Camillus
1073 2870 1223 2950 episcopus
1237 2866 1421 2929 cathenensis
1436 2863 1547 2928 Orator
1561 2862 1704 2927 illustriss.

919 2972 1104 3036 14144144111441
1129 2970 1210 3032 14414
1235 2981 1290 3032 444.
1317 2969 1378 3030 144
1405 2968 1518 3030 natione
1544 2966 1640 3027 italica
1669 2963 1705 3024 D.

914 3075 1024 3136 Fraus.
1049 3074 1202 3152 episeopus
1228 3070 1374 3149 Regiensis
1392 3066 1503 3131 044444
1530 3065 1706 3128 14414144-

920 3176 1027 3249 444144,
1044 3174 1081 3234 0.
1103 3171 1271 3253 1144441144
1290 3170 1325 3232 14
1344 3169 1457 3232 Ursinis
1474 3167 1707 3247 archiepiscopus

919 3273 1166 3348 11444414441).
1187 3270 1356 3334 leonardus
1375 3267 1708 3347 0411144444141441444-

919 3396 973 3458 pus
983 3378 1211 3450 Beneventanus,
1225 3375 1262 3435 D.
1284 3368 1574 3437 UrbanusdeFlisco
1594 3365 1708 3448 episco-

920 3478 1203 3561 4441444114144414,
1217 3476 1252 3537 D.
1272 3475 1471 3556 Hieronymus
1490 3472 1525 3535 de
1545 3468 1706 3534 Comitibus

919 3582 1070 3662 episcopus
1089 3579 1248 3650 1114444444,
1269 3576 1305 3636 1).
1329 3574 1497 3636 [rudovicus
1513 3572 1549 3634 14
1567 3570 1705 3648 04444444

920 3680 1134 3742 administrator
1152 3681 1339 3742 41444144444
1358 3673 1606 3751 1144444444,441
1626 3689 1706 3731 assc-

920 3800 986 3844 rens
1000 3800 1030 3843 se
1041 3778 1187 3842 inllrmum
1201 3798 1262 3840 esse
1276 3797 1331 3841 non
1345 3775 1505 3857 4444444414
1515 3791 1587 3835 oous
1600 3768 1706 3848 liujus·

920 3881 997 3943 modi
1020 3881 1074 3941 sibi
1102 3881 1306 3952 commissum,
1329 3879 1366 3940 D.
1391 3877 1564 3941 1444414444
1587 3876 1623 3938 14
1642 3872 1704 3936 co-

919 3984 1016 4045 lumne
1027 3981 1187 4044 etlacobus
1201 3980 1237 4042 de
1248 3979 1418 4042 Sermoneta
1429 3979 1511 4041 Sedis
1521 3975 1704 4057 14444411444

919 4082 1138 4164 prothonotarii.
1153 4080 1214 4144 144
1230 4081 1343 4142 mtions
1355 4079 1517 4160 44111441).
1529 4076 1704 4140 Eustacbius

919 4183 1150 4263 archiepiscopus
1159 4181 1343 4253 Arelatensis,
1355 4193 1382 4244 44
1393 4182 1429 4242 D.
1441 4181 1545 4243 Petras
1556 4181 1705 4260 episcopus

919 4283 1111 4346 Nannetensis.
1126 4283 1186 4344 Pro
1204 4283 1317 4344 natione
1332 4282 1476 4362 hispanica
1495 4280 1530 4341 D.
1550 4279 1705 4342 Gondisal·

921 4402 974 4446 rus
995 4384 1104 4445 electus
1122 4383 1377 4456 Darcbinonemis3
1395 4395 1423 4445 44
1445 4372 1629 4462 4444441444
1649 4394 1704 4436 sn-

918 4485 1031 4565 4114444
1043 4484 1079 4545 D.
1097 4484 1240 4545 lohannes
1253 4484 1401 4563 episcopus
1414 4479 1607 4543 Dunecbensis
1624 4474 1704 4538 Dra·

919 4597 966 4647 tor
988 4586 1065 4664 regis
1084 4584 1219 4664 Angliae,
1241 4603 1276 4644 44
1297 4602 1352 4664 444
1372 4582 1488 4662 regione
1514 4575 1703 4639 rlrodianensa

918 4686 950 4747 S.
964 4684 1101 4747 lobannis
1117 4683 1422 4765 11144444144414444111.
1438 4679 1581 4742 lebannes
1590 4675 1704 4739 1144141

918 4786 1066 4866 Virgilius,
1079 4783 1159 4846 miles
1172 4783 1281 4844 ordinis
1295 4783 1393 4845 Sancti
1403 4780 1539 4845 lobannis
1553 4778 1703 4861 praedicti,

916 4884 1173 4966 'iburcapellerius
1186 4882 1305 4944 llodien.

958 4985 1066 5046 Eadem
1082 4985 1127 5047 114
1147 4984 1190 5044 st
1208 4983 1310 5046 mensis
1322 4981 1437 5060 augusti
1453 4980 1585 5061 44441441,
1599 4979 1627 5039 14
1648 4978 1704 5037 ba·

917 5087 995 5149 silica
1013 5083 1111 5147 Sancti
1126 5082 1216 5156 Petri,
1229 5081 1266 5141 sd
1285 5082 1390 5142 ostium
1408 5081 1528 5142 caucelli
1540 5080 1629 5143 lerrei
1649 5097 1702 5157 per

917 5205 1001 5266 quam
1017 5186 1053 5247 ad
1066 5186 1159 5246 altare
1172 5182 1266 5260 majus
1280 5183 1406 5245 14444444
1419 5184 1455 5244 414
1465 5195 1556 5255 extra,
1566 5191 1700 5260 paratum
