3758 6030
47 248 162 335 (tros)

55 387 118 449 lens
139 400 207 447 cum
225 385 325 466 aliquo
347 404 381 447 er
400 386 515 466 Regum
535 384 604 446 iliis
623 385 651 445 io
672 382 753 447 Urbe
774 401 847 446 coo·

55 499 194 548 currente
204 484 263 567 (l),
274 486 478 567 disceptatione
498 489 580 548 locus
595 486 631 548 de
648 485 846 567 praecedentia

48 598 78 650 ct
104 607 140 648 eo
161 606 230 648 casu
262 587 330 648 Dux
354 588 507 650 Mediolani
541 600 661 669 propter
684 591 842 667 potentiam

48 688 257 767 praeferendus
270 715 289 761 ,·
308 701 340 751 et
370 687 528 765 jurandus.
550 691 603 752 llis
623 693 665 753 sic
693 694 843 771 peractis,

50 790 190 871 Princeps
215 792 366 870 praelatus
391 810 409 852 a
430 792 524 855 itera.
546 794 678 854 Dominis
706 793 846 874 Neapoli·

48 903 117 952 tano
138 904 166 953 et
188 891 306 956 Sarmat
328 895 474 973 usquead
488 895 643 975 Apostolos
656 908 686 958 et
701 896 843 977 palatium

48 991 122 1054 Rev.
155 992 270 1054 Domini
304 994 467 1058 Cardinalis
490 998 589 1059 Sattati
609 998 691 1073 Petri
712 999 749 1059 ad
771 1000 844 1062 Vio-
866 1058 870 1075 ,

46 1095 115 1154 cula
130 1138 140 1165 ,
158 1097 188 1154 in
209 1113 269 1172 pao
288 1096 476 1176 hospitandus
496 1112 577 1173 erat,
598 1103 758 1164 associatus
779 1114 844 1176 est,

45 1195 161 1256 medios
181 1196 257 1257 inter
275 1198 388 1260 eosdem
399 1199 570 1263 cardinales
584 1203 751 1282 equitando.
775 1205 845 1266 Post

46 1309 117 1352 eum
133 1303 277 1353 venerunt
299 1296 421 1372 praelati
440 1297 552 1363 Palatii.
572 1298 724 1375 Oratores,
744 1314 773 1364 et
793 1302 844 1365 atii

45 1395 193 1474 praelati,
221 1414 256 1455 eo
285 1396 405 1470 ordine,
427 1417 486 1476 quo
507 1400 542 1463 de
560 1400 708 1466 Laterano
730 1405 766 1463 ad
788 1422 844 1484 pa·

46 1495 152 1556 latium
173 1497 375 1575 Apostolicum
398 1514 545 1564 venerant.
566 1504 641 1566 Com
661 1502 754 1568 essent
777 1517 843 1569 ante

45 1606 164 1677 portam
186 1597 293 1659 Palatii
312 1600 452 1678 praedicti
476 1604 554 1682 ‘apud
570 1607 734 1685 Apostolos,
749 1607 841 1668 Prin-

44 1718 116 1791 ceps
145 1699 350 1764 Cardioalibus
382 1707 492 1784 gratias
521 1727 609 1788 agere
638 1711 754 1784 voluit,
785 1711 842 1773 sed

43 1801 99 1880 ipsi
119 1803 318 1866 antecedentes
342 1805 518 1889 Principem,
534 1811 631 1891 ipsam
647 1831 741 1892 usqua
760 1813 838 1874 intus

44 1904 80 1964 ad
99 1904 253 1966 introitum
283 1926 387 1968 amaus
410 1908 547 1983 bortum,
569 1912 618 1972 ubi
649 1915 727 1974 oltra
750 1915 840 1993 eqtti·

45 2015 110 2067 tare
131 2025 188 2066 non
219 2019 376 2086 poterant,
396 2012 599 2085 associarunt,
619 2025 648 2074 et
668 2014 772 2076 ibidem
794 2014 842 2074 dt..

45 2105 293 2186 misso'Prioeipe
312 2122 494 2171 recesserunt
506 2111 673 2174 cardinales
695 2125 723 2175 et
745 2115 839 2177 Prae·

42 2208 92 2268 lati
107 2227 217 2278 omnes,
233 2209 452 2291 Principe'ipsit
469 2216 579 2292 gratias
594 2233 651 2281 non
670 2217 812 2281 reserante
831 2263 840 2290 ,

40 2311 110 2388 quia
126 2329 182 2371 nox
203 2324 287 2384 erat,
310 2323 339 2375 et
366 2315 424 2394 ipse
438 2315 579 2397 Princeps
597 2338 649 2398 per
661 2317 840 2394 cardinales,

46 2423 79 2471 ut
97 2414 299 2491 proemittitur
313 2459 322 2488 ,
335 2414 450 2496 praeter
476 2419 580 2480 bonam
604 2422 840 2489 consuetudinem

39 2509 140 2573 iuerat
162 2513 367 2588 introductos,
390 2536 424 2579 ex
445 2537 506 2597 quo
520 2518 577 2582 non
595 2524 714 2602 potuit,
735 2535 767 2584 ut
782 2542 839 2603 par

40 2625 116 2687 erat,
136 2616 256 2694 singulis
270 2636 302 2677 se
319 2635 401 2681 more
420 2623 648 2703 solito-gratnm
675 2625 837 2689 ostendere.

41 2716 179 2777 Venimus
199 2728 297 2778 autem
319 2720 491 2801 deputato
513 2727 684 2804 Apostollco
699 2729 735 2787 ad
757 2729 838 2807 Apo·

47 2818 137 2878 atolos
157 2835 210 2896 per
233 2821 309 2878 siam
329 2820 436 2900 Papae:
458 2825 556 2900 molti,
577 2827 683 2888 salmas
704 2828 838 2890 deleren-

46 2927 110 2988 tes,
133 2935 190 2978 noo
210 2933 354 2991 vorarunt
382 2924 418 2982 od
453 2926 594 3004 palatium
615 2928 837 3008 apostolicum,

40 3019 90 3078 aed
113 3021 160 3079 ria
181 3022 317 3101 superios
333 3022 431 3096 dicta,
453 3044 548 3105 utque
562 3030 599 3088 ad
616 3031 739 3093 Pontem
757 3031 838 3093 San·

41 3122 81 3181 cti
104 3121 208 3200 togati
230 3123 304 3183 citra
327 3135 445 3195 tameo,
465 3139 495 3188 et
513 3129 619 3192 ibidem
640 3132 676 3191 ad
699 3132 835 3194 dextram

41 3240 146 3283 versus
167 3224 309 3302 palatium
330 3224 491 3288 Cardmalls
518 3230 682 3293 Parmensis
708 3252 738 3293 se
766 3254 858 3300 verr

40 3333 143 3393 tentes,
165 3336 245 3386 recta
268 3327 313 3385 ria
334 3327 371 3386 ad
391 3329 546 3407 Apostolos
564 3329 758 3395 diverterunt.

85 3424 173 3486 Paria
201 3436 389 3514 quartariis
412 3429 581 3502 decembris,
602 3433 659 3495 init
681 3436 829 3514 poblicum

40 3526 246 3587 consistorium
278 3528 306 3587 io
338 3530 426 3591 tertia
456 3533 522 3593 aulo
552 3535 661 3613 palatii
676 3537 836 3615 Apostolici

40 3626 119 3704 apud
143 3626 282 3688 Sanctum
303 3629 447 3716 Petrum,
470 3632 498 3692 io
528 3653 587 3712 quo
609 3647 736 3714 quatuor
753 3634 835 3698 Ora·

40 3725 831 3815 toresdlagnidcoranomiooromAugustiniddurni

38 3827 252 3890 Gubernatoris
270 3828 450 3903 Oenttensis,
471 3845 499 3894 et
531 3834 649 3897 Docalis
675 3835 836 3899 Locumte-

39 3930 134 3990 nentis
151 3948 186 3990 ac
211 3930 331 3992 Consilii
357 3933 556 3995 dacianoram
585 3938 752 3998 communis
772 3938 834 4000 Ge·

40 4047 136 4098 nune,
159 4030 290 4092 videlieet
312 4031 347 4090 D.
374 4031 500 4093 Jacobos
518 4035 637 4113 Spioola
672 4038 829 4116 utriusque

39 4130 122 4190 duris
137 4129 250 4201 doctor,
264 4130 409 4191 lohannes
424 4133 554 4210 Baptista
571 4134 728 4207 adornas,
751 4138 833 4197 Pau·

41 4231 86 4290 los
106 4230 142 4291 de
160 4231 254 4291 Fusco
275 4243 304 4291 et
316 4230 574 4293 SilscsterInureo
590 4234 675 4295 Cives
691 4235 834 4297 Ganuen-

39 4350 95 4402 ses,
108 4331 223 4392 nomine
234 4330 445 4393 Gubernatoris
460 4331 695 4397 bocumteoentis
713 4347 742 4397 et
756 4336 835 4398 Con-

39 4429 96 4490 silii
128 4431 365 4508 praedictorum,
398 4433 605 4510 praestiterunt
644 4434 834 4496 obedientiam

41 4529 193 4601 debitam,
212 4541 241 4591 et
256 4529 399 4605 devotam.
416 4533 560 4594 desociati
577 4533 697 4595 luerunt
711 4554 728 4593 a
743 4535 835 4612 quin·

42 4649 101 4708 que
127 4631 276 4711 praelatis
308 4630 529 4703 assistentibus,
551 4633 687 4702 videlicet
704 4634 835 4696 Dominis

41 4731 276 4812 acchiepiscopis
306 4730 465 4792 Cusentino
491 4745 520 4794 et
535 4733 750 4806 Tricoriceosi,
771 4735 835 4797 Do·

42 4832 160 4902 lenensi,
170 4831 402 4900 vulterranensi,
422 4850 458 4892 ac
479 4833 674 4896 Alexandrino
683 4833 833 4914 episcopis.

40 4932 212 5013 Pomositae
244 4930 366 4994 luerunt
393 4933 710 4995 duae-commissiones.
733 4934 833 4996 Prima

39 5053 93 5115 per
129 5033 288 5094 Dominum
308 5033 468 5096 Jolsamtem
495 5033 651 5114 baptistam
673 5034 708 5095 de
724 5034 756 5095 S.
776 5035 834 5097 Se·

40 5136 154 5218 verino.
178 5136 314 5196 Secunda
346 5155 399 5216 per
420 5137 455 5197 D.
484 5137 630 5199 lustinum
649 5138 831 5200 Valentinum

77 5352 114 5412 (t)
132 5349 196 5399 Vide
208 5361 267 5412 pag.
280 5349 335 5406 178,
352 5350 405 5398 179.

525 244 812 310 canusinatus
833 245 1058 311 auaxaauttt
1079 248 1208 311 suxit.

898 383 1098 448 vAdvocatum
1128 385 1228 460 Fisci,
1266 398 1367 449 contra
1402 387 1573 464 Praelatos,
1605 394 1703 473 negli-

1639 257 1704 318 iii

913 495 1011 565 gentes
1045 486 1157 547 litteras
1185 498 1215 548 et
1254 486 1388 548 mandata
1417 489 1590 571 Apostolica.
1619 491 1704 556 Oro·

914 588 1019 649 tionem
1041 587 1109 648 lecit
1139 588 1251 667 primus
1271 586 1455 662 Oratorum,
1478 593 1610 658 videlicet
1639 595 1706 657 Do·

913 688 1010 751 minus,
1032 687 1158 751 lacobus
1180 689 1320 769 Spionia,
1337 702 1369 755 et
1387 694 1609 773 elegantissime
1624 697 1698 775 qui,

911 797 941 847 et
962 789 1131 853 consistorio
1146 790 1391 864 antam-fimbrias
1410 797 1587 876 posteriores
1607 797 1705 880 Papae

912 907 993 952 snare
1008 892 1092 954 solito
1103 895 1242 972 portarit.

952 989 1036 1052 Faria
1056 1005 1145 1066 msto,
1162 1012 1210 1057 xx
1237 995 1306 1057 dicti
1333 998 1437 1061 mansis
1452 997 1624 1075 decembris,
1648 1002 1706 1065 luit

912 1090 1063 1170 publicum
1086 1096 1292 1158 consistorium
1314 1098 1390 1178 inp.
1413 1099 1540 1179 majore,
1564 1102 1700 1166 videlicet

911 1193 978 1252 aula
1006 1197 1112 1272 palatii¹
1132 1198 1313 1278 supradicti,
1330 1200 1370 1274 ¹io
1388 1219 1449 1280 quo
1468 1200 1542 1264 Rev.
1565 1203 1593 1262 io
1608 1201 1704 1264 Citri-

910 1306 954 1356 sto
973 1295 1006 1357 P.
1024 1296 1062 1356 D.
1076 1297 1238 1379 Episcopus
1255 1300 1489 1364 Balneoteusiset
1503 1302 1540 1364 D.
1557 1304 1701 1368 tonanter
1752 1310 1756 1312 ’

911 1394 1704 1482 attractatamOratoresserenta.ttenriet,tngttae

909 1509 938 1558 ct
948 1499 1089 1560 Francius
1102 1499 1189 1579 Regis
1200 1503 1228 1562 io
1239 1500 1319 1564 Urbe
1329 1499 1393 1578 jam
1406 1502 1455 1564 diu
1466 1521 1483 1562 a
1495 1514 1623 1584 tempore
1634 1505 1702 1566 loe·

911 1597 972 1658 licis
994 1598 1221 1664 reminiscentiae
1231 1602 1390 1665 maurentii
1403 1603 1498 1684 Papae
1508 1605 1575 1667 vul
1590 1607 1702 1666 consti·

910 1697 1051 1779 tuti,(qoi
1072 1702 1184 1764 litteras
1210 1702 1265 1763 sub
1280 1703 1346 1766 data
1361 1722 1392 1768 ιι
1412 1705 1516 1768 mensis
1530 1706 1700 1786 septembris

908 1802 1037 1881 proxime
1057 1803 1206 1881 praeteriti
1236 1823 1252 1864 a
1281 1804 1412 1884 praelato
1429 1804 1510 1886 Rege
1528 1818 1702 1886 receperunt

907 1896 995 1980 super
1007 1901 1167 1964 obedientia
1187 1903 1241 1965 SS.
1264 1904 1300 1966 D.
1314 1903 1347 1964 li.
1366 1903 1566 1988 praestanda),
1586 1908 1702 1968 nomine

907 1999 1035 2080 ejtssdem
1063 2005 1143 2084 ragis
1170 2005 1360 2073 obedientiam
1388 2006 1513 2069 debitam
1541 2007 1700 2086 praestita.

907 2114 986 2164 runt.
1009 2100 1177 2166 Orationem
1211 2105 1280 2167 lecit
1302 2108 1449 2187 praelatus
1468 2107 1504 2168 D.
1525 2106 1699 2187 Episcopus,
1802 2144 1804 2147 -

906 2201 977 2265 benc
1008 2214 1038 2264 et
1069 2205 1216 2284 eleganter·
1249 2208 1461 2286 compositam,
1492 2207 1541 2277 sed
1574 2218 1694 2287 propter

907 2300 1095 2382 inexpeditam
1115 2304 1310 2383 expressivam
1338 2303 1490 2382 ejusdem,
1510 2307 1695 2368 audientibus

907 2402 1003 2463 minus
1021 2415 1145 2482 gratam.
1164 2406 1306 2468 desociati
1319 2406 1441 2467 luerunt
1461 2407 1515 2487 ipsi
1535 2407 1594 2469 duo
1615 2404 1697 2468 Ora·

905 2511 983 2565 tores
1004 2524 1038 2566 cx
1058 2505 1182 2567 Camere
1198 2508 1374 2586 apostolica,
1391 2507 1440 2569 ubi
1460 2507 1573 2570 Notarii
1587 2507 1696 2582 sedent,

905 2601 942 2661 ad
973 2605 1071 2664 aulam
1092 2606 1271 2685 praedictam
1300 2626 1354 2686 per
1374 2619 1503 2685 quatuor
1525 2607 1701 2683 assistentes,

907 2703 1041 2765 videlicet
1062 2703 1263 2778 cusentinam,
1283 2706 1483 2780 Doleneosem,
1502 2707 1700 2774 vulteranen-

905 2824 964 2866 sem
995 2816 1025 2866 et
1060 2806 1306 2880 Alexandrinum
1328 2808 1451 2869 osculati
1486 2818 1553 2869 suot
1574 2808 1699 2887 pedatu,

904 2923 1024 2967 manum
1046 2917 1075 2968 et
1095 2925 1128 2967 os
1160 2905 1255 2986 Papae
1274 2918 1341 2968 ante
1375 2906 1528 2968 literarum
1555 2927 1697 2988 praesen-

906 3007 1063 3081 tationem3
1081 3017 1110 3068 et
1130 3025 1234 3068 eorum
1257 3006 1375 3081 lamilia,
1398 3008 1569 3069 consistorio
1590 3007 1695 3080 finito,

904 3107 940 3167 ad
957 3105 1043 3189 >pedis
1065 3108 1199 3169 osculum
1231 3126 1282 3186 per
1304 3108 1413 3188 Papam
1447 3118 1583 3187 recepta,
1605 3119 1695 3188 prout

904 3226 956 3286 per
978 3226 1068 3270 novos
1090 3204 1235 3269 Oratores
1256 3207 1292 3268 ad
1314 3209 1432 3270 Curiam
1456 3227 1512 3287 pro
1533 3207 1698 3282 obedientia

905 3309 1075 3386 praestanda
1093 3310 1235 3369 senentes
1253 3320 1401 3370 eteorum
1419 3310 1543 3369 familias
1559 3310 1587 3368 in
1603 3311 1693 3379 simili

903 3419 971 3470 actu
994 3407 1057 3470 fieri
1092 3411 1252 3470 consuevit.
1275 3409 1444 3489 Propositus
1477 3410 1596 3479 luerunt
1621 3410 1696 3473 duae

903 3509 1129 3581 commissiones,
1143 3510 1239 3589 prima
1262 3530 1313 3591 pet·
1332 3509 1368 3570 D.
1385 3507 1581 3571 Octavianum
1602 3510 1697 3572 Sues·

903 3628 1028 3682 sanum,
1050 3609 1173 3670 mcunda
1200 3631 1252 3691 per
1274 3610 1310 3671 D.
1331 3610 1479 3671 lustinum
1508 3612 1695 3675 Valentinum

903 3711 1085 3784 Advocatum
1107 3711 1193 3772 Fisci.

944 3811 1014 3873 lieri
1036 3832 1103 3876 sero
1134 3814 1349 3874 illustrissimus
1381 3814 1500 3874 Doonus
1531 3813 1689 3875 Pedericus

902 3912 937 3974 de
958 3914 1114 3993 diagono,
1126 3914 1266 3994 Princeps
1287 3916 1468 3988 Altomurae,
1488 3916 1566 3975 venit
1578 3916 1614 3975 ad
1633 3915 1695 3976 Pa·

902 4013 1025 4087 latium,
1049 4026 1078 4077 et
1098 4015 1275 4076 audientiam
1297 4026 1439 4076 secretam
1474 4012 1576 4075 habuit
1597 4033 1613 4074 a
1634 4013 1691 4074 SS.

901 4110 1105 4194 mmmm
1170 4186 1172 4188 .
1284 4168 1286 4174 .
1425 4114 1432 4121 Ἰ

944 4214 1094 4274 Domioiea
1128 4213 1214 4275 tertia
1236 4213 1407 4285 Adventus,
1430 4232 1485 4276 xvt
1510 4211 1694 4288 decembris,

904 4313 976 4374 ller.
1019 4313 1103 4395 Dom.
1136 4313 1301 4375 Cardinalis
1334 4312 1496 4390 Parmensis
1538 4313 1697 4376 celebravit

901 4415 1018 4475 Missam
1046 4414 1226 4488 solemnem,
1249 4416 1277 4475 in
1307 4417 1436 4496 cappella
1459 4411 1593 4491 majore,
1612 4414 1693 4493 Papa

901 4525 1060 4595 praesente,
1072 4516 1214 4575 consuetis
1231 4514 1423 4577 caerimoniis.
1441 4516 1611 4579 Sermonem
1624 4515 1692 4575 lecit

901 4624 1077 4695 procurator
1093 4614 1207 4691 ordinis
1227 4615 1445 4677 Heremitorum
1460 4614 1561 4676 Sancti
1583 4614 1692 4692 dugu-

900 4716 976 4775 stioi.
998 4714 1184 4795 interrogari
1206 4727 1272 4777 anta
1293 4716 1410 4777 ldissam
1437 4715 1492 4777 SS.
1516 4716 1551 4776 D.
1574 4712 1632 4784 N.,
1653 4732 1691 4773 aa

901 4814 1045 4877 Sanctitas
1067 4814 1127 4876 Sua
1155 4815 1313 4879 intenderet
1332 4817 1483 4878 idatutinis
1508 4814 1600 4876 noctis
1627 4813 1689 4875 Na·

899 4918 964 4978 talis
986 4917 1099 4978 Domini
1114 4906 1272 4990 interesse,
1293 4917 1356 4978 Deo
1378 4918 1492 4978 volente
1504 4937 1516 4990 ;
1538 4934 1624 4993 quem
1645 4915 1687 4975 sic

899 5016 1104 5096 interrogavi,
1125 5036 1212 5096 quem
1234 5016 1364 5078 ordinem
1388 5016 1473 5078 vellet
1499 5016 1529 5076 in
1547 5015 1687 5076 decanta·

898 5118 976 5180 tione
997 5117 1154 5178 lectionum
1180 5118 1350 5190 observari,
1375 5135 1443 5179 cum
1463 5129 1556 5178 essent
1576 5118 1686 5197 plures.

822 5277 832 5285 ,
898 5217 1076 5299 Respondit,
1098 5220 1214 5298 quodsi
1236 5219 1296 5299 ipse
1315 5218 1466 5280 lectionem
1487 5217 1624 5280 dicturus
1638 5238 1689 5291 ese

898 5330 953 5395 set,
969 5322 1122 5404 contenire
1142 5321 1300 5395 rideretur,
1317 5319 1394 5400 quod
1413 5321 1501 5383 etiam
1520 5319 1687 5386 Cardioalea
