3758 6030
160 215 222 280 abu
651 211 936 283 consumatus
956 215 1180 279 thlihllllRl
1202 215 1331 280 SEX'l'l.

201 349 343 431 Legatos,
363 360 481 432 accepta
502 351 600 428 mitra,
619 354 787 431 procumbit
808 354 837 415 in
858 354 949 416 taldi-

161 454 256 515 stcrio
277 456 307 514 in
330 470 388 533 quo
409 454 525 517 sedebat
545 455 583 515 ad
605 456 696 518 altare
719 475 830 518 versus.

202 554 368 616 Scobellum
391 557 508 635 ponitur
542 575 596 636 pro
629 557 797 619 cantoribus
828 557 857 618 iu
890 555 949 620 line

161 656 348 736 presbyterii,
368 675 427 735 qua
444 658 536 738 positu
558 656 645 731 libro,
666 658 726 718 duo
747 668 879 718 cantores
903 656 949 716 di-

163 767 233 816 ctmt
256 757 414 833 laetanias,
435 759 497 818 aliis
519 759 686 818 cantoribus
706 759 734 817 in
757 755 877 837 pristino
898 774 950 817 eo·

163 874 232 916 rum
254 858 319 918 loco
340 859 556 920 remanentibus
572 867 600 918 et
616 857 683 937 ipsis
702 855 949 938 respondentibus.

248 955 354 1018 Sancte
376 959 463 1020 Petne

248 1056 353 1119 Sancte
374 1060 465 1120 Paule

247 1157 354 1220 Sancte
372 1161 503 1223 ianuarii
539 1209 551 1238 ,

205 1256 291 1318 Dicto
307 1260 338 1319 in
353 1259 487 1322 baetonia
509 1277 545 1327 ut
560 1270 742 1351 obsequium
762 1276 831 1343 etc,
851 1267 950 1346 surgit

164 1353 292 1436 Legatos
307 1378 375 1419 cum
395 1362 505 1436 mitra,
526 1376 555 1427 et
575 1381 696 1448 accepto
715 1369 744 1428 iu
763 1370 878 1429 sinistra
895 1367 952 1426 ba·

164 1457 233 1518 culo
248 1462 401 1538 pastorali,
416 1474 494 1526 stans
514 1486 615 1529 sersus
631 1470 668 1530 ad
685 1470 794 1549 Regem
815 1479 951 1549 prostra-

164 1565 239 1630 tum,
257 1560 328 1620 dicit
350 1561 378 1621 in
398 1576 487 1624 cautu
505 1564 654 1642 Laecania,
677 1572 811 1631 othone
832 1579 886 1629 etc.

206 1656 285 1718 ldem
304 1660 436 1736 iaciunt,
456 1674 485 1725 et
508 1666 606 1728 dicunt
625 1670 746 1748 praelati
770 1686 868 1730 omnes
882 1686 950 1728 cum

164 1760 258 1819 mitris
276 1761 305 1820 in
322 1763 382 1823 suis
400 1765 471 1824 locis
489 1768 643 1845 genuflexu
663 1782 725 1830 tum
745 1768 873 1849 laegatus
892 1769 950 1829 ite·

164 1876 233 1919 rum
266 1862 452 1940 procumbit,
480 1876 520 1926 ut.
541 1867 638 1948 prins,
666 1880 695 1930 et
717 1871 836 1931 laetania
861 1866 952 1949 perb-

166 1960 254 2019 cilur.
284 2018 285 2021 ,
638 1990 640 1995 ⁴

206 2057 300 2120 Finita
321 2063 451 2140 laetania,
465 2068 563 2148 surgit
577 2068 724 2149 Legatos,
747 2072 874 2152 deposita
894 2071 952 2131 mi·

165 2168 234 2233 tra,
261 2172 291 2222 et
317 2174 394 2225 stans
420 2187 520 2228 versus
552 2170 589 2229 ad
620 2171 730 2250 Regem
767 2182 950 2252 prostratum

166 2258 236 2320 dicit
257 2263 431 2344 intelligibili
454 2287 526 2329 voce
547 2270 666 2348 legenda
682 2315 691 2344 ,
710 2283 741 2333 et
760 2292 798 2333 ne
817 2290 874 2333 nas
894 2281 949 2332 etc.

165 2375 234 2419 com
256 2362 319 2421 aliis
339 2375 369 2425 et
387 2364 500 2427 duabus
524 2370 714 2431 orationibus.
772 2443 779 2460 st

206 2459 285 2520 ldem
305 2464 387 2540 plone
409 2469 532 2545 praelati
550 2488 649 2532 omnes
668 2473 697 2531 iu
715 2472 775 2532 suis
799 2472 872 2534 locis
892 2472 952 2532 sine

165 2558 262 2619 mitris
278 2562 419 2638 genuilcxi
435 2566 544 2629 dicunt.
565 2570 618 2629 llis
638 2571 731 2645 dictis,
754 2571 884 2650 Legatos
905 2592 954 2632 se·

166 2659 209 2719 dit
222 2674 340 2741 accepta
357 2665 443 2724 mitra
458 2679 513 2727 etc.
527 2667 637 2729 Coram
654 2669 766 2749 Legata
781 2689 869 2750 super
884 2689 954 2732 cos·

165 2761 263 2820 sinum
283 2763 480 2841 genuflectunt
493 2785 602 2829 omnes.
619 2770 746 2830 Praelati
766 2789 864 2832 omnes
885 2790 954 2833 cum

166 2862 262 2923 mitris
295 2865 487 2926 circumstant
521 2867 550 2928 io
583 2871 704 2932 modum
737 2890 863 2935 coronae
891 2884 956 2954 post

170 2961 289 3043 Regem.

210 3063 344 3126 illudatur
366 3066 523 3130 brachium
544 3071 678 3133 dextrum
701 3073 809 3154 Regis,
829 3085 860 3136 et
880 3075 955 3137 inter

171 3168 303 3246 scapulas
317 3169 474 3247 ampliatur
489 3176 574 3233 vestis
586 3175 736 3254 superior,
750 3177 876 3237 solvitur
887 3178 955 3250 alia,

174 3266 339 3347 diploidus‚
361 3279 390 3329 et
412 3271 536 3332 camisia.

212 3369 372 3448 hecclptos
393 3368 487 3451 Papae
519 3392 585 3435 cum
608 3394 677 3437 raso
698 3377 753 3438 olai
774 3377 956 3439 cathecumi-

174 3486 278 3530 norum
300 3481 354 3531 stet
374 3489 392 3530 a
413 3471 519 3533 dextris
536 3474 647 3555 Legati.

211 3566 351 3628 Dominus
370 3570 568 3635 barnardinus
590 3575 737 3639 Gambara
764 3578 957 3641 subdiaconus

169 3667 352 3747 Apostolicus
373 3689 441 3731 curo
463 3692 549 3734 vasca
580 3687 610 3736 et
635 3678 765 3741 bombice
791 3691 847 3743 stet
867 3701 957 3762 prope

171 3765 282 3828 dictum
304 3773 480 3851 accolytum.
735 3835 737 3838 .

212 3867 352 3949 Legatos,
373 3872 506 3951 depositis
524 3875 678 3939 cirothecis
693 3888 721 3941 et
736 3879 865 3961 incoepta
887 3902 958 3959 ora-

170 3971 246 4032 tione
265 3971 350 4034 Dens
368 3972 430 4034 Dei
444 3976 547 4055 filins,
569 3989 599 4038 et
620 3997 711 4058 usque
733 3981 770 4039 ad
791 3961 881 4042 verba
904 3985 958 4046 be·

171 4072 381 4135 nedictionam
399 4074 550 4157 infundat
562 4079 700 4141 inclusive
716 4081 893 4157 continuata,
912 4086 959 4143 in·

170 4169 263 4233 tincto
283 4175 388 4252 pollice
409 4177 526 4239 dexteru
545 4181 573 4242 in
598 4181 656 4242 olio
676 4183 957 4261 cathecuminorum,

169 4270 284 4351 inungit
305 4274 456 4338 brachium
474 4281 606 4342 dextrum
629 4283 717 4364 Regis
740 4285 814 4347 inter
832 4282 959 4362 junctu·

171 4389 236 4432 ram
251 4393 354 4437 monos
369 4389 397 4439 et
410 4380 500 4441 cubiti
515 4382 551 4441 ab
567 4385 643 4445 intra
665 4386 692 4446 in
713 4388 834 4449 modum
850 4389 958 4462 crucis,

170 4487 199 4536 et
219 4476 352 4540 bombice
373 4479 494 4562 desuper
516 4487 609 4563 posita
631 4505 665 4546 ac
687 4487 774 4549 fascia
797 4508 849 4569 per
870 4509 959 4568 prae·

170 4576 284 4637 dictum
300 4578 514 4642 Bernardiuum
531 4583 629 4663 ligata,
645 4585 757 4666 inungit
772 4587 872 4648 eudem
893 4589 959 4667 pol-

171 4677 226 4741 lice
253 4697 321 4742 cum
353 4683 419 4743 oleo
448 4683 597 4763 praedicto
628 4687 762 4749 eumdem
795 4706 895 4766 regem
930 4688 958 4747 in

175 4780 296 4842 modum
328 4782 434 4845 Crucis
454 4785 529 4847 iuter
550 4789 704 4868 scapulas,
732 4798 763 4849 et
798 4788 957 4850 bombicem

171 4882 296 4964 desuper
317 4887 423 4965 pouit;
442 4886 606 4966 religantur
627 4889 744 4950 mmisia
760 4932 769 4962 ,
787 4889 957 4969 diploidus‚

171 4994 201 5046 et
227 5002 318 5065 parva
346 4986 432 5045 vestis
458 5003 493 5046 ac
520 4989 575 5048 alia
597 4988 719 5068 desuper
746 4999 905 5069 aptantur3
930 5002 956 5051 et

173 5081 242 5142 dum
270 5085 425 5165 praemissa
447 5087 526 5161 iacit,
541 5086 668 5168 Legatos
695 5085 768 5147 nihil
795 5087 886 5161 dicit,
909 5089 957 5148 sed

173 5187 336 5263 praemissis
351 5170 505 5266 expeditis,
514 5188 663 5249 continuat
675 5188 781 5250 dictam
796 5190 956 5252 orationem

174 5303 267 5365 usque
288 5287 324 5345 ad
345 5285 430 5348 duem
439 5331 450 5362 ,
462 5298 531 5350 tunc
548 5288 616 5350 dicit
635 5290 722 5351 aliam
737 5290 779 5351 illi
793 5301 956 5367 sequentem

610 1069 626 1146 (
633 1065 683 1127 bis
705 1065 868 1145 dicutur).

1701 214 1809 299 (tros)

1021 352 1165 428 videlicet,
1179 352 1382 436 Omnipotens
1396 352 1583 432 sempiterne
1598 350 1686 414 Dens
1701 356 1713 411 t
1731 351 1807 413 ldsm

1020 454 1120 516 dicunt
1150 473 1248 517 omnes
1280 453 1398 535 praelati
1427 454 1509 532 plane
1534 462 1629 512 tamen
1658 452 1805 530 legendae

1021 555 1127 634 quihus
1147 555 1233 615 dictis
1244 599 1253 629 ,
1269 555 1391 636 praelati
1413 554 1465 634 ipsi
1486 552 1522 611 ad
1537 569 1589 611 sua
1611 552 1677 611 loca
1700 570 1803 611 reser-

1019 665 1130 716 tuntur.

1059 755 1162 816 Finitis
1183 754 1369 817 orationibus
1389 754 1556 835 praedictis,
1577 753 1677 832 surgit
1695 752 1768 823 Rex,
1782 762 1809 813 et

1020 853 1148 935 Legatos
1171 859 1250 917 lavat
1275 875 1379 917 manus
1402 874 1469 916 cum
1491 855 1618 915 medulla
1651 854 1757 933 panis,
1783 863 1811 913 et

1026 956 1163 1034 extergit:
1186 968 1248 1016 tum
1271 957 1379 1035 etipse
1402 958 1508 1034 surgit:
1529 966 1706 1014 amarentur
1728 951 1810 1011 ambo

1019 1055 1200 1130 faldistoria,
1222 1068 1251 1116 et
1271 1056 1350 1116 aliud
1372 1055 1568 1116 faldistorium
1594 1072 1664 1113 curn
1689 1051 1811 1112 scabello

1019 1168 1047 1218 et
1063 1156 1176 1217 duobos
1192 1159 1313 1217 cussinis
1327 1156 1448 1237 poscitur
1466 1158 1494 1219 in
1518 1156 1605 1236 plano
1622 1172 1726 1214 sersus
1745 1171 1810 1213 cor·

1020 1276 1058 1317 nu
1070 1257 1221 1337 Evangelii
1234 1257 1411 1337 competendi
1425 1255 1561 1316 distantia
1578 1257 1705 1334 aprima
1718 1251 1810 1330 grado

1020 1359 1131 1431 altaris,
1148 1358 1280 1419 videlicet
1293 1359 1370 1418 circo
1381 1357 1471 1435 palmi
1485 1372 1548 1417 xrr.
1564 1356 1609 1415 sel
1623 1371 1679 1415 xv.
1692 1352 1741 1410 ubi
1755 1351 1811 1411 Rex

1020 1460 1190 1538 genuflectit
1210 1459 1247 1518 ad
1268 1476 1360 1519 cornu
1381 1456 1532 1543 Evangelii
1551 1473 1666 1517 uersus.
1688 1452 1812 1530 Legatos

1021 1570 1100 1619 stans
1114 1570 1181 1619 aute
1196 1560 1331 1619 ultimum
1352 1557 1477 1636 gradum
1500 1557 1627 1626 altaris,
1652 1555 1725 1614 iacit
1745 1570 1812 1614 con·

1019 1663 1170 1724 tassionem
1199 1682 1266 1724 cum
1301 1663 1441 1723 ministris
1462 1665 1521 1720 suis
1544 1659 1709 1739 maioribus
1738 1656 1811 1737 apud

1020 1783 1087 1827 eum
1108 1764 1273 1845 genuflexis.

1083 1865 1222 1926 Cantores
1240 1865 1340 1925 dicunt
1359 1862 1512 1924 introitum
1534 1874 1563 1924 et
1581 1863 1706 1942 praelati
1726 1861 1808 1923 etiam

1020 1965 1080 2026 bini
1100 1976 1128 2028 et
1149 1966 1209 2025 bini
1230 1965 1260 2025 in
1287 1965 1347 2024 suis
1369 1965 1440 2026 locis
1472 1973 1578 2026 stantes
1604 1963 1808 2024 consessionem

1020 2065 1131 2125 dicunt.

1063 2167 1151 2227 Facta
1174 2163 1507 2246 contessione,lscgatus
1525 2165 1636 2226 accedit
1656 2165 1694 2226 ad
1716 2168 1813 2237 altare,

1020 2269 1172 2328 osculatur
1193 2268 1267 2328 illud
1299 2269 1327 2328 in
1349 2268 1466 2343 undio,
1496 2279 1527 2328 et
1558 2266 1757 2345 Evangeliom
1778 2285 1808 2328 ex

1023 2365 1352 2446 libroEvangeliorum3
1372 2369 1493 2447 imponit
1515 2369 1675 2439 incensum,
1686 2370 1809 2427 incensat

1022 2469 1136 2541 altare,
1160 2469 1265 2548 accipit
1280 2469 1399 2527 mitram
1421 2470 1448 2528 in
1465 2485 1557 2529 cornu
1579 2467 1753 2546 Epistulae,
1771 2467 1815 2527 ubi

1024 2568 1212 2642 incensatur,
1233 2582 1263 2629 et
1285 2568 1343 2649 ipsc
1366 2568 1511 2630 descendit
1531 2567 1568 2626 ad
1598 2568 1815 2639 faldistorium

1024 2669 1096 2748 legit
1125 2671 1305 2743 lutroitum,
1327 2669 1520 2749 Kyrieleysou
1542 2679 1571 2730 st
1596 2669 1771 2748 proceditur
1790 2671 1814 2729 io

1024 2770 1109 2830 lllissa
1137 2788 1229 2848 usque
1243 2769 1280 2829 ad
1293 2788 1410 2830 versum
1434 2770 1521 2848 primi
1542 2770 1688 2853 Alleluia
1717 2770 1810 2830 inclu-

1024 2871 1097 2930 sive.
1209 2941 1214 2947 ³

1066 2971 1141 3045 Rex,
1157 2971 1232 3033 iacta
1250 2971 1435 3045 consessione,
1454 2973 1562 3051 surgit,
1579 2982 1608 3034 et
1627 2971 1664 3031 ab
1685 2972 1751 3031 aliis
1767 2989 1812 3029 as·

1024 3073 1151 3134 sociatus
1184 3072 1298 3132 duobus
1329 3072 1388 3132 suis
1419 3072 1650 3144 assistentibus,
1684 3071 1813 3131 videlicet

1025 3173 1212 3255 Neapolitano
1229 3182 1257 3232 et
1273 3171 1471 3246 Antiochensi,
1492 3174 1580 3232 intrat
1602 3173 1631 3232 in
1653 3171 1812 3232 sacristiam

1025 3292 1120 3346 suam,
1141 3272 1262 3333 seditio
1284 3271 1368 3345 sede,
1392 3272 1454 3333 sire
1477 3274 1504 3332 in
1525 3272 1689 3333 faldistorio
1712 3272 1810 3333 ibidem

1025 3375 1080 3433 sibi
1102 3385 1227 3453 paratos
1249 3372 1346 3435 sedent
1365 3384 1395 3434 et
1427 3373 1470 3434 illi
1501 3372 1560 3433 dno
1591 3374 1756 3434 assistentes
1785 3374 1811 3432 in

1025 3475 1086 3534 suis
1118 3473 1250 3534 scabellis
1293 3474 1333 3535 eis
1368 3475 1439 3533 illue
1471 3475 1640 3553 apportatis.
1676 3474 1813 3534 Dominus

1027 3574 1225 3636 Bernardlmts
1254 3573 1447 3634 subdiaconos
1480 3574 1663 3653 Apostolicos
1695 3573 1814 3652 extergit

1028 3675 1159 3737 bombice
1180 3675 1336 3736 brachium
1370 3674 1480 3753 Regis,
1514 3687 1542 3735 et
1572 3676 1646 3736 inter
1668 3679 1812 3755 spatulas:

1027 3780 1179 3856 reponitur
1199 3777 1332 3837 bombice
1365 3778 1394 3836 in
1416 3777 1503 3837 bacili
1526 3777 1631 3837 ibidem
1663 3788 1768 3856 parato
1784 3788 1810 3836 et

1030 3878 1066 3936 ad
1088 3876 1319 3938 comburendum
1339 3888 1478 3957 portat03
1501 3888 1529 3938 et
1548 3887 1667 3957 aptatur
1691 3877 1813 3945 cambia,

1028 3977 1195 4059 diploidus‚
1217 3989 1245 4038 ct
1266 3997 1357 4058 parva
1386 3979 1482 4039 vestis.

1070 4080 1262 4158 imponuntur
1282 4078 1355 4157 Regi
1372 4078 1481 4157 caligae
1502 4077 1537 4138 de
1555 4078 1687 4138 setunino
1704 4093 1813 4136 creme·

1027 4179 1091 4240 sino
1117 4190 1147 4238 et
1168 4177 1297 4238 condalio
1320 4178 1356 4238 dc
1376 4178 1562 4240 damaschino
1583 4178 1651 4240 albu
1672 4188 1813 4238 recasnata

1028 4278 1084 4340 iilis
1105 4280 1202 4340 astreis
1220 4289 1250 4339 et
1270 4280 1413 4358 argenteis
1434 4281 1495 4340 siue
1517 4280 1629 4358 perlis,
1651 4289 1681 4338 et
1712 4278 1815 4356 absqtu

1028 4381 1172 4461 lapidibus
1196 4378 1339 4460 pretiosis.

1072 4481 1177 4558 Surgit
1198 4479 1282 4552 llex,
1303 4491 1332 4541 et
1355 4490 1433 4540 veste
1450 4499 1567 4560 magna,
1583 4480 1719 4543 videlicet
1732 4500 1816 4560 supe·

1029 4582 1118 4653 sione,
1140 4580 1267 4653 exuitur3
1288 4578 1420 4640 induitur
1440 4592 1516 4641 veste
1540 4582 1627 4662 longa
1646 4580 1683 4643 de
1704 4599 1816 4642 creme·

1028 4683 1089 4744 sino
1110 4680 1205 4743 tolletis
1226 4679 1343 4741 suliolta
1360 4699 1427 4741 cum
1450 4681 1570 4743 manicis
1591 4683 1704 4743 strictis
1722 4694 1751 4744 et
1767 4681 1816 4741 de·

1027 4801 1114 4862 super
1131 4782 1259 4862 cingitur
1268 4817 1304 4828 -
1313 4781 1444 4843 llocheto
1457 4782 1543 4861 longo
1555 4801 1649 4863 usque
1661 4782 1700 4843 ad
1712 4784 1815 4845 collum

1027 4885 1157 4965 pedis-
1169 4883 1321 4944 Tunicella
1333 4882 1399 4943 alba
1414 4883 1449 4944 de
1463 4883 1624 4946 brocotello
1642 4886 1731 4964 plano
1749 4901 1814 4945 seo·

1028 4984 1096 5046 dato
1117 4983 1237 5044 sotiulta
1266 5001 1333 5044 cum
1355 4983 1474 5044 manicis
1502 4985 1613 5045 strictis
1640 4982 1813 5045 bothonatis.

1028 5084 1110 5147 Stolo
1130 5085 1220 5149 rubea
1236 5086 1367 5147 braccati
1382 5086 1448 5148 aori
1470 5086 1553 5148 riceii
1571 5087 1599 5147 in
1615 5095 1813 5147 transversum

1025 5188 1063 5248 ab
1079 5188 1203 5250 hurttero
1222 5187 1341 5249 sinistra
1355 5188 1411 5247 sub
1420 5172 1548 5250 brachio
1566 5187 1670 5250 dextro
1690 5184 1814 5265 conjun-

1028 5299 1085 5352 cta.
1098 5322 1137 5336 -
1145 5290 1296 5370 hlauipulo
1307 5289 1342 5351 de
1352 5289 1452 5352 eodem
1463 5287 1602 5352 broccsto
1612 5289 1648 5349 ad
1660 5289 1813 5351 brachium
