3780 6030
77 1653 82 1663 .
187 1596 275 1659 Ducis
295 1598 459 1673 Mediolani,
475 1602 543 1679 quia
564 1600 670 1680 ipsum,
689 1619 745 1661 uon
766 1591 797 1660 nt
810 1596 980 1674 Oratorem,

189 265 231 325 uo
669 241 952 326 ronrrrrc'arus
973 255 1196 320 rmooanrn
1218 255 1370 319 ocravu.
1729 252 1835 336 (aran

188 397 426 478 archiepiscopus
434 395 475 480 (i)
486 397 718 470 Hersordiensis3
733 407 794 456 tum
807 394 980 456 Arelatensis
1048 393 1136 454 ctioni
1155 392 1355 454 Romanorum
1376 388 1571 470 imperatoris
1587 387 1774 468 Quapropter
1788 408 1834 450 er·

190 509 219 557 at
251 510 316 578 post
346 517 415 559 eum
443 497 587 564 secundus
608 495 718 558 Orator
731 518 742 569 3
768 496 808 557 sic
842 494 876 556 de
907 493 981 554 aliis.
1049 513 1147 555 rorem
1168 511 1254 553 suum
1275 491 1454 553 emendabat.
1487 490 1531 551 'Ad
1562 508 1635 567 quae
1665 489 1723 550 88.
1744 489 1781 549 D.
1801 489 1833 550 Ν.

189 596 494 658 Permiseromauteua
516 598 593 676 quod
614 597 850 676 archiepiscopus
868 593 980 655 Cuseu-
1049 593 1120 654 nibil
1151 593 1323 672 respondit,
1354 592 1404 652 sed
1425 601 1602 671 procurator
1624 589 1756 663 dscalis,
1788 594 1834 668 qui

190 696 318 770 tinensis,
338 698 430 757 affinis
448 697 503 757 88.
525 697 561 757 D.
581 695 628 769 Ν.,
649 695 809 757 secundum
821 691 980 754 Oratorem
1039 692 1126 772 ¹jussu
1142 711 1207 754 meo
1217 692 1329 771 jamdiu
1352 702 1510 771 rogaverat
1528 686 1834 754 Protbonotariosetc.

189 795 368 870 associaret,
389 797 437 857 sed
471 797 643 858 contradixit
666 796 817 875 episeopus
845 793 980 854 Alerien·

187 897 225 958 sis
237 940 247 970 ,
269 896 365 958 dicens
386 898 416 957 id
435 918 495 959 esse
526 899 651 959 officium
673 897 884 968 assistentium,
906 913 979 972 pre-

187 1008 287 1077 pterea
305 999 464 1059 assistentes
478 998 651 1078 praecedere
668 997 781 1070 debere,
792 1007 820 1059 et
831 997 914 1068 ulios,
929 996 979 1072 qui

187 1097 226 1159 ob
246 1097 391 1160 deiectum
412 1100 603 1159 assistentium
627 1098 777 1170 venissent,
792 1096 981 1176 sequiprout

187 1208 242 1258 ete.
263 1209 292 1259 et
315 1216 418 1258 verum
437 1198 558 1260 dicebat.
580 1198 631 1260 Sic
651 1208 717 1278 post
739 1198 899 1257 assistentes
927 1212 980 1254 su·

188 1295 334 1375 pradictus
357 1296 460 1360 babuit
481 1300 608 1378 primum
631 1301 728 1359 locum
748 1297 981 1377 archiepiscopus

186 1393 419 1470 Cusentinensis,
445 1400 577 1461 similiter
595 1411 624 1460 et
641 1400 790 1478 episcopus
814 1397 981 1460 Cumaneu·

187 1500 225 1556 sis
239 1508 304 1577 post
325 1496 551 1560 Glanduceusem
574 1501 674 1573 venit,
695 1501 763 1560 lieet
783 1510 856 1560 esset
869 1497 980 1561 Orator

188 1698 236 1758 sed
258 1709 292 1758 ut
312 1699 479 1778 episcopum
501 1711 613 1760 tantum
636 1704 738 1762 vocari
746 1724 755 1775 3
776 1702 825 1762 alii
841 1716 980 1764 venerunt

188 1815 242 1883 sou
255 1797 368 1858 ordine.
382 1797 420 1859 Et
438 1800 591 1860 observata
612 1813 680 1862 sunt
700 1803 795 1862 omnia
812 1822 894 1864 more
908 1822 980 1869 con·

189 1909 281 1959 sueto.
301 1895 470 1961 Orationem
486 1901 553 1963 iecit
575 1901 748 1964 Gullielmus
767 1903 854 1964 Prior
874 1904 979 1966 Eccle-

189 1996 248 2058 siae
261 1997 485 2074 Cautauriensis,
503 2002 621 2079 quintus
637 2001 664 2061 in
683 2001 785 2063 ordine
800 2001 982 2066 Oratorum·

188 2103 409 2177 praesentarunt
432 2101 530 2162 literas
551 2082 579 2163 et
600 2102 766 2163 mandatum
790 2107 904 2184 regium
926 2107 980 2167 sub

188 2199 320 2277 pendenti
333 2202 441 2281 sipillm
459 2204 557 2264 lilerae
579 2205 677 2283 prius,
693 2202 793 2265 deinde
813 2202 980 2267 mandatum

191 2302 299 2363 lectum
321 2303 384 2365 luit.

229 2403 313 2466 Paria
335 2416 423 2478 sexta,
445 2404 494 2464 la.
511 2408 579 2466 maii
597 2406 625 2466 in
642 2426 735 2479 mane,
756 2411 791 2468 in
807 2409 900 2496 prima
913 2412 980 2471 aula

188 2503 291 2564 Palatii
313 2505 367 2564 luit
388 2505 538 2584 publicum
560 2509 774 2581 consistorium,
795 2512 823 2568 in
847 2528 906 2588 quo
921 2521 981 2571 tres

191 2603 337 2666 Oratores
358 2605 404 2665 ΙΙΙ.
432 2604 571 2668 Uratisiai
591 2601 680 2687 liegis'
700 2609 834 2671 Bormiae
855 2613 981 2689 praesti-

189 2717 290 2768 terunt
311 2706 509 2786 obedientiam
541 2709 653 2769 solitam
681 2721 710 2771 et
737 2703 858 2775 debitam
891 2724 981 2791 prout

190 2818 384 2869 antecessores
409 2810 454 2868 sui
480 2809 615 2870 Doemiae
636 2808 729 2889 Reges
755 2810 978 2890 praestiterant:

190 2908 322 2968 associati
354 2908 474 2970 luerunt
493 2928 510 2970 a
532 2910 631 2972 decem
658 2912 792 2990 praelatis
822 2911 982 2973 assistenti·

188 2999 243 3060 bus
263 3019 345 3062 more
373 3014 530 3078 cousueto;
557 3016 777 3084 praesentarunt
807 3006 904 3067 literas
929 3025 982 3068 re·

188 3102 249 3180 pias
270 3101 467 3177 credentiales,
485 3115 515 3166 et
528 3105 695 3166 mandatum
709 3109 825 3187 regium
839 3109 894 3168 sub
910 3128 982 3189 pen·

190 3200 268 3261 denti
283 3204 391 3282 sigillo,
405 3222 480 3282 quae
494 3205 585 3277 lectae
600 3205 721 3267 luerunt
740 3206 863 3286 publice,
883 3210 980 3287 primo

192 3301 314 3376 literae,
335 3302 435 3365 deinde
455 3305 644 3391 mandatum:
665 3310 824 3371 orationem
857 3308 924 3369 iecit
944 3309 980 3370 D.

192 3401 313 3477 Paulus,
332 3402 435 3465 tertius
450 3402 572 3479 Orator,
587 3408 636 3486 qui
657 3411 830 3489 capuccium
848 3414 877 3470 in
899 3422 981 3471 tran·

191 3518 324 3563 aversum
345 3508 472 3583 portavit
493 3519 631 3586 tauquam
651 3510 842 3572 subdiaconus
863 3521 982 3591 aposto·

193 3600 288 3674 licus,
309 3623 344 3665 ex
376 3604 528 3686 privilegio
560 3607 704 3671 Ecclesiae
729 3610 889 3689 Prageusis
908 3629 982 3673 con·

188 3719 273 3764 ¹besso
298 3722 316 3762 a
338 3702 412 3766 Sede
431 3708 606 3786 Apostolica,
620 3708 704 3787 eujus
723 3710 870 3773 Ecclesiae
888 3713 982 3774 Prae·

190 3804 451 3882 positus,omnibus
461 3804 673 3887 pontificalibus
687 3812 813 3891 insigniis
824 3813 867 3873 uti
879 3823 982 3892 potest;

189 3904 265 3965 iacta
287 3907 470 3984 responsione
490 3928 542 3988 per
566 3910 620 3970 88.
641 3911 677 3971 Ι).
699 3910 733 3972 Ν.
754 3911 874 3974 Oratori
892 3934 983 3994 prae·

190 4003 288 4077 dicto,
310 4006 385 4067 idem
400 4006 511 4070 Orator
531 4023 706 4091 protestatus
721 4025 775 4087 est,
791 4016 864 4089 citra
886 4028 981 4078 tamen

190 4103 386 4183 prejudicium
409 4107 630 4188 cujuscumque,
659 4113 735 4191 quod
757 4115 887 4175 electioni
919 4116 983 4177 no-

192 4207 267 4266 mani
288 4206 448 4280 Pontifieis‚
458 4209 523 4271 Ser.
542 4211 604 4272 lien
620 4212 752 4275 boemiae
774 4218 908 4278 interesse
929 4217 982 4278 de·

192 4305 286 4379 beret,
306 4313 449 4370 ettamen
475 4317 534 4390 pro'
552 4314 697 4375 electione
711 4317 775 4376 Ser.
797 4317 982 4378 Maximiliani

191 4404 394 4469 Romanorum
411 4408 500 4488 Regis
513 4424 569 4472 non
579 4414 678 4475 luisset
691 4427 819 4490 vocatum
833 4420 982 4498 supplica·

190 4507 238 4568 bat
249 4519 401 4588 propterea
414 4510 492 4587 quod
505 4505 602 4573 ssi).
611 4513 644 4573 Ν.
654 4515 781 4578 scribere
798 4518 882 4579 vellet
898 4521 981 4597 prin·

189 4608 302 4689 cipibus
323 4608 505 4685 Germaniae,
527 4613 604 4690 quod
637 4616 729 4696 ipsum
755 4616 824 4694 jure
844 4637 898 4678 suo
924 4637 981 4680 non

189 4711 315 4790 privent,
336 4710 385 4771 sed
407 4710 559 4774 admittant
580 4727 634 4775 etc.
649 4714 700 4776 -Et
733 4719 802 4796 quia
829 4731 983 4779 errarerut

189 4810 218 4870 in
241 4810 405 4890 bajusmodi
426 4831 478 4872 sua
499 4817 716 4895 propositione,
736 4819 792 4878 dixi
814 4820 907 4899 ipsum
930 4838 980 4879 er·

1046 814 1133 874 super
1153 793 1311 856 obedientia
1332 805 1405 866 eto,
1436 802 1471 853 ut
1496 794 1686 854 instromenta
1711 791 1835 854 mulloc-

1049 905 1134 966 rent,
1161 892 1240 954 finita
1259 894 1462 972 protestatione
1480 891 1625 970 praedicta
1636 894 1652 965 ,‘
1670 892 1739 953 illos
1760 911 1835 955 mora

1048 995 1133 1055 solito
1155 994 1288 1072 requirit.
1304 993 1423 1053 Primus
1437 991 1599 1055 Oratorurn
1619 993 1837 1073 praedictorum

1048 1090 1177 1174 portarit
1197 1095 1320 1156 caudam
1341 1097 1478 1177 pluvialis
1498 1095 1582 1157 Pont.
1610 1114 1705 1175 usque
1727 1096 1768 1157 ad
1788 1114 1836 1157 aa·

1050 1214 1161 1256 meram
1182 1196 1343 1275 Papugalli.
1560 1199 1562 1202 ’

1091 1295 1146 1355 88.
1170 1296 1206 1357 Ι).
1230 1294 1264 1356 Ν.
1288 1297 1449 1376 intelligens
1470 1298 1514 1358 lll.
1534 1296 1709 1376 Principem
1722 1296 1836 1359 llercu·

1049 1395 1107 1460 iem
1125 1396 1280 1457 Ferrariae
1296 1397 1406 1458 Ducem
1429 1415 1484 1476 pro
1505 1398 1685 1487 complendo¹
1699 1409 1770 1459 voto
1789 1417 1835 1477 per

1049 1515 1116 1557 eum
1137 1496 1252 1570 emisso,
1272 1496 1307 1558 de
1330 1496 1470 1558 visitando
1490 1502 1659 1580 sepulcrum
1680 1500 1836 1560 Beatissimi

1049 1598 1178 1678 Apostoli
1197 1597 1298 1658 lacobi
1319 1599 1347 1659 in
1368 1598 1572 1677 compostella,
1593 1601 1648 1661 iter
1668 1600 1836 1679 arripuisse,

1049 1699 1191 1759 commisit
1218 1698 1262 1758 ΙΙΙ.
1284 1699 1358 1759 Duci
1384 1699 1534 1760 Mediolani
1555 1720 1607 1780 per
1635 1698 1723 1777 cujus
1746 1700 1835 1760 domi·

1049 1799 1129 1859 nium
1150 1801 1326 1860 transiturus
1351 1812 1415 1861 erat
1434 1800 1500 1860 Dux
1532 1801 1721 1880 praediatus,
1754 1814 1787 1863 ut
1813 1804 1834 1864 el

1050 1899 1204 1959 transitum
1218 1902 1335 1961 omnino
1356 1901 1544 1986 probibarct;
1559 1902 1651 1980 igitur
1666 1920 1737 1964 cum
1753 1921 1835 1983 prae·

1049 1998 1142 2059 satus
1157 1999 1235 2087 Dux‘
1253 1993 1411 2063 Hercules
1426 2002 1619 2063 Mediolanum
1629 2005 1833 2083 pervenisset,

1049 2100 1161 2180 aceepit
1181 2100 1276 2185 Breve
1297 2103 1487 2180 apostolicum
1506 2117 1557 2183 per
1578 2104 1657 2180 quod
1673 2103 1731 2164 88.
1752 2104 1788 2164 D.
1805 2103 1834 2165 Ν.

1050 2212 1152 2261 votum
1173 2200 1372 2281 supradictum
1384 2203 1591 2277 commutavit,
1603 2213 1647 2277 ut,
1666 2205 1746 2265 illius
1768 2206 1833 2277 loco,

1050 2300 1147 2359 limina
1163 2301 1369 2380 Apostolorum
1386 2302 1524 2375 visitaret,
1539 2305 1647 2376 rolens,
1659 2323 1696 2364 ex
1707 2305 1833 2367 mandato

1049 2400 1082 2461 8.
1105 2399 1149 2472 8.,
1167 2402 1263 2480 ipsum
1277 2399 1388 2463 Ducem
1400 2402 1833 2477 omninoretrucederedebem‚

1050 2501 1099 2578 qui
1121 2518 1188 2560 cum
1219 2503 1337 2564 circiter
1359 2518 1425 2563 acu.
1454 2503 1597 2581 equitibus
1628 2516 1657 2566 et
1692 2505 1834 2584 quinqua·

1050 2603 1130 2680 ginta
1145 2603 1230 2662 rotalis
1241 2603 1377 2672 oneratis,
1393 2621 1447 2682 pro
1461 2603 1563 2665 itinera
1578 2601 1749 2681 hujusmodi
1759 2625 1834 2667 com·

1050 2702 1155 2780 plendo
1184 2719 1283 2762 seeum
1307 2704 1485 2788 'assumptis,
1515 2702 1587 2764 illuc
1620 2718 1766 2779 venerat3
1795 2708 1833 2767 cui

1050 2802 1186 2862 mandato
1207 2801 1283 2862 idem
1311 2802 1377 2863 Dux
1398 2817 1502 2883 parcre
1530 2807 1627 2870 volens
1655 2809 1833 2882 retrocessit,

1049 2913 1079 2961 et
1098 2902 1199 2964 eodem
1213 2902 1322 2965 ‘ordine
1339 2915 1418 2965 recta
1437 2909 1482 2965 vin
1500 2925 1601 2968 versus
1616 2904 1730 2969 Urbem
1748 2910 1832 2980 venit;

1051 3020 1111 3079 quo
1133 3022 1186 3082 per
1208 3002 1262 3063 88.
1284 3003 1322 3065 D.
1342 3003 1377 3064 Ν.
1393 3005 1505 3077 audito,
1518 3005 1664 3066 ordinavit
1687 3006 1720 3067 8.
1738 3007 1770 3068 8.
1787 3009 1834 3067 ali·

1051 3121 1124 3181 quos
1134 3104 1186 3164 sibi
1197 3105 1313 3165 obviam
1326 3090 1438 3168 mittere
1449 3123 1540 3184 usque
1550 3106 1587 3167 ad
1597 3108 1834 3188 Aquampenden·

1052 3214 1121 3279 tem,
1143 3203 1234 3284 prout
1254 3208 1332 3267 misit
1352 3217 1480 3285 quatuor
1501 3226 1535 3267 ex
1564 3207 1624 3267 suis
1645 3210 1793 3270 scutiferis
1809 3220 1834 3270 ct

1049 3305 1089 3366 ll.
1111 3305 1144 3365 P.
1166 3306 1201 3366 D.
1225 3307 1463 3368 bartholomeum
1484 3306 1520 3368 de
1540 3305 1667 3368 Moreuis
1693 3309 1834 3388 arcbiapi·

1050 3424 1173 3487 scopum
1190 3407 1226 3467 de
1241 3408 1364 3486 vignola
1382 3406 1605 3469 cubicularium
1620 3425 1709 3468 suum
1726 3409 1833 3488 prim03

1050 3505 1151 3568 deinde
1172 3505 1236 3565 llll.
1267 3509 1296 3565 in
1319 3505 1438 3568 cbristo
1471 3506 1528 3566 PP.
1559 3507 1622 3568 DD.
1650 3505 1835 3573 inurentium

1049 3606 1300 3688 archiepiscopum
1326 3608 1575 3682 beneventanum,
1596 3620 1626 3669 et
1647 3608 1834 3690 consaepto

1050 3725 1119 3768 rum
1139 3708 1306 3788 episcopum
1326 3708 1545 3780 Cortonensem,
1567 3710 1666 3789 palatii
1686 3713 1734 3770 sui
1755 3729 1834 3790 prac-

1051 3808 1135 3880 latos,
1146 3811 1196 3887 qui
1219 3821 1399 3869 recesserunt
1417 3828 1452 3871 en
1473 3809 1554 3872 Urbe
1569 3807 1616 3871 die
1632 3814 1776 3873 mercurii
1791 3811 1833 3872 lb

1051 3910 1118 3969 maii
1125 3931 1135 3982 3
1157 3910 1207 3986 qui
1229 3913 1322 3989 ipsum
1345 3908 1447 3970 ibidem
1469 3898 1644 3990 receperunt
1665 3929 1725 3971 non
1746 3924 1835 3972 tamea

1051 4011 1309 4089 processionaliter,
1326 4010 1375 4071 sed
1395 4010 1466 4072 alias
1488 4010 1664 4085 bonorillce,
1683 4024 1714 4074 et
1741 4012 1834 4075 deinde

1051 4129 1142 4189 usque
1160 4111 1197 4170 ad
1211 4111 1321 4174 Urbem
1337 4099 1561 4173 associaverunt.
1579 4111 1767 4176 Gubernator
1780 4115 1833 4173 Pa·

1051 4211 1177 4272 trimouii
1196 4212 1263 4274 lesit
1294 4231 1444 4293 expensam
1476 4233 1512 4276 ex
1542 4216 1673 4294 pecuniis
1699 4215 1834 4277 maere

1050 4313 1239 4391 spostolicae.
1258 4302 1312 4374 Die
1334 4314 1445 4387 Martis,
1466 4314 1517 4375 bb.
1539 4315 1618 4389 maii,
1633 4317 1715 4377 circa
1737 4316 1835 4378 boram

1050 4430 1120 4475 xxi.
1151 4414 1299 4492 praelatus
1319 4415 1364 4474 lll.
1385 4413 1451 4474 Dur
1481 4415 1603 4475 intrarit
1634 4435 1686 4495 per
1717 4415 1836 4477 Pontem

1049 4514 1195 4584 Mallium,
1215 4526 1245 4575 et
1265 4526 1380 4592 portam
1403 4513 1436 4574 S.
1459 4501 1571 4577 Mariae
1587 4515 1621 4575 de
1648 4514 1775 4596 Populo,
1793 4518 1838 4577 sui

1051 4626 1194 4675 verterunt
1218 4612 1346 4686 obviam,
1368 4634 1419 4694 per
1447 4615 1572 4697 medium
1601 4615 1727 4694 milliare
1757 4627 1841 4678 extra

1049 4727 1177 4795 pontem,
1198 4713 1323 4775 Senator
1343 4734 1412 4775 cum
1434 4716 1695 4777 conservatoribus
1722 4729 1751 4777 et
1779 4717 1849 4777 aliis

1048 4816 1185 4876 omnibus
1214 4815 1382 4877 officialibus
1413 4829 1443 4879 st
1468 4816 1582 4877 civibus
1608 4816 1764 4889 Romanis,
1791 4815 1857 4897 qui

188 4930 266 4975 rasse
280 4915 308 4973 in
322 4914 479 4993 praedicto,
490 4927 645 4996 propterea
657 4918 735 4997 quod
748 4939 881 4980 errorem
893 4937 980 4979 suum
1047 4927 1200 4995 postquam
1217 4916 1310 4996 ipsum
1327 4928 1510 4997 receperunt,
1524 4929 1740 4979 antecesserunt
1759 4930 1873 4980 extra

190 5015 371 5095 corrigeret3
404 5027 432 5078 at
455 5027 524 5077 tunc
547 5017 624 5079 idem
647 5020 682 5078 D.
715 5018 825 5080 Orator
847 5020 980 5081 adstatim
1047 5017 1203 5090 ordinem3
1225 5018 1392 5078 ordinatum
1413 5018 1586 5087 enumerat,
1607 5019 1768 5096 quodsola
1797 5021 1880 5080 lae

193 5113 339 5175 consessus
356 5128 410 5190 est,
430 5127 459 5177 et
479 5116 550 5176 dixit
570 5138 599 5178 se
621 5137 733 5179 er·r·asse
749 5118 881 5180 ‘dicendo
902 5121 979 5196 quod
1048 5119 1126 5180 milia
1153 5119 1243 5180 Ducis
1272 5137 1326 5178 suo
1356 5119 1458 5178 ordine
1490 5119 1673 5180 antecederet
1705 5119 1821 5182 Ducem

192 5209 256 5272 llex
276 5214 408 5277 boemiae
437 5208 570 5295 electioni
591 5218 716 5279 llomani
735 5216 882 5280 Pontificis
904 5222 980 5282 inte-

192 5331 270 5376 resse
290 5316 428 5391 deberet,
457 5319 506 5380 sed
534 5320 658 5381 soluisse
678 5321 797 5396 dicere,
819 5323 896 5402 quod
917 5324 979 5384 ele·

1010 5242 1016 5370 l

1048 5218 1077 5279 io
1100 5236 1158 5298 qua
1177 5230 1261 5281 erant
1272 5219 1390 5280 circiter
1408 5234 1576 5291 uacuxxr„
1592 5238 1691 5280 omues
1708 5221 1889 5320 vestibus⁴

1046 5320 1083 5380 ad
1104 5338 1193 5399 genu,
1214 5320 1250 5380 ad
1278 5320 1425 5382 dexteram
1446 5321 1531 5401 panni
1553 5322 1698 5400 pavonatii
1722 5321 1889 5384 obscur·¹
