3758 6030
60 233 173 320 (iios)

63 369 129 432 dedi
144 388 212 451 ego,
228 369 279 448 qui
298 367 340 430 ini
358 367 420 430 sine
434 371 654 451 superpellicio,
668 371 722 452 ipsi
738 369 856 453 Neapo-

62 473 175 546 litano,
198 470 340 543 Senensi,
355 469 465 532 vSancti
490 472 648 554 clementis
679 484 708 535 et
741 474 856 554 episco-

65 591 107 652 po
135 572 338 653 Segobricensi
370 562 524 635 assistenti.
555 574 654 635 Finito
680 573 767 634 ltlissa
789 574 857 636 avi-

62 674 128 733 savi
148 673 290 757 Abbatem
309 673 360 750 qui
380 691 436 735 non
455 673 533 737 dedit
548 675 789 751 benedictionem,
806 676 855 738 sed

60 773 257 835 subdiaconus
272 773 457 854 Apostolicus
470 776 601 854 portavit
619 794 753 849 crucem,
767 794 855 854 quiam

62 873 141 933 inira
163 874 279 934 Missam
311 875 521 954 appodiaverat
541 875 578 935 ad
608 877 685 936 latus
709 876 738 936 in
760 893 856 937 cornu

60 972 218 1053 Evangelii
240 975 344 1034 altaris
364 985 445 1036 extra
468 974 617 1035 tribunum
649 976 685 1035 ad
713 978 854 1040 ultimum

61 1073 217 1152 gradum,
244 1075 295 1133 ubi
315 1074 484 1154 genuflexus
500 1074 578 1155 Papa
599 1077 733 1136 ascendit
752 1077 789 1137 od
809 1073 874 1139 al?

63 1172 151 1246 tore,
172 1183 202 1234 et
222 1184 301 1236 stans
322 1175 438 1236 detecto
453 1175 565 1256 capite,
583 1175 618 1235 ad
638 1195 856 1251 crucemsuam

61 1285 91 1335 et
109 1275 250 1354 populum
272 1257 392 1346 sersus,
404 1274 483 1336 dedit
499 1275 729 1351 benedictionem
747 1280 857 1359 populo

64 1374 166 1436 dicens
187 1374 215 1434 in
237 1386 328 1440 carita
342 1374 395 1435 Sit
412 1395 522 1438 nomen
544 1387 610 1451 etc,
633 1378 704 1438 nihil
733 1397 856 1459 respon·

63 1471 198 1534 dentibus
220 1476 270 1552 qui
292 1474 348 1534 ibi·
365 1492 491 1538 eramus·
514 1476 591 1537 Tum
620 1477 698 1557 Papa
720 1497 856 1540 reversus

61 1585 106 1635 est
127 1594 181 1654 per
205 1576 290 1634 siam·
306 1593 407 1637 verens
429 1576 601 1650 Coliseum,
629 1578 768 1639 Sanctam
790 1578 851 1638 tita-

61 1676 139 1753 riom
161 1674 296 1749 Novam,
316 1675 518 1748 hiarlorium,
541 1676 687 1739 Sanctum
710 1679 855 1754 hiarcam,

59 1773 269 1849 Peliciariarn,
291 1775 412 1836 domum
434 1777 470 1839 de
497 1777 653 1852 Maximis,
674 1779 855 1857 Parionern,

61 1876 99 1935 nd
123 1876 266 1937 Sanctum
282 1877 416 1950 Petrum,
433 1878 638 1940 cardinalibus
655 1881 750 1960 ipsum
764 1898 857 1960 usque

63 1977 101 2036 ad
124 1968 264 2039 Castrum
287 1977 388 2039 Sancti
409 1980 512 2060 Angeli
531 1982 752 2043 associantibus.
778 1982 856 2062 Papa

63 2078 211 2155 equitavit
232 2079 345 2146 medius
378 2082 454 2142 inter
488 2079 596 2160 pedites
629 2091 787 2157 armatos,
817 2083 855 2143 ita

63 2179 146 2255 quod
167 2191 233 2243 ante
255 2199 284 2240 se
307 2180 428 2243 heberet
449 2182 570 2243 circiter
593 2192 712 2243 centum
735 2183 857 2244 balista-

63 2283 126 2339 rios
148 2290 177 2342 ct
197 2281 315 2343 totidem
338 2292 403 2361 post
425 2301 465 2343 se.

107 2379 219 2442 Eadem
241 2382 286 2444 die
305 2381 341 2443 ll.
364 2382 397 2442 P.
420 2382 456 2443 b.
473 2385 614 2445 Antonius
633 2386 738 2449 Elores
756 2406 857 2448 seere-

65 2482 165 2542 terius
185 2485 372 2563 Apostolicns
399 2486 641 2565 prothonotarius
663 2531 855 2549 .......

66 2583 98 2641 in
121 2582 291 2645 Auditorem
315 2585 407 2648 Rotae
426 2587 457 2645 iu
481 2588 578 2647 locum
600 2586 675 2648 Rev.
694 2589 731 2648 D.
753 2588 858 2650 cerdi-

68 2683 143 2743 nalis
162 2684 349 2744 Alexandrini
369 2685 560 2766 recipiendus,
584 2685 694 2749 Romae
711 2688 739 2747 in
762 2690 858 2750 eecle-

63 2785 107 2843 sia
127 2784 159 2844 S.
177 2784 331 2847 Eustachii
345 2785 383 2845 ab
403 2786 476 2847 hora
495 2806 557 2849 xx.
576 2790 621 2851 vel
642 2789 722 2850 circa
746 2789 774 2848 in
792 2806 857 2851 xtn
883 2859 886 2866 ¹

68 2870 164 2944 Ecvv.
186 2885 249 2967 DI).
273 2887 494 2961 cardinalium,
517 2890 652 2952 videlicet
673 2889 858 2971 Neapolitani

64 2995 94 3045 et
108 2985 309 3048 Ulixbonensis
321 2988 564 3070 Episcopornm,
578 2991 677 3052 Sancti
693 2991 858 3066 Clementis,

67 3085 240 3160 leonensis,
267 3088 482 3165 Beneventani,
512 3091 612 3156 Sancti
633 3093 787 3174 Dionysii,
818 3097 859 3155 A·

62 3187 238 3259 lennudrini,
259 3188 474 3268 cartaginensis
504 3193 774 3275 Presbyterorran,
804 3194 861 3255 Se·

62 3289 177 3363 nensis,
198 3288 233 3349 de
253 3288 398 3363 Sabellis,
418 3293 561 3353 columna
580 3337 589 3366 ,
611 3295 860 3368 vicecancellarii,

62 3388 165 3450 Sancti
188 3389 340 3462 Severini,
361 3391 527 3466 Valentini,
547 3393 689 3469 Ceseriui,
709 3393 859 3470 Grirnani,

64 3489 197 3566 Furnesii
218 3501 248 3550 et
269 3489 386 3554 Lunate
409 3493 628 3556 Diaconorusn
643 3514 677 3555 ac
698 3497 861 3557 inultorum

64 3591 289 3668 praelatorum,
313 3611 348 3652 uc
371 3593 549 3654 Auditorum
571 3594 664 3656 Rotae
689 3597 861 3675 proesentis,

64 3707 101 3749 ac
122 3690 248 3750 aliorum
273 3692 449 3767 cxxi-lolium,
470 3693 628 3776 disputavit
644 3707 672 3758 et
687 3699 802 3777 repetiit
825 3717 860 3760 n.

67 3790 229 3872 capitulum
247 3791 281 3853 de
294 3795 489 3876 majoritate,
503 3807 532 3857 et
550 3798 730 3859 obedientia
752 3810 779 3860 et
794 3818 861 3860 oon·

67 3893 211 3954 clusiones
234 3893 456 3975 infrascriptos,
479 3909 580 3959 contra
603 3917 674 3976 quas
696 3912 859 3979 arguerunt

67 3994 103 4053 D.
124 3993 292 4056 ,Guilelmus
326 3994 361 4055 de
383 3995 555 4070 Perreriis,
588 4000 763 4061 Franciscns
783 4001 861 4062 Bre-

67 4097 146 4168 vius,
167 4094 274 4156 Petrus
296 4093 331 4156 de
352 4097 513 4171 Accolitis,
537 4098 665 4159 Achilles
683 4100 718 4160 de
735 4098 863 4177 crassis,

66 4208 96 4258 ei
118 4197 289 4258 Dominicns
309 4197 344 4257 de
366 4197 525 4260 Jacobutiis
545 4198 704 4263 Auditores
726 4201 817 4264 Rotae
832 4214 861 4265 et

67 4299 104 4360 t).
128 4298 239 4358 Paulus
260 4299 295 4359 de
316 4298 448 4372 Plance,
472 4301 642 4362 Advocatus
662 4302 861 4364 consistoria·

68 4401 126 4472 lis3
148 4399 353 4462 conclusiones
381 4420 453 4462 vero
473 4403 594 4464 luerunt
615 4422 668 4482 per
691 4401 859 4480 hujusmodi

66 4499 276 4562 schedularum
294 4501 452 4563 ullixionem
473 4503 501 4563 in
521 4504 593 4564 locis
608 4505 699 4564 solitis
721 4523 774 4582 per
796 4505 860 4567 Ur·

68 4601 134 4663 bem
156 4599 271 4664 affixae:

116 4726 133 4758 e
168 4702 308 4762 Antonius
343 4703 474 4776 Flores,
508 4704 667 4781 utriusque
695 4701 782 4783 juris
805 4705 857 4767 do,-

68 4813 134 4864 ctox·
156 4803 210 4863 SS.
234 4803 268 4862 l).
295 4800 329 4861 N.
351 4802 446 4881 Papae
474 4802 699 4865 Relereadnrius
720 4805 860 4867 domesti-

68 4924 134 4978 cus,
166 4921 226 4965 xn.
260 4907 417 4983 praesentis
439 4905 546 4974 mensis,
573 4906 686 4979 martii,
719 4909 770 4984 qui
800 4908 860 4969 erit

67 5006 130 5068 dies
145 5005 218 5067 beati
233 5004 381 5085 Gregorii,
398 5007 426 5066 in
442 5005 562 5068 ecclesia
585 5008 685 5068 Sancti
708 5007 860 5069 Eustachii

68 5116 180 5186 repetet
199 5122 226 5165 o.
244 5124 271 5166 n.
288 5105 323 5167 de
339 5106 534 5189 majoritate,
552 5119 581 5168 ei
602 5108 793 5178 obedientia,
804 5108 859 5168 sibi

69 5207 99 5266 in
123 5205 237 5286 paractis
257 5207 448 5286 assignatum,
465 5206 514 5267 nbi
529 5226 584 5288 pro
607 5225 688 5269 more
708 5207 859 5270 conabitur

66 5309 267 5389 infrascriptos
290 5309 487 5373 conclusiones
506 5309 699 5385 substentare,
711 5306 855 5372 videlicet:

532 233 817 300 PONTlFchTUS
838 235 1067 301 ALEXANDRI
1086 232 1214 310 SEXTl.

1648 228 1710 293 txt

968 398 985 430 a
1005 369 1112 435 Omnes
1127 368 1290 449 Principes,
1310 378 1373 429 tam
1392 365 1488 430 lideles
1504 383 1593 445 quam
1608 349 1712 428 tanda

924 475 964 535 les
979 484 1112 536 tenentur
1124 469 1256 532 liomano
1266 466 1401 530 Pontifici
1418 467 1605 529 obedientiam
1622 482 1710 545 prae-

923 585 1025 649 stare3
1052 571 1211 636 obedientia
1232 570 1326 632 debite
1344 569 1477 631 Romano
1498 566 1633 629 Pontifici
1655 585 1708 647 per

923 675 1093 736 universum
1114 671 1215 733 orbem
1239 678 1334 750 potest
1358 668 1415 730 dici
1437 667 1473 730 de
1494 668 1557 747 lege
1579 667 1706 728 Diocae-

923 791 1001 834 sana.

964 873 1062 935 Potest
1082 870 1244 953 Episcopus
1260 871 1412 952 disponere
1428 879 1531 930 contra
1549 866 1599 947 jus
1623 883 1707 926 corn-

923 990 1025 1034 mune:
1048 973 1125 1032 sicut
1143 973 1209 1032 laici
1225 984 1346 1052 pomum
1361 980 1465 1033 eontra
1484 966 1535 1046 jus
1556 985 1710 1029 commune

923 1082 1031 1133 statuta
1058 1071 1208 1146 condere,
1239 1071 1396 1133 dummodo
1419 1068 1470 1147 jus
1499 1067 1710 1148 superiorum,

925 1174 970 1234 vel
991 1173 1070 1235 tertii
1092 1172 1319 1246 nou'laedetur,
1353 1175 1390 1233 itn
1412 1174 1445 1233 et
1461 1170 1622 1249 episcopus.
1643 1167 1710 1226 Dil-

923 1274 1064 1347 lerentie,
1085 1294 1172 1354 quam
1195 1285 1307 1354 ponunt
1330 1273 1463 1334 doctores
1486 1270 1563 1331 iuter
1585 1286 1710 1330 consue·

924 1376 1065 1449 tudinem,
1079 1385 1109 1437 et
1123 1385 1279 1450 statutum,
1293 1392 1353 1436 aon
1370 1373 1485 1435 videtur
1503 1370 1621 1434 veritati
1636 1385 1711 1429 con·

923 1494 992 1536 sona
1015 1484 1150 1555 respectu
1171 1474 1299 1555 episcopi
1318 1473 1496 1543 delirantis

965 1576 1049 1638 Valet
1068 1586 1210 1637 statutum
1232 1575 1370 1656 Episcopi
1403 1575 1554 1655 disponens
1576 1571 1605 1632 id
1627 1567 1707 1649 quod

925 1679 1027 1758 regula
1042 1678 1233 1739 cancellariae
1247 1677 1282 1739 de
1302 1675 1451 1738 verisimili
1469 1674 1594 1747 notitia3
1614 1668 1710 1750 qttoad

923 1777 1059 1839 beneflcio
1081 1778 1117 1837 ab
1137 1797 1173 1840 eo
1195 1776 1376 1857 impetranda
1396 1786 1441 1838 est
1462 1775 1592 1836 validum
1604 1793 1615 1845 3
1648 1781 1711 1830 sta·

925 1889 1008 1941 tuere
1029 1890 1124 1960 potest
1146 1877 1310 1959 Episcopus
1331 1879 1413 1939 circa
1432 1884 1580 1964 reservata
1608 1872 1712 1953 Papae.
1739 1949 1744 1959 Ι

966 1981 1095 2044 Verbum
1128 1982 1286 2045 moriatur
1307 1983 1455 2064 prolatum
1477 1999 1493 2040 u
1517 1995 1624 2040 canone
1654 1992 1711 2035 non

923 2083 1007 2145 debet
1022 2084 1144 2163 intelligi
1165 2102 1221 2163 pro
1235 2074 1332 2144 morte
1346 2080 1500 2161 infligendo
1514 2098 1566 2159 per
1579 2074 1711 2153 judicem
1755 2143 1763 2159 x

924 2187 1105 2247 saecularem
1127 2183 1251 2256 clerico,
1266 2183 1354 2245 etiam
1369 2183 1393 2241 si
1405 2181 1585 2242 commiserit
1603 2177 1714 2237 crimen

925 2284 1134 2364 qualificatnm,
1149 2284 1205 2344 nisi
1222 2285 1250 2343 in
1266 2283 1380 2344 casibus
1400 2301 1418 2342 a
1437 2279 1508 2358 jure
1522 2277 1669 2358 expressis
1683 2298 1710 2334 a

966 2384 1053 2446 Feria
1068 2396 1157 2458 sexta,
1171 2401 1247 2445 xxxi.
1266 2384 1366 2445 martii
1388 2382 1462 2443 hora
1477 2398 1535 2443 xx.
1551 2379 1595 2440 sel
1618 2377 1709 2447 circa,

924 2504 977 2566 per
999 2496 1115 2565 portam
1133 2483 1367 2556 bateraueasem,
1382 2482 1542 2543 Asinariam
1558 2495 1713 2555 nuncupa·

926 2595 997 2658 tum,
1016 2587 1061 2646 itt.
1083 2585 1119 2646 D.
1141 2585 1206 2646 Dan
1225 2583 1393 2646 budovicus
1410 2583 1445 2646 de
1459 2580 1608 2661 Aragonia
1629 2578 1712 2639 Nar·

925 2688 994 2748 chio
1023 2687 1145 2760 Giraci,
1167 2686 1203 2746 ll.
1225 2685 1261 2745 D.
1283 2684 1442 2748 Alexander
1464 2682 1568 2746 carolo
1587 2678 1714 2741 Archie·

925 2789 1061 2867 piscopns
1083 2787 1311 2867 Neapolitanus,
1338 2787 1430 2848 irater
1460 2801 1620 2865 germanas
1640 2780 1715 2840 Rev.

925 2888 1039 2950 Domini
1062 2887 1225 2950 cardinalis
1246 2886 1447 2967 Neapolitani,
1479 2881 1654 2963 magnificus
1676 2879 1713 2939 l).

926 2989 1070 3052 iohannes
1097 2988 1294 3049 Antonius-rie
1316 2987 1447 3047 Ghinara
1480 3002 1576 3046 eomes
1604 2979 1715 3062 Poten-

927 3091 993 3165 tiae,
1011 3102 1040 3152 et
1060 3089 1321 3170 praestantissimus
1340 3085 1493 3163 utriusque
1511 3084 1589 3164 juris
1610 3082 1714 3143 doctor

925 3190 962 3253 D.
985 3191 1124 3250 Antonius
1157 3188 1192 3250 de
1213 3187 1376 3248 Alexandro
1405 3184 1545 3245 Sereniss.
1572 3180 1714 3260 Alphansi

926 3292 1169 3352 stetinenses
1202 3289 1384 3350 Hierusalem
1416 3285 1504 3365 Regis
1535 3281 1718 3362 Neapolitani

927 3390 1069 3453 Oratores
1095 3408 1150 3470 pro
1172 3387 1402 3469 particularibus
1434 3385 1560 3465 negociis
1593 3381 1716 3462 praelati

927 3490 1016 3571 Regis
1027 3490 1073 3574 (l)
1084 3503 1114 3554 et
1134 3491 1222 3551 etiarn
1244 3489 1280 3549 ad
1297 3486 1497 3568 praestandam
1513 3482 1718 3557 obedientiam,

966 3737 1001 3799 (tl
1018 3735 1058 3786 Ad
1075 3731 1219 3798 aagendam
1234 3733 1330 3783 seriem
1343 3734 1571 3782 monumentorum
1585 3742 1665 3791 super
1678 3727 1718 3777 in-

927 3817 1038 3867 vasione
1051 3810 1127 3877 regni
1134 3812 1316 3877 Neapolitani,
1327 3816 1354 3862 et
1366 3812 1546 3862 foederatione
1559 3811 1629 3859 inter
1640 3808 1717 3858 Prio-

927 3899 1000 3960 cipes
1018 3895 1106 3946 ltaliae
1123 3895 1173 3957 (ad
1190 3906 1268 3956 quem
1285 3892 1363 3941 linem
1380 3892 1484 3955 Legatio
1504 3888 1715 3951 Neapolitana),

928 3976 993 4026 baec
1003 3977 1187 4034 ‚monumentis
1202 3972 1256 4034 jam
1275 3973 1396 4033 superius
1408 3972 1542 4032 inscriptis
1553 3967 1714 4027 adjicienda:

972 4075 981 4095 ·
996 4054 1087 4106 Fascio
1105 4050 1210 4102 ricordo
1228 4051 1253 4099 io
1269 4049 1373 4099 Stelano
1396 4048 1550 4107 inlessura,
1568 4046 1713 4095 conciosia·

927 4131 1040 4183 cosacbe
1056 4130 1171 4181 essendo
1188 4128 1320 4178 discordie
1339 4127 1406 4177 inira
1429 4127 1496 4188 Papa
1519 4123 1683 4176 Alessandro
1700 4137 1715 4176 e

928 4212 954 4260 ia
970 4211 1005 4259 lte
1017 4209 1043 4259 di
1054 4209 1148 4271 Nepoti
1161 4220 1242 4271 sopra
1254 4207 1271 4256 li
1283 4205 1357 4256 censi
1369 4210 1396 4256 et
1407 4206 1474 4255 altre
1487 4206 1544 4255 ioro
1556 4203 1717 4263 differeoze,

928 4292 952 4342 io
969 4290 1040 4353 Papa
1056 4303 1071 4341 c
1088 4291 1114 4340 lo
1130 4288 1245 4352 Collegio
1263 4287 1343 4337 incito
1359 4288 1384 4337 io
1408 4285 1717 4350 imperatorehlassimi·

928 4372 997 4422 iiauo
1010 4374 1035 4420 ei
1049 4382 1115 4420 anco
1127 4369 1152 4417 lo
1165 4369 1199 4418 lte
1216 4368 1242 4416 (ii
1260 4367 1386 4425 Francia,
1402 4368 1451 4418 che
1469 4367 1613 4417 dosessiuo
1624 4366 1716 4417 venire

928 4463 942 4499 a
960 4451 1070 4514 pigiiare
1095 4448 1111 4497 l’
1125 4449 1241 4510 imprese
1264 4451 1355 4497 contro
1374 4448 1400 4496 lo
1425 4446 1492 4496 ditio
1509 4447 1545 4496 lie
1562 4444 1587 4494 di
1605 4444 1716 4506 liupolt,

928 4542 977 4579 con
994 4528 1177 4593 promettergii
1195 4527 1267 4588 ajuta
1289 4538 1304 4575 e
1328 4525 1418 4576 lavore
1440 4531 1539 4590 quanto
1561 4525 1715 4588 bisogaava.

927 4608 965 4659 Ed
982 4621 1048 4659 auco
1065 4620 1113 4657 coo
1130 4606 1188 4656 dire
1211 4608 1261 4656 che
1283 4606 1309 4656 ot
1335 4608 1442 4670 ragione
1467 4608 1491 4656 io
1517 4606 1592 4656 detto
1616 4606 1712 4655 hearne

928 4692 1051 4752 spetiosa
1063 4688 1114 4737 aiio
1125 4686 1196 4737 Duce
1209 4686 1236 4736 di
1247 4686 1349 4738 boreus
1367 4699 1381 4736 e
1399 4699 1451 4736 ooo
1462 4687 1486 4736 ai
1498 4687 1534 4736 lte
1545 4684 1718 4736 Ferdiuaudo.

927 4767 947 4819 E
964 4781 1042 4830 sopra
1059 4770 1155 4830 questo
1173 4768 1198 4816 io
1216 4767 1285 4817 ditio
1303 4766 1465 4829 imperatore
1482 4779 1496 4815 c
1514 4767 1548 4816 lte
1565 4765 1591 4814 di
1609 4765 1718 4815 Francia

927 4847 970 4910 piis
981 4848 1053 4897 volte
1065 4849 1087 4897 si
1100 4846 1268 4897 condusseno
1279 4848 1390 4898 insieme
1407 4860 1421 4896 a
1440 4847 1567 4908 pariare,
1583 4858 1598 4894 e
1615 4844 1719 4894 tondeas

928 4928 1089 4977 conclusono
1106 4940 1120 4975 a
1137 4928 1238 4978 venire.
1256 4926 1277 4976 E
1294 4926 1364 4988 dopo
1382 4929 1469 4975 morto
1488 4925 1537 4975 che
1559 4926 1587 4974 iu
1603 4926 1639 4976 lie
1656 4927 1719 4975 Fer·

927 5007 1060 5068 diuaudo,
1076 5008 1102 5056 la
1117 5006 1232 5069 flgiiuoia
1249 5019 1298 5055 suo
1314 5005 1385 5055 Duce
1406 5005 1432 5055 di
1456 5005 1579 5055 calabria
1596 5005 1674 5068 piglio
1692 5005 1717 5055 io

926 5090 1015 5147 stato,
1032 5099 1047 5136 e
1064 5088 1089 5137 la
1105 5086 1225 5150 signaris
1248 5085 1318 5136 delio
1339 5087 1454 5145 hearne,
1475 5098 1490 5135 c
1512 5085 1670 5136 eddimaudd
1691 5087 1716 5135 al

927 5167 995 5230 Papa
1012 5168 1138 5218 d’essere
1154 5167 1291 5215 coronato.
1307 5163 1328 5214 tt
1344 5165 1369 5214 lo
1386 5164 1454 5227 Papa
1465 5175 1515 5214 con
1526 5164 1562 5214 lui
1574 5165 1631 5215 lece
1648 5166 1715 5228 palti

927 5246 1113 5309 eparenteie,
1129 5244 1214 5304 idest,
1236 5243 1285 5293 ohe
1305 5256 1358 5294 uuo
1382 5243 1497 5307 figliuoio
1519 5257 1567 5295 suo
1588 5243 1716 5295 bosiardo

928 5325 954 5376 lo
970 5325 1047 5377 mede
1058 5336 1108 5388 per
1119 5324 1214 5374 marito
1231 5323 1283 5374 elia
1298 5321 1368 5387 ligiis
1384 5323 1428 5374 dei
1444 5323 1520 5375 detto
1536 5323 1607 5376 Daca
1624 5325 1652 5376 di
1669 5323 1718 5374 ce·
