3764 6036
182 247 246 311 lid

644 244 927 311 rooruwtrtto
947 241 1174 312 ttoocssurtt
1194 246 1349 315 ourtvt

1716 248 1826 338 (rso)

179 383 263 446 tall.
278 384 424 465 negotium
442 380 739 461 inchoara,diejorb
753 383 782 445 3.
794 380 973 460 judicar-
1043 396 1276 466 moereamus,
1298 385 1348 446 ubi
1367 384 1405 447 ad
1430 385 1577 450 dumam
1596 388 1829 463 ultramontani,

179 486 289 548 dinales
312 504 410 548 omnes
428 485 466 546 ad
484 484 628 547 Palatium
643 485 686 545 ad
707 504 737 547 se
758 484 856 547 rosan'
881 483 971 557 lecit,

181 600 211 651 et
235 587 331 668 prino
358 587 598 651 coosioorialiter
629 586 803 667 proposuit3
818 596 853 648 et
876 603 912 647 na
940 583 971 647 ,iu

180 689 350 752 comistorio
365 689 439 752 inter
455 686 596 753 Oratores
610 686 755 751 contentio
770 687 903 759 baberet,
913 688 972 746 mi·

181 789 386 852 sitSenctitas
411 790 473 852 Sua
493 809 528 852 ex
548 789 718 851 comatoria
738 791 766 848 in
784 788 851 849 aula
867 785 972 847 Ponti·

182 888 394 952 montanino
419 891 457 950 ad
485 909 629 952 somnam
657 889 828 969 Papagalll,
854 888 885 948 in
913 905 971 965 que

184 989 326 1056 Oratores
351 993 519 1071 eorgragati
535 1001 630 1064 eraut,
648 989 821 1067 Cardiusles
835 988 971 1066 domge-

181 1111 298 1154 rensem
314 1103 342 1154 et
365 1092 584 1154 Ulisboneosem
602 1092 653 1170 qui
665 1088 807 1152 Oratores
823 1091 897 1168 ipsos
914 1106 972 1150 uo«

183 1194 260 1255 mine
282 1192 427 1255 Pontificis
447 1180 654 1270 exhortaturi,
672 1202 701 1253 et
719 1199 864 1272 rugarttut
892 1204 971 1268 qua-

182 1304 266 1356 tenus
287 1293 492 1354 ultramontani
514 1291 552 1352 ad
583 1292 721 1364 dextera,
741 1292 860 1353 eteitra
881 1308 970 1352 moa-

182 1393 255 1471 tani,
271 1408 528 1472 qunrtuucurnque
539 1389 683 1454 Oratores
693 1404 795 1464 meent,
805 1391 842 1453 ad
856 1389 971 1452 sinistra

183 1492 331 1556 Pontificio
358 1496 449 1556 latera
472 1495 570 1555 locum
601 1494 778 1574 reciperent,
798 1492 887 1555 atilli
916 1509 972 1571 pro

184 1595 239 1656 bac
261 1596 335 1657 rice,
349 1595 474 1658 coritanti
492 1605 585 1657 essem
596 1615 606 1667 3
626 1612 755 1672 quorum
778 1593 970 1656 exhortationi

184 1692 326 1756 Oratores
338 1696 405 1775 :ipsi
419 1696 640 1773 rerumrerum,
669 1696 732 1756 itia
746 1705 849 1756 autern
871 1693 901 1753 in
921 1693 971 1752 in·

184 1798 275 1857 troitu
289 1795 328 1857 ad
352 1795 555 1860 caruistoriura
581 1796 687 1858 iterum
706 1796 784 1875 iuter
801 1795 875 1876 ipsos
896 1812 970 1855 cou-

185 1895 379 1958 tentioliebet.
396 1895 607 1960 Ultramootaoi
628 1915 679 1976 per
701 1897 879 1959 camerulam
890 1895 970 1958 Pan-

184 1995 294 2079 tiliois,
311 2006 340 2059 et
364 1996 568 2059 citramontani
593 2015 645 2076 per
666 1996 772 2061 lobiam
802 2015 820 2059 e
850 1996 968 2060 dextera

183 2096 275 2176 dictae
296 2097 462 2160 camerulae
483 2107 551 2163 sunt
579 2098 752 2171 intermissi,
767 2109 797 2162 et
817 2116 852 2161 no
872 2098 970 2163 ultra·

184 2199 310 2261 montani
323 2199 407 2262 citius
428 2199 594 2271 introirent,
610 2199 811 2278 citramontaui
830 2199 883 2277 qui
902 2199 970 2260 loo·

180 2301 246 2379 gius
267 2300 324 2363 iter
337 2357 339 2362 .
353 2299 506 2372 habebant,
528 2300 621 2362 veloci
648 2318 740 2363 cursu
768 2300 969 2370 ambularunt,

181 2400 282 2479 sieque
295 2399 456 2479 praedictos
476 2399 513 2462 ad
527 2401 624 2463 subm
647 2400 785 2481 praedicti
806 2398 969 2464 commorit

182 2653 221 2700 cia
246 2653 262 2700 ii
281 2647 376 2701 releva
394 2664 473 2715 sopra
490 2650 550 2724 quel
568 2655 611 2706 del
632 2656 755 2716 Romani,
771 2658 859 2720 quello
876 2640 902 2707 di
918 2655 971 2705 Da-

181 2734 400 2791 niraaroa,oome
417 2735 439 2782 si
454 2733 469 2783 e
482 2733 575 2795 detto,
588 2737 604 2785 il
621 2738 713 2787 rolera
727 2736 969 2786 immediatamente

179 2811 250 2873 dopo
266 2810 495 2875 traaatmnauo
511 2813 539 2863 di
556 2815 647 2865 Seoaia
662 2818 764 2868 volere
776 2815 854 2883 anch'
867 2815 917 2878 agli
936 2816 970 2865 si-
991 2877 994 2885 1

180 2893 311 2954 migliante
333 2893 419 2956 luogo,
437 2894 554 2967 canello
578 2894 814 2959 d'lngltittarra,e
837 2896 924 2959 quello
942 2895 970 2944 di

179 2970 299 3033 Spagnar
315 2969 460 3034 Portogallo
479 2974 495 3021 il
513 2972 606 3024 releva
624 2987 703 3037 sopra
721 2976 737 3023 il
754 2973 863 3024 Polacco
876 2988 889 3023 e
903 2971 971 3023 t'lin·

180 3049 271 3110 ghero,
288 3048 374 3098 erasi
392 3049 579 3110 demerendo,
597 3051 645 3101 ebe
663 3057 759 3115 troppo
777 3054 852 3115 lunga
870 3052 970 3101 diceris

181 3128 303 3178 sarebbo
320 3129 372 3178 'lra
389 3126 475 3180 nostri
491 3131 514 3179 sl
530 3130 673 3181 destarono
698 3132 781 3181 anebe
805 3145 867 3195 gare
884 3132 910 3180 d'
921 3133 970 3179 tm·

180 3212 309 3273 portauza
325 3212 365 3258 tra
381 3210 511 3259 Generosi
529 3221 544 3259 e
561 3210 715 3273 florentini,
727 3209 818 3259 Sauasi
839 3223 854 3259 e
872 3209 971 3265 litato·

162 3309 165 3314 *
183 3287 359 3349 ra,Saroja-e
376 3289 477 3337 Milone.
497 3288 515 3338 ll
532 3289 580 3339 elie
598 3288 691 3338 storbo
709 3288 970 3351 grandissimamento

184 3369 206 3416 la
224 3368 296 3416 detta
312 3367 390 3416 Senta
407 3368 532 3430 impresa,
549 3382 562 3417 e
579 3370 613 3432 gli
631 3370 754 3419 intelletti
772 3367 970 3431 s'occuparano

182 3448 236 3496 esi
252 3447 407 3510 perderano
425 3460 474 3510 per
495 3450 667 3499 accomodare
691 3453 786 3514 queste
807 3448 969 3507 differente,

181 3528 250 3577 nelle
266 3528 338 3590 quali
354 3527 378 3577 le
396 3530 495 3590 regioni
511 3540 564 3579 non
581 3534 728 3580 troraraun
750 3529 856 3592 ragione
875 3529 925 3578 elie
945 3530 969 3579 la

179 3608 416 3665 riconcittasse,si
433 3608 603 3669 miserarano
621 3621 671 3662 eoo
688 3608 901 3668 l’ostinazione,
916 3620 931 3657 a
948 3607 970 3658 si

179 3686 332 3736 reoderano
345 3676 471 3736 indomita
484 3686 582 3747 perche
599 3700 651 3736 non
671 3690 804 3750 poterann
817 3700 892 3738 esser
909 3699 971 3749 sog·

178 3764 281 3829 giogate
303 3761 337 3814 da
356 3768 481 3814 senteuza
505 3765 557 3813 alla
577 3765 654 3826 quala
684 3765 863 3817 s'ubbidissa.
888 3766 969 3817 Tanta

179 3842 380 3903 mollitudines
397 3842 479 3893 llusso
496 3856 510 3893 e
527 3835 630 3894 rillosso
648 3844 674 3892 di
693 3847 759 3895 tanti
771 3845 970 3906 ambasciatori,

181 3920 260 3977 diade
278 3921 361 3979 anaba
378 3922 517 3973 occessira
533 3934 613 3984 spesa
631 3923 654 3971 al
670 3921 739 3985 Papa
756 3924 804 3978 che
821 3924 838 3972 li
856 3935 969 3985 sperare

181 4002 257 4063 tutti,
280 4003 325 4052 de*
335 4003 406 4065 quali
423 4002 441 4051 li
458 4001 563 4052 Cesarai
588 4003 696 4053 litberto
718 4003 779 4053 etas
801 4002 827 4052 di
849 4002 969 4063 Colonia,

180 4080 323 4143 Gaglialmn
339 4081 366 4131 di
384 4080 477 4140 arata,
493 4081 653 4133 Bernardino
670 4082 697 4132 di
715 4071 890 4134 itubestein'e
913 4082 971 4132 Cri·

184 4160 289 4209 steiano
305 4160 413 4211 Sacbier
434 4165 576 4218 entrarono
601 4174 650 4210 con
674 4148 847 4225 grandissima
875 4173 970 4224 pompa

183 4240 302 4289 insieme.
326 4239 397 4288 Dieci
423 4238 518 4289 turono
535 4241 614 4302 quelli
630 4241 657 4290 di
674 4241 792 4292 svizzert
817 4253 831 4291 e
856 4241 970 4304 Grigiont

184 4318 331 4381 de'qualiil
339 4318 486 4380 principale
503 4319 530 4369 lu
547 4320 661 4371 lieberto
676 4316 798 4371 Beilator.
813 4323 971 4370 Vrstsuous

182 4395 231 4447 loo.
246 4397 288 4445 cit.
303 4409 330 4457 p.
346 4399 384 4447 to.

226 4475 427 4526 Observandum
439 4477 556 4539 insuper,
568 4478 686 4541 legatos,
698 4492 732 4529 ex
743 4480 839 4542 Regum
852 4479 969 4529 consiliis

181 4559 210 4605 et
227 4556 358 4606 mandatis
375 4558 415 4608 sic
435 4557 468 4606 de
485 4558 670 4618 praecedentia
688 4561 785 4609 acriter
803 4563 916 4608 certare.
933 4558 969 4609 De

182 4636 288 4698 Lagaris
299 4634 440 4698 Hispaniae
457 4637 522 4686 baec
537 4637 662 4695 listriana,
678 4651 719 4699 op.
739 4650 760 4688 c.
777 4637 792 4687 l.
803 4637 874 4688 XXV.
886 4649 907 4686 c.
919 4635 970 4689 Xll.

183 4715 316 4767 ··atadina
330 4713 542 4775 iureconsultus,
559 4719 586 4765 et
602 4716 780 4770 Bernardinus
796 4717 969 4777 Carvaialius‚

181 4795 207 4845 in
225 4796 310 4847 locum
326 4794 434 4844 Garsiae
446 4793 530 4843 Toleti
541 4795 721 4845 asturicensis
739 4799 802 4845 tuuc
819 4794 970 4857 episcopus,

181 4873 278 4924 deinde
304 4873 450 4924 cardinalis
474 4876 501 4922 et
525 4872 690 4923 Placentinus
714 4875 872 4936 episcopus,
899 4873 969 4935 apud

180 4951 482 5004 llomanuml’ontidcem
493 4963 543 5013 pro
559 4950 724 5002 Ferdinando
739 4952 895 5015 Legatorum
909 4965 969 5014 par·

180 5036 223 5084 tes
238 5031 397 5095 implebant:
412 5031 447 5080 ils
464 5029 614 5081 mandatum
632 5035 660 5081 ut
676 5030 844 5082 maximiliani
862 5032 970 5094 legatis,

179 5124 247 5174 quos
259 5112 292 5162 ad
308 5110 456 5162 Pontificem
475 5112 583 5160 miserat
599 5114 817 5172 praetermorem
829 5111 968 5168 majorum,

180 5195 210 5242 ut
225 5192 329 5255 quidam
346 5189 528 5252 disputabant,
539 5189 684 5252 superstite
701 5193 778 5251 patra
795 5190 920 5251 Augusto,
932 5190 967 5239 ita

180 5269 284 5332 priores
301 5273 392 5331 partes
408 5269 606 5328 concederent,
623 5269 644 5318 si
661 5268 727 5321 Galli
744 5269 818 5332 lingis
829 5334 831 5339 ⁴
842 5268 967 5321 Oratores

182 5348 253 5402 idem
270 5351 408 5415 lacerent:
425 5347 525 5408 medos
542 5349 660 5402 assidere
675 5361 728 5400 noo
745 5352 900 5412 paterentur
916 5368 937 5398 ι.

1042 487 1117 548 citra
1139 505 1210 548 reso
1235 488 1362 548 nonani
1387 485 1424 547 ad
1448 488 1594 549 sinistram
1613 486 1765 550 Poetilieis
1779 507 1831 567 pe·

1041 585 1242 661 nudeserunt3
1263 586 1370 666 quibus
1388 607 1419 649 sa
1439 606 1539 650 coram
1561 587 1702 650 Poetillee
1722 589 1829 650 eonsd·

1040 690 1132 761 tutis,
1149 687 1279 750 Pontifex
1300 688 1423 768 incoepit
1437 691 1579 769 explicare
1594 705 1714 750 caumm
1743 707 1829 750 roes·

1041 789 1124 850 tionis
1147 806 1257 849 eorum
1276 788 1308 849 in
1333 789 1541 863 conclusione3
1567 799 1596 851 et
1628 788 1759 867 quasia
1785 808 1830 851 res

1040 888 1211 969 egrediendo
1241 889 1334 961 soret,
1349 886 1435 966 juxta
1458 890 1610 952 literarum
1637 906 1764 951 suarum
1785 901 1828 950 ta-

1040 998 1164 1062 a'orem,
1180 988 1219 1048 ad
1238 990 1384 1069 principes
1401 990 1561 1074 datarum,
1581 991 1715 1052 animum
1741 1007 1829 1068 expo-i

1040 1107 1121 1151 sens.
1148 1088 1368 1168 Responderunt
1389 1087 1552 1170 Oratores,
1571 1110 1603 1152 se
1629 1099 1751 1151 roeatm
1774 1109 1829 1151 essa

1039 1190 1076 1251 ad
1100 1189 1271 1268 audiendam
1296 1192 1472 1259 uoluntatem
1495 1190 1662 1252 Sanctitatis
1688 1190 1828 1261 Suae‚et

1040 1291 1121 1354 illam
1135 1288 1313 1371 principibus
1329 1291 1390 1351 suis
1405 1289 1598 1363 referendam,
1608 1290 1653 1351 ad
1675 1289 1756 1368 quod
1779 1309 1828 1369 pa·

1040 1391 1096 1453 rati
1122 1402 1232 1463 essem,
1258 1409 1311 1452 nee
1331 1410 1363 1452 se
1384 1389 1524 1457 mandata,
1539 1391 1697 1453 haberead
1711 1392 1827 1452 couelu-

1042 1491 1177 1553 deudum.
1195 1491 1265 1556 Ouo
1279 1488 1422 1553 Oratores
1441 1490 1551 1570 Regis,
1571 1504 1599 1553 et
1623 1491 1827 1570 regini-Hispa·

1040 1593 1176 1666 siarum
1193 1592 1244 1670 qui
1263 1609 1333 1653 eum
1348 1593 1454 1655 nostris
1473 1593 1570 1653 locam
1584 1592 1754 1651 babuerunt
1775 1608 1826 1650 ure

1039 1704 1107 1755 sure
1134 1692 1251 1756 mnino
1272 1691 1401 1755 lieberto
1428 1693 1463 1755 de
1494 1691 1824 1772 §miseratorem

1038 1794 1202 1873 imperiali,
1224 1792 1358 1881 dirarunt
1377 1793 1504 1858 &nina
1525 1805 1642 1866 nostro,
1657 1794 1739 1872 qood
1755 1793 1828 1871 Sana

1038 1897 1120 1959 cota
1134 1895 1195 1958 Sua
1215 1897 1334 1974 singulis
1349 1914 1401 1955 sua
1418 1896 1482 1956 loce
1500 1894 1571 1956 dare
1594 1895 1684 1957 vellet
1697 1939 1707 1968 ,
1722 1906 1753 1956 et
1774 1912 1826 1957 eoa

1038 2015 1086 2058 ans
1098 2016 1130 2060 sa
1144 1998 1173 2058 iu
1185 2007 1281 2077 partes
1294 1995 1421 2057 diridere
1433 2036 1444 2066 ,
1454 1995 1504 2058 sed
1517 1995 1606 2059 simol
1628 2013 1741 2074 ponem
1751 2013 1828 2057 more

1037 2097 1143 2171 solito;
1170 2097 1305 2176 alioquin,
1327 2098 1460 2179 deinceps
1489 2099 1520 2160 ln
1555 2099 1828 2178 congregationibus

1039 2197 1207 2279 hujusmodi
1232 2214 1400 2279 comparere
1429 2217 1486 2261 nost
1509 2200 1635 2275 relleot;
1649 2254 1653 2260 .
1669 2197 1736 2276 jam
1762 2219 1826 2261 rero

1041 2297 1184 2362 Oratores
1202 2299 1402 2380 supplicarunt
1416 2299 1570 2363 &oculati
1591 2299 1671 2362 Suae
1692 2299 1773 2378 qood
1790 2304 1828 2361 ei·

1041 2401 1099 2461 tius
1111 2418 1162 2462 eos
1174 2399 1331 2479 expediret,
1353 2411 1386 2462 ut
1406 2411 1472 2462 asta
1493 2402 1605 2463 calores
1620 2402 1776 2463 aestivales
1795 2400 1827 2461 ad

1039 2501 1168 2581 patriam
1187 2511 1302 2580 possent
1319 2499 1437 2574 redires
1453 2511 1482 2562 et
1505 2513 1550 2563 est
1567 2501 1761 2582 cmgregatio
1790 2502 1826 2562 sic

1040 2601 1244 2675 dissolute,ln
1270 2618 1328 2680 qua
1351 2599 1493 2665 Oratores
1520 2603 1655 2666 habemas
1682 2604 1826 2678 mandata,

1042 2703 1152 2781 quibus
1165 2701 1387 2781 priuaittanon
1406 2703 1550 2779 videraut,
1568 2715 1801 2785 praesentarunt

1079 2802 1167 2866 Faria
1182 2813 1274 2877 sexta,
1291 2804 1320 2866 l.
1335 2804 1441 2868 mensis
1458 2801 1547 2881 junii,
1565 2805 1623 2866 SS.
1640 2806 1677 2866 i).
1703 2805 1740 2867 N.
1763 2805 1829 2866 mibi

1038 2903 1076 2966 ad
1097 2923 1130 2966 se
1143 2914 1258 2978 russin,
1272 2916 1302 2966 et
1317 2923 1417 2967 coram
1440 2905 1601 2968 Sanctitate
1623 2905 1685 2967 Sua
1700 2906 1734 2967 in
1746 2907 1828 2967 horto
1845 2960 1847 2965 .

1039 3016 1153 3084 nereo
1183 3005 1264 3068 solua
1293 3022 1362 3068 cam
1390 3008 1453 3070 solo
1482 3008 1666 3078 constituto,
1687 3007 1830 3069 commisit

1040 3118 1183 3185 quatenus
1215 3123 1281 3167 oras
1311 3108 1339 3168 in
1370 3109 1497 3186 vesperis
1524 3107 1686 3171 Sanctitme
1716 3107 1828 3170 Sueiu

1039 3209 1200 3287 cappellam
1229 3208 1377 3282 intrante,
1403 3208 1524 3272 daretur
1544 3211 1630 3271 locus
1660 3208 1699 3268 ad
1720 3208 1827 3288 grados

1039 3308 1103 3371 solil
1124 3307 1297 3371 sanctitatis·
1311 3307 1391 3369 Suae
1411 3306 1534 3374 Oratori
1553 3308 1644 3390 Regis
1666 3308 1824 3371 Scotorum

1038 3419 1103 3487 post
1124 3407 1389 3480 ascensorios
1404 3419 1468 3487 post
1495 3408 1582 3471 illum
1602 3409 1700 3470 tribus
1716 3406 1828 3471 Orato-

1039 3506 1121 3569 ribus
1138 3507 1248 3573 ducum
1259 3507 1417 3582 liat-ariam
1429 3510 1564 3588 respondi
1577 3508 1735 3572 &raritati
1750 3510 1828 3573 Sarae

1038 3607 1241 3674 inconveniens
1272 3607 1375 3681 rideri,
1405 3627 1514 3688 ponere
1534 3610 1657 3673 elericos
1678 3611 1711 3671 io
1732 3610 1824 3672 locum

1037 3707 1234 3781 secularium,
1252 3707 1305 3785 qui
1322 3718 1366 3777 est
1388 3707 1417 3771 iu
1440 3709 1512 3777 solio
1532 3710 1611 3781 Suae
1637 3710 1828 3783 wassaris„

1037 3809 1087 3871 ubi
1102 3810 1161 3875 alia
1181 3810 1323 3881 contentio
1343 3810 1417 3875 inter
1441 3811 1519 3881 ilios,
1537 3822 1567 3873 et
1580 3809 1689 3875 ducem
1713 3810 1828 3891 praedi·

1038 3923 1142 3985 tlttm‚
1175 3928 1209 3972 ac
1239 3910 1464 3979 conservatores
1496 3911 1610 3984 Urbis,
1644 3912 1752 3991 quibus
1782 3911 1830 3991 ipsi

1038 4009 1178 4078 Oratores
1196 4010 1300 4081 cedere
1321 4013 1440 4084 nolleot,
1456 4024 1557 4092 posset,
1569 4012 1695 4086 exoriri3
1713 4024 1826 4092 praete·

1039 4132 1094 4181 raa
1114 4114 1160 4179 bo
1186 4131 1241 4181 me.
1265 4112 1388 4181 iohanni
1416 4111 1483 4181 duci
1504 4114 1646 4179 &vanae
1667 4114 1830 4194 praeposito

1038 4214 1187 4282 Ecclesiae
1217 4212 1455 4294 tegerseensis,
1482 4215 1554 4283 oiitt
1574 4213 1705 4276 inUrbe
1725 4213 1831 4275 conni-

1039 4328 1101 4383 tuto
1123 4327 1159 4378 ut
1179 4315 1314 4401 Phiiippo
1334 4314 1560 4387 ducielareusi,
1575 4326 1603 4377 ct
1622 4314 1735 4377 Jaeobo
1750 4315 1827 4375 llar-

1038 4417 1133 4479 chinni
1151 4414 1271 4485 Budaosi
1294 4432 1372 4476 nunc
1393 4415 1422 4479 iu
1442 4414 1523 4478 Urbe
1548 4414 1690 4490 existenti,
1713 4417 1743 4477 lo
1763 4433 1830 4496 gre·

1038 4518 1124 4583 dibus
1149 4515 1316 4596 praedietis⁴
1331 4517 1428 4582 ocum
1455 4535 1514 4579 oon
1539 4536 1600 4580 esse
1625 4517 1745 4591 datum,
1765 4517 1828 4597 pri·

1037 4630 1129 4683 essem
1158 4617 1268 4678 clerici.
1298 4615 1462 4696 Replicarit
1489 4618 1566 4689 ‚milti
1602 4618 1750 4690 Sanctitas
1775 4619 1829 4680 Sue

1038 4739 1106 4792 me,
1128 4718 1294 4799 praemissis
1310 4735 1366 4780 uon
1388 4718 1569 4785 obstantibus
1587 4762 1597 4793 ,
1613 4719 1703 4782 dictis
1723 4718 1829 4782 Orato-

1037 4821 1140 4894 ribus,
1161 4831 1304 4899 utsupra
1335 4819 1479 4890 eommisit
1494 4864 1503 4893 ,
1521 4822 1551 4883 io
1583 4821 1657 4882 solio
1686 4821 1829 4901 praedicto

1037 4923 1135 4984 locum
1157 4919 1227 4982 dare
1246 4919 1370 4994 debere,
1392 4933 1422 4983 et
1439 4923 1480 4983 sic
1495 4921 1559 4984 deri
1577 4923 1663 4985 modo
1678 4936 1829 5005 opportere

1036 5024 1073 5086 nd
1094 5023 1228 5088 scaudala
1253 5023 1406 5097 evitanda3
1428 5035 1457 5085 et
1483 5025 1743 5105 quod‘Sanctitas
1772 5026 1827 5089 Soa

1037 5125 1192 5192 decernere
1213 5125 1379 5198 statuisset,
1400 5124 1478 5203 quod
1499 5124 1633 5206 deinceps
1652 5126 1689 5186 ad
1716 5127 1828 5208 cappel-

1035 5229 1094 5290 lam
1120 5228 1220 5312 oullus
1240 5223 1351 5291 Orator
1369 5227 1528 5291 renietrusi
1553 5237 1700 5301 recatus,
1724 5247 1759 5290 ac
1784 5245 1828 5289 re-

1035 5329 1232 5400 uorareralla
1253 5326 1366 5394 bullam
1389 5327 1425 5391 la.
1441 5347 1485 5392 re.
1500 5328 1545 5390 rtt
1572 5329 1668 5410 Papae
1688 5325 1826 5396 Seruudit
