<?xml version="1.0" encoding="UTF-8"?>
<!DOCTYPE html PUBLIC "-//W3C//DTD XHTML 1.0 Transitional//EN"
    "http://www.w3.org/TR/xhtml1/DTD/xhtml1-transitional.dtd">
<html xmlns="http://www.w3.org/1999/xhtml" xml:lang="en" lang="en">
 <head>
  <title>
</title>
<meta http-equiv="Content-Type" content="text/html;charset=utf-8" />
  <meta name='ocr-system' content='tesseract 3.04.00' />
  <meta name='ocr-capabilities' content='ocr_page ocr_carea ocr_par ocr_line ocrx_word'/>
</head>
<body>
  <div class='ocr_page' id='page_1' title='image "./johannisburchar00genngoog/johannisburchar00genngoog_0267.png"; bbox 0 0 3758 6030; ppageno 0'>
   <div class='ocr_carea' id='block_1_1' title="bbox 178 236 968 454">
    <p class='ocr_par' dir='ltr' id='par_1_1' title="bbox 178 236 968 454">
     <span class='ocr_line' id='line_1_1' title="bbox 178 236 242 298; baseline 0.031 -2"><span class='ocrx_word' id='word_1_1' title='bbox 178 236 242 298; x_wconf 78' lang='lat' dir='ltr'>eat</span> 
     </span>
     <span class='ocr_line' id='line_1_2' title="bbox 180 369 968 454; baseline 0.005 -23"><span class='ocrx_word' id='word_1_2' title='bbox 180 372 249 434; x_wconf 81' lang='lat' dir='ltr'>iicet</span> <span class='ocrx_word' id='word_1_3' title='bbox 267 390 322 451; x_wconf 89' lang='lat' dir='ltr'>pro</span> <span class='ocrx_word' id='word_1_4' title='bbox 345 369 472 450; x_wconf 88' lang='lat' dir='ltr'>quelibet</span> <span class='ocrx_word' id='word_1_5' title='bbox 492 370 658 450; x_wconf 83' lang='lat' dir='ltr'>patriarum</span> <span class='ocrx_word' id='word_1_6' title='bbox 673 388 750 433; x_wconf 77' lang='lat' dir='ltr'>tenua</span> <span class='ocrx_word' id='word_1_7' title='bbox 770 372 876 434; x_wconf 86' lang='lat' dir='ltr'>nobilis</span> <span class='ocrx_word' id='word_1_8' title='bbox 896 393 968 454; x_wconf 88' lang='lat' dir='ltr'>por·</span> 
     </span>
    </p>
   </div>
   <div class='ocr_carea' id='block_1_2' title="bbox 854 518 964 530">
    <p class='ocr_par' dir='ltr' id='par_1_2' title="bbox 854 518 964 530">
     <span class='ocr_line' id='line_1_3' title="bbox 854 518 964 530; baseline 0.009 -1"><span class='ocrx_word' id='word_1_9' title='bbox 854 518 964 530; x_wconf 44' lang='grc' dir='ltr'>α*-</span> 
     </span>
    </p>
   </div>
   <div class='ocr_carea' id='block_1_3' title="bbox 177 569 969 869">
    <p class='ocr_par' dir='ltr' id='par_1_3' title="bbox 177 569 969 869">
     <span class='ocr_line' id='line_1_4' title="bbox 177 569 969 638; baseline 0.001 -19"><span class='ocrx_word' id='word_1_10' title='bbox 177 572 269 632; x_wconf 84' lang='lat' dir='ltr'>apanis</span> <span class='ocrx_word' id='word_1_11' title='bbox 295 583 325 620; x_wconf 89' lang='lat' dir='ltr'>ac</span> <span class='ocrx_word' id='word_1_12' title='bbox 354 569 478 620; x_wconf 86' lang='lat' dir='ltr'>studeant</span> <span class='ocrx_word' id='word_1_13' title='bbox 502 572 657 633; x_wconf 79' lang='lat' dir='ltr'>perquirere</span> <span class='ocrx_word' id='word_1_14' title='bbox 683 577 710 622; x_wconf 90' lang='lat' dir='ltr'>ct</span> <span class='ocrx_word' id='word_1_15' title='bbox 737 583 898 622; x_wconf 72' lang='lat' dir='ltr'>coacervem</span> <span class='ocrx_word' id='word_1_16' title='bbox 924 583 969 638; x_wconf 68' lang='lat' dir='ltr'>vea·</span> 
     </span>
     <span class='ocr_line' id='line_1_5' title="bbox 178 647 968 717; baseline 0 -19"><span class='ocrx_word' id='word_1_17' title='bbox 178 661 232 711; x_wconf 90' lang='lat' dir='ltr'>que</span> <span class='ocrx_word' id='word_1_18' title='bbox 247 647 323 697; x_wconf 89' lang='lat' dir='ltr'>nobis</span> <span class='ocrx_word' id='word_1_19' title='bbox 340 648 447 697; x_wconf 87' lang='lat' dir='ltr'>tradere</span> <span class='ocrx_word' id='word_1_20' title='bbox 459 648 556 709; x_wconf 88' lang='lat' dir='ltr'>quibus</span> <span class='ocrx_word' id='word_1_21' title='bbox 573 649 623 717; x_wconf 90' lang='lat' dir='ltr'>ipsi</span> <span class='ocrx_word' id='word_1_22' title='bbox 640 648 748 699; x_wconf 90' lang='lat' dir='ltr'>atiiuunt</span> <span class='ocrx_word' id='word_1_23' title='bbox 759 656 786 699; x_wconf 90' lang='lat' dir='ltr'>et</span> <span class='ocrx_word' id='word_1_24' title='bbox 799 662 848 699; x_wconf 88' lang='lat' dir='ltr'>nos</span> <span class='ocrx_word' id='word_1_25' title='bbox 860 663 968 712; x_wconf 90' lang='lat' dir='ltr'>magno·</span> 
     </span>
     <span class='ocr_line' id='line_1_6' title="bbox 180 725 968 788; baseline 0.003 -13"><span class='ocrx_word' id='word_1_26' title='bbox 180 738 247 787; x_wconf 87' lang='lat' dir='ltr'>pere</span> <span class='ocrx_word' id='word_1_27' title='bbox 274 725 429 788; x_wconf 76' lang='lat' dir='ltr'>indigemus.</span> <span class='ocrx_word' id='word_1_28' title='bbox 451 726 553 777; x_wconf 79' lang='lat' dir='ltr'><strong>Nullam</strong></span> <span class='ocrx_word' id='word_1_29' title='bbox 571 726 588 774; x_wconf 90' lang='lat' dir='ltr'>ii</span> <span class='ocrx_word' id='word_1_30' title='bbox 604 732 700 778; x_wconf 92' lang='lat' dir='ltr'>norunt</span> <span class='ocrx_word' id='word_1_31' title='bbox 728 728 893 777; x_wconf 70' lang='lat' dir='ltr'>idolatriamz</span> <span class='ocrx_word' id='word_1_32' title='bbox 916 740 968 777; x_wconf 85' lang='lat' dir='ltr'>imo</span> 
     </span>
     <span class='ocr_line' id='line_1_7' title="bbox 180 802 968 869; baseline 0.003 -17"><span class='ocrx_word' id='word_1_33' title='bbox 180 802 331 854; x_wconf 83' lang='lat' dir='ltr'>firmissime</span> <span class='ocrx_word' id='word_1_34' title='bbox 350 802 462 853; x_wconf 88' lang='lat' dir='ltr'>creduut</span> <span class='ocrx_word' id='word_1_35' title='bbox 479 817 581 853; x_wconf 89' lang='lat' dir='ltr'>omnem</span> <span class='ocrx_word' id='word_1_36' title='bbox 599 806 669 854; x_wconf 71' lang='lat' dir='ltr'>virne</span> <span class='ocrx_word' id='word_1_37' title='bbox 688 818 791 855; x_wconf 90' lang='lat' dir='ltr'>emnem</span> <span class='ocrx_word' id='word_1_38' title='bbox 809 808 968 869; x_wconf 73' lang='lat' dir='ltr'>potentiamr</span> 
     </span>
    </p>
   </div>
   <div class='ocr_carea' id='block_1_4' title="bbox 178 881 998 949">
    <p class='ocr_par' dir='ltr' id='par_1_4' title="bbox 178 881 998 949">
     <span class='ocr_line' id='line_1_8' title="bbox 178 881 998 949; baseline 0.001 -17"><span class='ocrx_word' id='word_1_39' title='bbox 178 884 266 932; x_wconf 88' lang='lat' dir='ltr'>omnia</span> <span class='ocrx_word' id='word_1_40' title='bbox 283 881 395 944; x_wconf 91' lang='lat' dir='ltr'>denique</span> <span class='ocrx_word' id='word_1_41' title='bbox 414 882 480 931; x_wconf 89' lang='lat' dir='ltr'>bona</span> <span class='ocrx_word' id='word_1_42' title='bbox 498 894 558 932; x_wconf 88' lang='lat' dir='ltr'>essa</span> <span class='ocrx_word' id='word_1_43' title='bbox 576 885 601 932; x_wconf 94' lang='lat' dir='ltr'>in</span> <span class='ocrx_word' id='word_1_44' title='bbox 621 883 699 933; x_wconf 77' lang='lat' dir='ltr'>Celo:</span> <span class='ocrx_word' id='word_1_45' title='bbox 713 896 807 947; x_wconf 91' lang='lat' dir='ltr'>meque</span> <span class='ocrx_word' id='word_1_46' title='bbox 829 885 888 934; x_wconf 85' lang='lat' dir='ltr'>inde</span> <span class='ocrx_word' id='word_1_47' title='bbox 909 896 968 933; x_wconf 90' lang='lat' dir='ltr'>cum</span> <span class='ocrx_word' id='word_1_48' title='bbox 984 929 998 949; x_wconf 61' lang='lat'><em>‚</em></span> 
     </span>
    </p>
   </div>
   <div class='ocr_carea' id='block_1_5' title="bbox 179 960 973 5366">
    <p class='ocr_par' dir='ltr' id='par_1_5' title="bbox 179 960 973 5366">
     <span class='ocr_line' id='line_1_9' title="bbox 179 960 969 1026; baseline 0.003 -17"><span class='ocrx_word' id='word_1_49' title='bbox 179 960 222 1010; x_wconf 93' lang='lat' dir='ltr'>bis</span> <span class='ocrx_word' id='word_1_50' title='bbox 239 960 353 1010; x_wconf 87' lang='lat' dir='ltr'>navibus</span> <span class='ocrx_word' id='word_1_51' title='bbox 371 964 396 1008; x_wconf 82' lang='lat' dir='ltr'>et</span> <span class='ocrx_word' id='word_1_52' title='bbox 414 962 500 1010; x_wconf 91' lang='lat' dir='ltr'>nantis</span> <span class='ocrx_word' id='word_1_53' title='bbox 517 960 700 1011; x_wconf 69' lang='lat' dir='ltr'>descendisset</span> <span class='ocrx_word' id='word_1_54' title='bbox 719 969 798 1026; x_wconf 90' lang='lat' dir='ltr'>etque</span> <span class='ocrx_word' id='word_1_55' title='bbox 815 963 870 1021; x_wconf 53' lang='lat' dir='ltr'>lieo¹</span> <span class='ocrx_word' id='word_1_56' title='bbox 882 965 969 1012; x_wconf 90' lang='lat' dir='ltr'>animo</span> 
     </span>
     <span class='ocr_line' id='line_1_10' title="bbox 181 1027 969 1106; baseline 0.003 -19"><span class='ocrx_word' id='word_1_57' title='bbox 181 1037 279 1101; x_wconf 86' lang='lat' dir='ltr'>ubique</span> <span class='ocrx_word' id='word_1_58' title='bbox 292 1038 328 1088; x_wconf 86' lang='lat' dir='ltr'>fni</span> <span class='ocrx_word' id='word_1_59' title='bbox 340 1043 626 1101; x_wconf 85' lang='lat' dir='ltr'>susceptuspostqnam</span> <span class='ocrx_word' id='word_1_60' title='bbox 638 1029 736 1091; x_wconf 85' lang='lat' dir='ltr'>metum</span> <span class='ocrx_word' id='word_1_61' title='bbox 749 1027 969 1106; x_wconf 80' lang='lat' dir='ltr'>repulerantiieo</span> 
     </span>
     <span class='ocr_line' id='line_1_11' title="bbox 182 1117 969 1183; baseline 0.003 -17"><span class='ocrx_word' id='word_1_62' title='bbox 182 1122 242 1166; x_wconf 92' lang='lat' dir='ltr'>sunt</span> <span class='ocrx_word' id='word_1_63' title='bbox 268 1128 362 1179; x_wconf 88' lang='lat' dir='ltr'>segnes</span> <span class='ocrx_word' id='word_1_64' title='bbox 386 1120 431 1165; x_wconf 89' lang='lat' dir='ltr'>aut</span> <span class='ocrx_word' id='word_1_65' title='bbox 456 1117 554 1166; x_wconf 66' lang='lat' dir='ltr'>rudese</span> <span class='ocrx_word' id='word_1_66' title='bbox 569 1120 632 1180; x_wconf 89' lang='lat' dir='ltr'>quin</span> <span class='ocrx_word' id='word_1_67' title='bbox 649 1124 744 1170; x_wconf 87' lang='lat' dir='ltr'>summi</span> <span class='ocrx_word' id='word_1_68' title='bbox 761 1133 791 1170; x_wconf 92' lang='lat' dir='ltr'>ac</span> <span class='ocrx_word' id='word_1_69' title='bbox 808 1122 969 1183; x_wconf 89' lang='lat' dir='ltr'>perspicacis</span> 
     </span>
     <span class='ocr_line' id='line_1_12' title="bbox 182 1195 969 1259; baseline 0.005 -15"><span class='ocrx_word' id='word_1_70' title='bbox 182 1195 293 1258; x_wconf 78' lang='lat' dir='ltr'>ingenii:</span> <span class='ocrx_word' id='word_1_71' title='bbox 311 1200 337 1244; x_wconf 92' lang='lat' dir='ltr'>et</span> <span class='ocrx_word' id='word_1_72' title='bbox 354 1195 474 1246; x_wconf 82' lang='lat' dir='ltr'>homines</span> <span class='ocrx_word' id='word_1_73' title='bbox 491 1198 536 1259; x_wconf 89' lang='lat' dir='ltr'>qui</span> <span class='ocrx_word' id='word_1_74' title='bbox 559 1199 731 1249; x_wconf 76' lang='lat' dir='ltr'>transfretent</span> <span class='ocrx_word' id='word_1_75' title='bbox 748 1212 820 1249; x_wconf 89' lang='lat' dir='ltr'>mare</span> <span class='ocrx_word' id='word_1_76' title='bbox 838 1199 900 1248; x_wconf 91' lang='lat' dir='ltr'>illud</span> <span class='ocrx_word' id='word_1_77' title='bbox 918 1211 969 1248; x_wconf 95' lang='lat' dir='ltr'>non</span> 
     </span>
     <span class='ocr_line' id='line_1_13' title="bbox 183 1273 970 1340; baseline 0.008 -19"><span class='ocrx_word' id='word_1_78' title='bbox 183 1275 248 1323; x_wconf 85' lang='lat' dir='ltr'>sine.</span> <span class='ocrx_word' id='word_1_79' title='bbox 264 1273 436 1324; x_wconf 77' lang='lat' dir='ltr'>admiratione</span> <span class='ocrx_word' id='word_1_80' title='bbox 460 1276 666 1340; x_wconf 86' lang='lat' dir='ltr'>uniuscuiusque</span> <span class='ocrx_word' id='word_1_81' title='bbox 691 1281 730 1328; x_wconf 89' lang='lat' dir='ltr'>rei</span> <span class='ocrx_word' id='word_1_82' title='bbox 754 1281 882 1329; x_wconf 89' lang='lat' dir='ltr'>rationem</span> <span class='ocrx_word' id='word_1_83' title='bbox 908 1279 970 1327; x_wconf 87' lang='lat' dir='ltr'>red·</span> 
     </span>
     <span class='ocr_line' id='line_1_14' title="bbox 184 1348 970 1420; baseline 0.011 -22"><span class='ocrx_word' id='word_1_84' title='bbox 184 1348 250 1400; x_wconf 91' lang='lat' dir='ltr'>dunt</span> <span class='ocrx_word' id='word_1_85' title='bbox 275 1350 324 1409; x_wconf 86' lang='lat' dir='ltr'>sed</span> <span class='ocrx_word' id='word_1_86' title='bbox 350 1364 482 1414; x_wconf 87' lang='lat' dir='ltr'>nunquam</span> <span class='ocrx_word' id='word_1_87' title='bbox 500 1353 623 1414; x_wconf 82' lang='lat' dir='ltr'>viderunt</span> <span class='ocrx_word' id='word_1_88' title='bbox 639 1361 730 1420; x_wconf 88' lang='lat' dir='ltr'>gentes</span> <span class='ocrx_word' id='word_1_89' title='bbox 752 1360 863 1409; x_wconf 86' lang='lat' dir='ltr'>vestitas</span> <span class='ocrx_word' id='word_1_90' title='bbox 884 1370 970 1420; x_wconf 84' lang='lat' dir='ltr'>neque</span> 
     </span>
     <span class='ocr_line' id='line_1_15' title="bbox 186 1430 970 1497; baseline 0.014 -21"><span class='ocrx_word' id='word_1_91' title='bbox 186 1440 273 1478; x_wconf 87' lang='lat' dir='ltr'>naves</span> <span class='ocrx_word' id='word_1_92' title='bbox 292 1430 457 1480; x_wconf 84' lang='lat' dir='ltr'>huiusmodi.</span> <span class='ocrx_word' id='word_1_93' title='bbox 473 1431 526 1495; x_wconf 82' lang='lat' dir='ltr'>Ego</span> <span class='ocrx_word' id='word_1_94' title='bbox 552 1435 641 1484; x_wconf 86' lang='lat' dir='ltr'>statim</span> <span class='ocrx_word' id='word_1_95' title='bbox 666 1440 744 1497; x_wconf 90' lang='lat' dir='ltr'>atque</span> <span class='ocrx_word' id='word_1_96' title='bbox 761 1436 794 1486; x_wconf 90' lang='lat' dir='ltr'>ad</span> <span class='ocrx_word' id='word_1_97' title='bbox 812 1448 885 1487; x_wconf 88' lang='lat' dir='ltr'>mare</span> <span class='ocrx_word' id='word_1_98' title='bbox 907 1439 970 1487; x_wconf 94' lang='lat' dir='ltr'>titud</span> 
     </span>
     <span class='ocr_line' id='line_1_16' title="bbox 184 1507 971 1573; baseline 0.013 -18"><span class='ocrx_word' id='word_1_99' title='bbox 184 1507 295 1568; x_wconf 88' lang='lat' dir='ltr'>perveni</span> <span class='ocrx_word' id='word_1_100' title='bbox 321 1509 404 1569; x_wconf 86' lang='lat' dir='ltr'>prima</span> <span class='ocrx_word' id='word_1_101' title='bbox 429 1509 515 1562; x_wconf 87' lang='lat' dir='ltr'>insuia</span> <span class='ocrx_word' id='word_1_102' title='bbox 533 1513 660 1573; x_wconf 91' lang='lat' dir='ltr'>quosdam</span> <span class='ocrx_word' id='word_1_103' title='bbox 679 1512 755 1564; x_wconf 90' lang='lat' dir='ltr'>indos</span> <span class='ocrx_word' id='word_1_104' title='bbox 776 1516 906 1564; x_wconf 90' lang='lat' dir='ltr'>violenter</span> <span class='ocrx_word' id='word_1_105' title='bbox 925 1529 971 1564; x_wconf 90' lang='lat' dir='ltr'>er·</span> 
     </span>
     <span class='ocr_line' id='line_1_17' title="bbox 182 1585 971 1655; baseline 0.011 -21"><span class='ocrx_word' id='word_1_106' title='bbox 182 1585 267 1648; x_wconf 80' lang='lat' dir='ltr'>ripui:</span> <span class='ocrx_word' id='word_1_107' title='bbox 279 1587 323 1648; x_wconf 90' lang='lat' dir='ltr'>qut</span> <span class='ocrx_word' id='word_1_108' title='bbox 335 1586 484 1637; x_wconf 83' lang='lat' dir='ltr'>ediscerent</span> <span class='ocrx_word' id='word_1_109' title='bbox 496 1601 510 1637; x_wconf 90' lang='lat' dir='ltr'>a</span> <span class='ocrx_word' id='word_1_110' title='bbox 522 1589 597 1640; x_wconf 89' lang='lat' dir='ltr'>nobis</span> <span class='ocrx_word' id='word_1_111' title='bbox 614 1589 641 1641; x_wconf 80' lang='lat' dir='ltr'>bt</span> <span class='ocrx_word' id='word_1_112' title='bbox 657 1605 706 1642; x_wconf 90' lang='lat' dir='ltr'>nos</span> <span class='ocrx_word' id='word_1_113' title='bbox 728 1598 828 1655; x_wconf 87' lang='lat' dir='ltr'>pariter</span> <span class='ocrx_word' id='word_1_114' title='bbox 844 1595 971 1644; x_wconf 87' lang='lat' dir='ltr'>docerent</span> 
     </span>
     <span class='ocr_line' id='line_1_18' title="bbox 185 1664 971 1735; baseline 0.013 -24"><span class='ocrx_word' id='word_1_115' title='bbox 185 1675 218 1712; x_wconf 88' lang='lat' dir='ltr'>ee</span> <span class='ocrx_word' id='word_1_116' title='bbox 243 1677 353 1725; x_wconf 90' lang='lat' dir='ltr'>quorum</span> <span class='ocrx_word' id='word_1_117' title='bbox 375 1664 426 1727; x_wconf 86' lang='lat' dir='ltr'>ipsi</span> <span class='ocrx_word' id='word_1_118' title='bbox 448 1666 473 1715; x_wconf 92' lang='lat' dir='ltr'>in</span> <span class='ocrx_word' id='word_1_119' title='bbox 498 1666 563 1718; x_wconf 89' lang='lat' dir='ltr'>iisce</span> <span class='ocrx_word' id='word_1_120' title='bbox 588 1671 709 1732; x_wconf 91' lang='lat' dir='ltr'>pertibus</span> <span class='ocrx_word' id='word_1_121' title='bbox 726 1674 901 1735; x_wconf 82' lang='lat' dir='ltr'>cognitionem</span> <span class='ocrx_word' id='word_1_122' title='bbox 924 1674 971 1721; x_wconf 90' lang='lat' dir='ltr'>ba·</span> 
     </span>
     <span class='ocr_line' id='line_1_19' title="bbox 181 1740 967 1814; baseline 0.014 -24"><span class='ocrx_word' id='word_1_123' title='bbox 181 1740 296 1793; x_wconf 65' lang='lat' dir='ltr'>bebonis</span> <span class='ocrx_word' id='word_1_124' title='bbox 313 1746 339 1793; x_wconf 91' lang='lat' dir='ltr'>et</span> <span class='ocrx_word' id='word_1_125' title='bbox 356 1756 388 1793; x_wconf 83' lang='lat' dir='ltr'>ex</span> <span class='ocrx_word' id='word_1_126' title='bbox 407 1749 469 1794; x_wconf 86' lang='lat' dir='ltr'>voto</span> <span class='ocrx_word' id='word_1_127' title='bbox 485 1751 629 1798; x_wconf 66' lang='lat' dir='ltr'>successim</span> <span class='ocrx_word' id='word_1_128' title='bbox 647 1763 707 1800; x_wconf 90' lang='lat' dir='ltr'>nem</span> <span class='ocrx_word' id='word_1_129' title='bbox 724 1751 799 1801; x_wconf 88' lang='lat' dir='ltr'>brevi</span> <span class='ocrx_word' id='word_1_130' title='bbox 812 1765 864 1803; x_wconf 87' lang='lat' dir='ltr'>nos</span> <span class='ocrx_word' id='word_1_131' title='bbox 880 1755 967 1814; x_wconf 76' lang='lat' dir='ltr'>ipsos:</span> 
     </span>
     <span class='ocr_line' id='line_1_20' title="bbox 182 1823 971 1891; baseline 0.016 -22"><span class='ocrx_word' id='word_1_132' title='bbox 182 1825 209 1870; x_wconf 93' lang='lat' dir='ltr'>et</span> <span class='ocrx_word' id='word_1_133' title='bbox 226 1823 243 1870; x_wconf 92' lang='lat' dir='ltr'>ii</span> <span class='ocrx_word' id='word_1_134' title='bbox 261 1835 309 1872; x_wconf 91' lang='lat' dir='ltr'>nos</span> <span class='ocrx_word' id='word_1_135' title='bbox 333 1825 388 1871; x_wconf 93' lang='lat' dir='ltr'>tum</span> <span class='ocrx_word' id='word_1_136' title='bbox 411 1830 486 1889; x_wconf 88' lang='lat' dir='ltr'>gestu</span> <span class='ocrx_word' id='word_1_137' title='bbox 510 1839 542 1876; x_wconf 92' lang='lat' dir='ltr'>ec</span> <span class='ocrx_word' id='word_1_138' title='bbox 565 1829 662 1891; x_wconf 80' lang='lat' dir='ltr'>signis:</span> <span class='ocrx_word' id='word_1_139' title='bbox 684 1837 737 1880; x_wconf 89' lang='lat' dir='ltr'>tum</span> <span class='ocrx_word' id='word_1_140' title='bbox 756 1831 845 1881; x_wconf 85' lang='lat' dir='ltr'>verbis</span> <span class='ocrx_word' id='word_1_141' title='bbox 869 1833 971 1882; x_wconf 88' lang='lat' dir='ltr'>intelle·</span> 
     </span>
     <span class='ocr_line' id='line_1_21' title="bbox 182 1904 971 1965; baseline 0.013 -16"><span class='ocrx_word' id='word_1_142' title='bbox 182 1905 299 1950; x_wconf 85' lang='lat' dir='ltr'>xeruut=</span> <span class='ocrx_word' id='word_1_143' title='bbox 326 1915 473 1965; x_wconf 86' lang='lat' dir='ltr'>magnoque</span> <span class='ocrx_word' id='word_1_144' title='bbox 499 1904 575 1955; x_wconf 90' lang='lat' dir='ltr'>uobis</span> <span class='ocrx_word' id='word_1_145' title='bbox 603 1906 676 1958; x_wconf 88' lang='lat' dir='ltr'>fuere</span> <span class='ocrx_word' id='word_1_146' title='bbox 704 1905 901 1959; x_wconf 67' lang='lat' dir='ltr'>euroiumeuto&#39;e</span> <span class='ocrx_word' id='word_1_147' title='bbox 923 1923 971 1960; x_wconf 93' lang='lat' dir='ltr'>ve·</span> 
     </span>
     <span class='ocr_line' id='line_1_22' title="bbox 183 1979 971 2049; baseline 0.016 -23"><span class='ocrx_word' id='word_1_148' title='bbox 183 1980 259 2028; x_wconf 92' lang='lat' dir='ltr'>niunl</span> <span class='ocrx_word' id='word_1_149' title='bbox 280 1979 357 2030; x_wconf 91' lang='lat' dir='ltr'>modo</span> <span class='ocrx_word' id='word_1_150' title='bbox 385 1992 487 2031; x_wconf 89' lang='lat' dir='ltr'>mecum</span> <span class='ocrx_word' id='word_1_151' title='bbox 518 1985 562 2049; x_wconf 86' lang='lat' dir='ltr'>qni</span> <span class='ocrx_word' id='word_1_152' title='bbox 589 1997 694 2048; x_wconf 85' lang='lat' dir='ltr'>semper</span> <span class='ocrx_word' id='word_1_153' title='bbox 710 1991 808 2049; x_wconf 87' lang='lat' dir='ltr'>-puteut</span> <span class='ocrx_word' id='word_1_154' title='bbox 832 2001 873 2039; x_wconf 85' lang='lat' dir='ltr'>me</span> <span class='ocrx_word' id='word_1_155' title='bbox 898 1989 971 2039; x_wconf 88' lang='lat' dir='ltr'>desi·</span> 
     </span>
     <span class='ocr_line' id='line_1_23' title="bbox 183 2056 971 2122; baseline 0.015 -17"><span class='ocrx_word' id='word_1_156' title='bbox 183 2056 264 2107; x_wconf 91' lang='lat' dir='ltr'>luisse</span> <span class='ocrx_word' id='word_1_157' title='bbox 281 2070 295 2107; x_wconf 92' lang='lat' dir='ltr'>e</span> <span class='ocrx_word' id='word_1_158' title='bbox 312 2060 391 2117; x_wconf 60' lang='lat' dir='ltr'>cetos</span> <span class='ocrx_word' id='word_1_159' title='bbox 402 2062 513 2122; x_wconf 83' lang='lat' dir='ltr'>quanvis</span> <span class='ocrx_word' id='word_1_160' title='bbox 530 2062 574 2112; x_wconf 86' lang='lat' dir='ltr'>din</span> <span class='ocrx_word' id='word_1_161' title='bbox 591 2064 728 2116; x_wconf 89' lang='lat' dir='ltr'>nobiscum</span> <span class='ocrx_word' id='word_1_162' title='bbox 752 2071 851 2118; x_wconf 83' lang='lat' dir='ltr'>versati</span> <span class='ocrx_word' id='word_1_163' title='bbox 873 2069 971 2118; x_wconf 89' lang='lat' dir='ltr'>tuerint</span> 
     </span>
     <span class='ocr_line' id='line_1_24' title="bbox 182 2137 971 2208; baseline 0.011 -23"><span class='ocrx_word' id='word_1_164' title='bbox 182 2137 313 2199; x_wconf 84' lang='lat' dir='ltr'>hodieque</span> <span class='ocrx_word' id='word_1_165' title='bbox 340 2143 480 2188; x_wconf 85' lang='lat' dir='ltr'>versentur</span> <span class='ocrx_word' id='word_1_166' title='bbox 501 2145 527 2206; x_wconf 75' lang='lat' dir='ltr'>ct</span> <span class='ocrx_word' id='word_1_167' title='bbox 550 2141 566 2190; x_wconf 90' lang='lat' dir='ltr'>ii</span> <span class='ocrx_word' id='word_1_168' title='bbox 591 2148 667 2193; x_wconf 90' lang='lat' dir='ltr'>erent</span> <span class='ocrx_word' id='word_1_169' title='bbox 688 2146 765 2206; x_wconf 89' lang='lat' dir='ltr'>primi</span> <span class='ocrx_word' id='word_1_170' title='bbox 792 2146 837 2208; x_wconf 92' lang='lat' dir='ltr'>qui</span> <span class='ocrx_word' id='word_1_171' title='bbox 860 2146 889 2196; x_wconf 90' lang='lat' dir='ltr'>id</span> <span class='ocrx_word' id='word_1_172' title='bbox 903 2159 971 2208; x_wconf 88' lang='lat' dir='ltr'>qun·</span> 
     </span>
     <span class='ocr_line' id='line_1_25' title="bbox 182 2216 970 2286; baseline 0.01 -21"><span class='ocrx_word' id='word_1_173' title='bbox 182 2226 283 2276; x_wconf 86' lang='lat' dir='ltr'>cunque</span> <span class='ocrx_word' id='word_1_174' title='bbox 300 2216 499 2279; x_wconf 78' lang='lat' dir='ltr'>appellabamus</span> <span class='ocrx_word' id='word_1_175' title='bbox 514 2220 686 2272; x_wconf 83' lang='lat' dir='ltr'>nuntiabant:</span> <span class='ocrx_word' id='word_1_176' title='bbox 705 2224 748 2272; x_wconf 90' lang='lat' dir='ltr'>alii</span> <span class='ocrx_word' id='word_1_177' title='bbox 764 2223 891 2286; x_wconf 88' lang='lat' dir='ltr'>deinceps</span> <span class='ocrx_word' id='word_1_178' title='bbox 913 2224 970 2274; x_wconf 90' lang='lat' dir='ltr'>aliis</span> 
     </span>
     <span class='ocr_line' id='line_1_26' title="bbox 182 2293 971 2366; baseline 0.013 -24"><span class='ocrx_word' id='word_1_179' title='bbox 182 2295 252 2342; x_wconf 88' lang='lat' dir='ltr'>elata</span> <span class='ocrx_word' id='word_1_180' title='bbox 269 2304 330 2342; x_wconf 89' lang='lat' dir='ltr'>voce</span> <span class='ocrx_word' id='word_1_181' title='bbox 348 2293 477 2344; x_wconf 72' lang='lat' dir='ltr'>dicentes:</span> <span class='ocrx_word' id='word_1_182' title='bbox 493 2296 681 2350; x_wconf 86' lang='lat' dir='ltr'>Venitevenite</span> <span class='ocrx_word' id='word_1_183' title='bbox 698 2306 725 2351; x_wconf 90' lang='lat' dir='ltr'>et</span> <span class='ocrx_word' id='word_1_184' title='bbox 741 2302 868 2352; x_wconf 83' lang='lat' dir='ltr'>videbitis</span> <span class='ocrx_word' id='word_1_185' title='bbox 879 2309 971 2366; x_wconf 80' lang='lat' dir='ltr'>gentes</span> 
     </span>
     <span class='ocr_line' id='line_1_27' title="bbox 185 2371 969 2443; baseline 0.015 -23"><span class='ocrx_word' id='word_1_186' title='bbox 185 2371 316 2421; x_wconf 77' lang='lat' dir='ltr'>ethereas.</span> <span class='ocrx_word' id='word_1_187' title='bbox 336 2373 512 2432; x_wconf 83' lang='lat' dir='ltr'>Quamobrem</span> <span class='ocrx_word' id='word_1_188' title='bbox 535 2380 587 2427; x_wconf 92' lang='lat' dir='ltr'>tam</span> <span class='ocrx_word' id='word_1_189' title='bbox 610 2378 704 2429; x_wconf 87' lang='lat' dir='ltr'>femine</span> <span class='ocrx_word' id='word_1_190' title='bbox 726 2394 807 2443; x_wconf 90' lang='lat' dir='ltr'>quem</span> <span class='ocrx_word' id='word_1_191' title='bbox 825 2384 892 2430; x_wconf 75' lang='lat' dir='ltr'>viri:</span> <span class='ocrx_word' id='word_1_192' title='bbox 917 2388 969 2432; x_wconf 90' lang='lat' dir='ltr'>tam</span> 
     </span>
     <span class='ocr_line' id='line_1_28' title="bbox 184 2449 970 2521; baseline 0.017 -24"><span class='ocrx_word' id='word_1_193' title='bbox 184 2449 336 2511; x_wconf 80' lang='lat' dir='ltr'>impuberes</span> <span class='ocrx_word' id='word_1_194' title='bbox 361 2463 439 2512; x_wconf 89' lang='lat' dir='ltr'>quem</span> <span class='ocrx_word' id='word_1_195' title='bbox 464 2452 566 2503; x_wconf 72' lang='lat' dir='ltr'>adulti:</span> <span class='ocrx_word' id='word_1_196' title='bbox 583 2459 636 2505; x_wconf 88' lang='lat' dir='ltr'>tam</span> <span class='ocrx_word' id='word_1_197' title='bbox 661 2457 772 2509; x_wconf 89' lang='lat' dir='ltr'>iuvenes</span> <span class='ocrx_word' id='word_1_198' title='bbox 797 2473 875 2521; x_wconf 88' lang='lat' dir='ltr'>qnam</span> <span class='ocrx_word' id='word_1_199' title='bbox 892 2472 970 2511; x_wconf 87' lang='lat' dir='ltr'>senas</span> 
     </span>
     <span class='ocr_line' id='line_1_29' title="bbox 183 2527 970 2600; baseline 0.015 -23"><span class='ocrx_word' id='word_1_200' title='bbox 183 2527 304 2590; x_wconf 88' lang='lat' dir='ltr'>deposita</span> <span class='ocrx_word' id='word_1_201' title='bbox 331 2528 468 2580; x_wconf 85' lang='lat' dir='ltr'>tormidine</span> <span class='ocrx_word' id='word_1_202' title='bbox 496 2535 573 2594; x_wconf 87' lang='lat' dir='ltr'>paulo</span> <span class='ocrx_word' id='word_1_203' title='bbox 590 2541 651 2586; x_wconf 89' lang='lat' dir='ltr'>ante</span> <span class='ocrx_word' id='word_1_204' title='bbox 668 2542 796 2600; x_wconf 86' lang='lat' dir='ltr'>concepta</span> <span class='ocrx_word' id='word_1_205' title='bbox 820 2551 869 2588; x_wconf 91' lang='lat' dir='ltr'>nos</span> <span class='ocrx_word' id='word_1_206' title='bbox 885 2545 970 2589; x_wconf 87' lang='lat' dir='ltr'>certa·</span> 
     </span>
     <span class='ocr_line' id='line_1_30' title="bbox 185 2606 971 2676; baseline 0.014 -20"><span class='ocrx_word' id='word_1_207' title='bbox 185 2608 230 2656; x_wconf 91' lang='lat' dir='ltr'>tim</span> <span class='ocrx_word' id='word_1_208' title='bbox 247 2606 368 2661; x_wconf 80' lang='lat' dir='ltr'>visebant</span> <span class='ocrx_word' id='word_1_209' title='bbox 393 2621 485 2673; x_wconf 89' lang='lat' dir='ltr'>magna</span> <span class='ocrx_word' id='word_1_210' title='bbox 510 2614 560 2661; x_wconf 91' lang='lat' dir='ltr'>iter</span> <span class='ocrx_word' id='word_1_211' title='bbox 580 2616 695 2676; x_wconf 87' lang='lat' dir='ltr'>stipante</span> <span class='ocrx_word' id='word_1_212' title='bbox 712 2621 838 2666; x_wconf 70' lang='lat' dir='ltr'>catervae</span> <span class='ocrx_word' id='word_1_213' title='bbox 855 2620 912 2667; x_wconf 85' lang='lat' dir='ltr'>aliis</span> <span class='ocrx_word' id='word_1_214' title='bbox 933 2620 971 2668; x_wconf 91' lang='lat' dir='ltr'>ci·</span> 
     </span>
     <span class='ocr_line' id='line_1_31' title="bbox 183 2684 971 2750; baseline 0.018 -17"><span class='ocrx_word' id='word_1_215' title='bbox 183 2684 262 2735; x_wconf 71' lang='lat' dir='ltr'>burne</span> <span class='ocrx_word' id='word_1_216' title='bbox 279 2688 336 2736; x_wconf 91' lang='lat' dir='ltr'>aliis</span> <span class='ocrx_word' id='word_1_217' title='bbox 353 2692 442 2750; x_wconf 90' lang='lat' dir='ltr'>potum</span> <span class='ocrx_word' id='word_1_218' title='bbox 460 2690 631 2742; x_wconf 85' lang='lat' dir='ltr'>afferentibus</span> <span class='ocrx_word' id='word_1_219' title='bbox 656 2697 771 2744; x_wconf 89' lang='lat' dir='ltr'>maximo</span> <span class='ocrx_word' id='word_1_220' title='bbox 796 2709 855 2746; x_wconf 91' lang='lat' dir='ltr'>cum</span> <span class='ocrx_word' id='word_1_221' title='bbox 880 2710 971 2747; x_wconf 85' lang='lat' dir='ltr'>amore</span> 
     </span>
     <span class='ocr_line' id='line_1_32' title="bbox 183 2763 970 2838; baseline 0.018 -26"><span class='ocrx_word' id='word_1_222' title='bbox 183 2776 213 2813; x_wconf 88' lang='lat' dir='ltr'>ac</span> <span class='ocrx_word' id='word_1_223' title='bbox 230 2763 407 2817; x_wconf 88' lang='lat' dir='ltr'>benivolentia</span> <span class='ocrx_word' id='word_1_224' title='bbox 424 2769 579 2820; x_wconf 78' lang='lat' dir='ltr'>incredibili.</span> <span class='ocrx_word' id='word_1_225' title='bbox 602 2771 687 2822; x_wconf 85' lang='lat' dir='ltr'>tisbet</span> <span class='ocrx_word' id='word_1_226' title='bbox 710 2787 864 2838; x_wconf 81' lang='lat' dir='ltr'>unaqueque</span> <span class='ocrx_word' id='word_1_227' title='bbox 886 2776 970 2826; x_wconf 87' lang='lat' dir='ltr'>insula</span> 
     </span>
     <span class='ocr_line' id='line_1_33' title="bbox 184 2844 970 2916; baseline 0.018 -25"><span class='ocrx_word' id='word_1_228' title='bbox 184 2844 279 2893; x_wconf 87' lang='lat' dir='ltr'>multas</span> <span class='ocrx_word' id='word_1_229' title='bbox 296 2846 408 2907; x_wconf 84' lang='lat' dir='ltr'>scaphas</span> <span class='ocrx_word' id='word_1_230' title='bbox 426 2845 501 2896; x_wconf 84' lang='lat' dir='ltr'>so&#39;iidi</span> <span class='ocrx_word' id='word_1_231' title='bbox 519 2849 592 2911; x_wconf 81' lang='lat' dir='ltr'>ligni:</span> <span class='ocrx_word' id='word_1_232' title='bbox 610 2855 636 2900; x_wconf 88' lang='lat' dir='ltr'>et</span> <span class='ocrx_word' id='word_1_233' title='bbox 654 2853 676 2900; x_wconf 91' lang='lat' dir='ltr'>si</span> <span class='ocrx_word' id='word_1_234' title='bbox 698 2858 839 2915; x_wconf 86' lang='lat' dir='ltr'>angustas.</span> <span class='ocrx_word' id='word_1_235' title='bbox 863 2855 970 2916; x_wconf 83' lang='lat' dir='ltr'>iongitu-</span> 
     </span>
     <span class='ocr_line' id='line_1_34' title="bbox 182 2921 970 2995; baseline 0.014 -24"><span class='ocrx_word' id='word_1_236' title='bbox 182 2921 242 2972; x_wconf 90' lang='lat' dir='ltr'>dine</span> <span class='ocrx_word' id='word_1_237' title='bbox 259 2928 346 2973; x_wconf 87' lang='lat' dir='ltr'>tameu</span> <span class='ocrx_word' id='word_1_238' title='bbox 357 2937 387 2973; x_wconf 89' lang='lat' dir='ltr'>ac</span> <span class='ocrx_word' id='word_1_239' title='bbox 399 2923 482 2995; x_wconf 84' lang='lat' dir='ltr'>forme</span> <span class='ocrx_word' id='word_1_240' title='bbox 500 2929 597 2977; x_wconf 89' lang='lat' dir='ltr'>nostris</span> <span class='ocrx_word' id='word_1_241' title='bbox 615 2928 759 2981; x_wconf 88' lang='lat' dir='ltr'>biremibus</span> <span class='ocrx_word' id='word_1_242' title='bbox 772 2931 881 2983; x_wconf 76' lang='lat' dir='ltr'>similes:</span> <span class='ocrx_word' id='word_1_243' title='bbox 891 2945 970 2983; x_wconf 91' lang='lat' dir='ltr'>cursu</span> 
     </span>
     <span class='ocr_line' id='line_1_35' title="bbox 183 3005 972 3069; baseline 0.014 -18"><span class='ocrx_word' id='word_1_244' title='bbox 183 3007 271 3053; x_wconf 87' lang='lat' dir='ltr'>autem</span> <span class='ocrx_word' id='word_1_245' title='bbox 289 3005 445 3067; x_wconf 84' lang='lat' dir='ltr'>velociores.</span> <span class='ocrx_word' id='word_1_246' title='bbox 465 3006 597 3069; x_wconf 89' lang='lat' dir='ltr'>itegnntur</span> <span class='ocrx_word' id='word_1_247' title='bbox 616 3011 695 3058; x_wconf 90' lang='lat' dir='ltr'>remis</span> <span class='ocrx_word' id='word_1_248' title='bbox 713 3013 902 3061; x_wconf 87' lang='lat' dir='ltr'>tautummodo.</span> <span class='ocrx_word' id='word_1_249' title='bbox 919 3012 972 3062; x_wconf 87' lang='lat' dir='ltr'>tie·</span> 
     </span>
     <span class='ocr_line' id='line_1_36' title="bbox 184 3082 971 3154; baseline 0.015 -24"><span class='ocrx_word' id='word_1_250' title='bbox 184 3094 243 3131; x_wconf 91' lang='lat' dir='ltr'>rum</span> <span class='ocrx_word' id='word_1_251' title='bbox 270 3082 381 3143; x_wconf 90' lang='lat' dir='ltr'>quedam</span> <span class='ocrx_word' id='word_1_252' title='bbox 407 3087 467 3132; x_wconf 88' lang='lat' dir='ltr'>sunt</span> <span class='ocrx_word' id='word_1_253' title='bbox 493 3096 610 3148; x_wconf 82' lang='lat' dir='ltr'>magne:</span> <span class='ocrx_word' id='word_1_254' title='bbox 638 3088 750 3150; x_wconf 90' lang='lat' dir='ltr'>quedam</span> <span class='ocrx_word' id='word_1_255' title='bbox 777 3103 880 3152; x_wconf 74' lang='lat' dir='ltr'>parve:</span> <span class='ocrx_word' id='word_1_256' title='bbox 905 3104 971 3154; x_wconf 90' lang='lat' dir='ltr'>que·</span> 
     </span>
     <span class='ocr_line' id='line_1_37' title="bbox 183 3160 971 3233; baseline 0.015 -25"><span class='ocrx_word' id='word_1_257' title='bbox 183 3160 243 3209; x_wconf 89' lang='lat' dir='ltr'>dam</span> <span class='ocrx_word' id='word_1_258' title='bbox 263 3161 287 3208; x_wconf 95' lang='lat' dir='ltr'>in</span> <span class='ocrx_word' id='word_1_259' title='bbox 305 3161 390 3211; x_wconf 92' lang='lat' dir='ltr'>medic</span> <span class='ocrx_word' id='word_1_260' title='bbox 407 3165 565 3215; x_wconf 90' lang='lat' dir='ltr'>consistunt.</span> <span class='ocrx_word' id='word_1_261' title='bbox 583 3166 672 3217; x_wconf 84' lang='lat' dir='ltr'>Plures</span> <span class='ocrx_word' id='word_1_262' title='bbox 690 3178 778 3219; x_wconf 90' lang='lat' dir='ltr'>tamen</span> <span class='ocrx_word' id='word_1_263' title='bbox 800 3170 893 3219; x_wconf 88' lang='lat' dir='ltr'>biremi</span> <span class='ocrx_word' id='word_1_264' title='bbox 920 3184 971 3233; x_wconf 89' lang='lat' dir='ltr'>que</span> 
     </span>
     <span class='ocr_line' id='line_1_38' title="bbox 183 3241 971 3311; baseline 0.014 -23"><span class='ocrx_word' id='word_1_265' title='bbox 183 3242 312 3302; x_wconf 90' lang='lat' dir='ltr'>remigent</span> <span class='ocrx_word' id='word_1_266' title='bbox 323 3241 505 3305; x_wconf 88' lang='lat' dir='ltr'>duodeviginti</span> <span class='ocrx_word' id='word_1_267' title='bbox 521 3250 644 3296; x_wconf 87' lang='lat' dir='ltr'>transtris</span> <span class='ocrx_word' id='word_1_268' title='bbox 657 3249 784 3299; x_wconf 84' lang='lat' dir='ltr'>maiores=</span> <span class='ocrx_word' id='word_1_269' title='bbox 796 3263 854 3299; x_wconf 91' lang='lat' dir='ltr'>cum</span> <span class='ocrx_word' id='word_1_270' title='bbox 876 3251 971 3311; x_wconf 88' lang='lat' dir='ltr'>quibus</span> 
     </span>
     <span class='ocr_line' id='line_1_39' title="bbox 183 3318 973 3389; baseline 0.016 -23"><span class='ocrx_word' id='word_1_271' title='bbox 183 3318 210 3367; x_wconf 90' lang='lat' dir='ltr'>in</span> <span class='ocrx_word' id='word_1_272' title='bbox 228 3332 319 3370; x_wconf 91' lang='lat' dir='ltr'>omnes</span> <span class='ocrx_word' id='word_1_273' title='bbox 342 3322 399 3371; x_wconf 87' lang='lat' dir='ltr'>illas</span> <span class='ocrx_word' id='word_1_274' title='bbox 420 3324 539 3374; x_wconf 84' lang='lat' dir='ltr'>insulas:</span> <span class='ocrx_word' id='word_1_275' title='bbox 555 3340 606 3389; x_wconf 91' lang='lat' dir='ltr'>que</span> <span class='ocrx_word' id='word_1_276' title='bbox 624 3329 853 3378; x_wconf 75' lang='lat' dir='ltr'>innumere-sunta</span> <span class='ocrx_word' id='word_1_277' title='bbox 874 3331 973 3378; x_wconf 87' lang='lat' dir='ltr'>traiici-</span> 
     </span>
     <span class='ocr_line' id='line_1_40' title="bbox 185 3401 972 3468; baseline 0.017 -23"><span class='ocrx_word' id='word_1_278' title='bbox 185 3402 241 3446; x_wconf 82' lang='lat' dir='ltr'>tur:</span> <span class='ocrx_word' id='word_1_279' title='bbox 259 3411 369 3461; x_wconf 90' lang='lat' dir='ltr'>cumque</span> <span class='ocrx_word' id='word_1_280' title='bbox 381 3401 413 3450; x_wconf 85' lang='lat' dir='ltr'>iis</span> <span class='ocrx_word' id='word_1_281' title='bbox 430 3415 514 3468; x_wconf 73' lang='lat' dir='ltr'>suam,</span> <span class='ocrx_word' id='word_1_282' title='bbox 522 3410 696 3455; x_wconf 86' lang='lat' dir='ltr'>mercaturam</span> <span class='ocrx_word' id='word_1_283' title='bbox 719 3411 845 3458; x_wconf 83' lang='lat' dir='ltr'>exercent</span> <span class='ocrx_word' id='word_1_284' title='bbox 861 3412 888 3457; x_wconf 90' lang='lat' dir='ltr'>et</span> <span class='ocrx_word' id='word_1_285' title='bbox 903 3409 972 3458; x_wconf 87' lang='lat' dir='ltr'>inter</span> 
     </span>
     <span class='ocr_line' id='line_1_41' title="bbox 185 3470 971 3547; baseline 0.015 -23"><span class='ocrx_word' id='word_1_286' title='bbox 185 3489 232 3526; x_wconf 89' lang='lat' dir='ltr'>eos</span> <span class='ocrx_word' id='word_1_287' title='bbox 257 3480 384 3529; x_wconf 88' lang='lat' dir='ltr'>comertia</span> <span class='ocrx_word' id='word_1_288' title='bbox 409 3480 483 3539; x_wconf 81' lang='lat' dir='ltr'>liunt</span> <span class='ocrx_word' id='word_1_289' title='bbox 506 3482 616 3546; x_wconf 75' lang='lat' dir='ltr'>aliquas</span> <span class='ocrx_word' id='word_1_290' title='bbox 641 3498 688 3547; x_wconf 90' lang='lat' dir='ltr'>ego</span> <span class='ocrx_word' id='word_1_291' title='bbox 715 3488 808 3536; x_wconf 90' lang='lat' dir='ltr'>berum</span> <span class='ocrx_word' id='word_1_292' title='bbox 834 3470 971 3536; x_wconf 81' lang='lat' dir='ltr'>biremium</span> 
     </span>
     <span class='ocr_line' id='line_1_42' title="bbox 184 3558 971 3629; baseline 0.014 -25"><span class='ocrx_word' id='word_1_293' title='bbox 184 3567 230 3604; x_wconf 90' lang='lat' dir='ltr'>seu</span> <span class='ocrx_word' id='word_1_294' title='bbox 256 3558 413 3619; x_wconf 82' lang='lat' dir='ltr'>sceptrorum</span> <span class='ocrx_word' id='word_1_295' title='bbox 441 3561 494 3608; x_wconf 89' lang='lat' dir='ltr'>vidi</span> <span class='ocrx_word' id='word_1_296' title='bbox 519 3574 569 3623; x_wconf 92' lang='lat' dir='ltr'>que</span> <span class='ocrx_word' id='word_1_297' title='bbox 602 3564 733 3614; x_wconf 90' lang='lat' dir='ltr'>vebebent</span> <span class='ocrx_word' id='word_1_298' title='bbox 758 3566 922 3629; x_wconf 88' lang='lat' dir='ltr'>septuaginta</span> <span class='ocrx_word' id='word_1_299' title='bbox 945 3571 971 3615; x_wconf 91' lang='lat' dir='ltr'>et</span> 
     </span>
     <span class='ocr_line' id='line_1_43' title="bbox 184 3635 972 3699; baseline 0.015 -17"><span class='ocrx_word' id='word_1_300' title='bbox 184 3635 336 3696; x_wconf 88' lang='lat' dir='ltr'>octuaginta</span> <span class='ocrx_word' id='word_1_301' title='bbox 360 3639 481 3699; x_wconf 84' lang='lat' dir='ltr'>remiges.</span> <span class='ocrx_word' id='word_1_302' title='bbox 499 3639 526 3688; x_wconf 96' lang='lat' dir='ltr'>in</span> <span class='ocrx_word' id='word_1_303' title='bbox 549 3641 671 3692; x_wconf 91' lang='lat' dir='ltr'>omnibus</span> <span class='ocrx_word' id='word_1_304' title='bbox 688 3645 829 3694; x_wconf 86' lang='lat' dir='ltr'>iis·insulis</span> <span class='ocrx_word' id='word_1_305' title='bbox 846 3645 914 3694; x_wconf 87' lang='lat' dir='ltr'>nulla</span> <span class='ocrx_word' id='word_1_306' title='bbox 930 3648 972 3694; x_wconf 87' lang='lat' dir='ltr'>est</span> 
     </span>
     <span class='ocr_line' id='line_1_44' title="bbox 186 3712 971 3781; baseline 0.017 -19"><span class='ocrx_word' id='word_1_307' title='bbox 186 3712 332 3763; x_wconf 79' lang='lat' dir='ltr'>diversitas</span> <span class='ocrx_word' id='word_1_308' title='bbox 345 3717 413 3764; x_wconf 91' lang='lat' dir='ltr'>inter</span> <span class='ocrx_word' id='word_1_309' title='bbox 429 3718 514 3778; x_wconf 88' lang='lat' dir='ltr'>gentis</span> <span class='ocrx_word' id='word_1_310' title='bbox 534 3720 645 3781; x_wconf 87' lang='lat' dir='ltr'>efligies.</span> <span class='ocrx_word' id='word_1_311' title='bbox 662 3725 731 3771; x_wconf 91' lang='lat' dir='ltr'>nulls</span> <span class='ocrx_word' id='word_1_312' title='bbox 755 3723 781 3772; x_wconf 90' lang='lat' dir='ltr'>in</span> <span class='ocrx_word' id='word_1_313' title='bbox 798 3724 916 3774; x_wconf 87' lang='lat' dir='ltr'>moribus</span> <span class='ocrx_word' id='word_1_314' title='bbox 933 3730 971 3776; x_wconf 92' lang='lat' dir='ltr'>at·</span> 
     </span>
     <span class='ocr_line' id='line_1_45' title="bbox 183 3794 971 3865; baseline 0.015 -24"><span class='ocrx_word' id='word_1_315' title='bbox 183 3806 234 3854; x_wconf 87' lang='lat' dir='ltr'>que</span> <span class='ocrx_word' id='word_1_316' title='bbox 258 3794 379 3855; x_wconf 80' lang='lat' dir='ltr'>loquela:</span> <span class='ocrx_word' id='word_1_317' title='bbox 398 3797 460 3857; x_wconf 90' lang='lat' dir='ltr'>quin</span> <span class='ocrx_word' id='word_1_318' title='bbox 479 3808 570 3847; x_wconf 87' lang='lat' dir='ltr'>omnes</span> <span class='ocrx_word' id='word_1_319' title='bbox 587 3812 616 3848; x_wconf 90' lang='lat' dir='ltr'>se</span> <span class='ocrx_word' id='word_1_320' title='bbox 634 3800 781 3865; x_wconf 88' lang='lat' dir='ltr'>intelligunt</span> <span class='ocrx_word' id='word_1_321' title='bbox 806 3803 971 3853; x_wconf 73' lang='lat' dir='ltr'>adinvicem:</span> 
     </span>
     <span class='ocr_line' id='line_1_46' title="bbox 183 3876 971 3941; baseline 0.018 -22"><span class='ocrx_word' id='word_1_322' title='bbox 183 3883 234 3932; x_wconf 88' lang='lat' dir='ltr'>que</span> <span class='ocrx_word' id='word_1_323' title='bbox 255 3884 298 3922; x_wconf 89' lang='lat' dir='ltr'>res</span> <span class='ocrx_word' id='word_1_324' title='bbox 314 3876 433 3935; x_wconf 92' lang='lat' dir='ltr'>perutilis</span> <span class='ocrx_word' id='word_1_325' title='bbox 450 3880 492 3925; x_wconf 88' lang='lat' dir='ltr'>est</span> <span class='ocrx_word' id='word_1_326' title='bbox 513 3877 546 3926; x_wconf 90' lang='lat' dir='ltr'>ed</span> <span class='ocrx_word' id='word_1_327' title='bbox 573 3879 598 3928; x_wconf 93' lang='lat' dir='ltr'>id</span> <span class='ocrx_word' id='word_1_328' title='bbox 618 3880 688 3941; x_wconf 91' lang='lat' dir='ltr'>quod</span> <span class='ocrx_word' id='word_1_329' title='bbox 713 3881 899 3932; x_wconf 86' lang='lat' dir='ltr'>serenissimos</span> <span class='ocrx_word' id='word_1_330' title='bbox 921 3884 971 3932; x_wconf 84' lang='lat' dir='ltr'>ite·</span> 
     </span>
     <span class='ocr_line' id='line_1_47' title="bbox 182 3955 970 4020; baseline 0.015 -22"><span class='ocrx_word' id='word_1_331' title='bbox 182 3962 227 4012; x_wconf 89' lang='lat' dir='ltr'>ges</span> <span class='ocrx_word' id='word_1_332' title='bbox 253 3955 360 4002; x_wconf 89' lang='lat' dir='ltr'>nostros</span> <span class='ocrx_word' id='word_1_333' title='bbox 391 3959 519 4016; x_wconf 84' lang='lat' dir='ltr'>exoptare</span> <span class='ocrx_word' id='word_1_334' title='bbox 548 3963 673 4020; x_wconf 90' lang='lat' dir='ltr'>precipue</span> <span class='ocrx_word' id='word_1_335' title='bbox 701 3972 778 4009; x_wconf 75' lang='lat' dir='ltr'>reor:</span> <span class='ocrx_word' id='word_1_336' title='bbox 800 3960 902 4010; x_wconf 89' lang='lat' dir='ltr'>scilicet</span> <span class='ocrx_word' id='word_1_337' title='bbox 924 3968 970 4010; x_wconf 88' lang='lat' dir='ltr'>eo·</span> 
     </span>
     <span class='ocr_line' id='line_1_48' title="bbox 182 4031 970 4090; baseline 0.015 -12"><span class='ocrx_word' id='word_1_338' title='bbox 182 4043 240 4079; x_wconf 92' lang='lat' dir='ltr'>rum</span> <span class='ocrx_word' id='word_1_339' title='bbox 268 4031 301 4081; x_wconf 92' lang='lat' dir='ltr'>ad</span> <span class='ocrx_word' id='word_1_340' title='bbox 329 4038 446 4082; x_wconf 88' lang='lat' dir='ltr'>sanctem</span> <span class='ocrx_word' id='word_1_341' title='bbox 476 4035 666 4087; x_wconf 88' lang='lat' dir='ltr'>Cbristitidem</span> <span class='ocrx_word' id='word_1_342' title='bbox 688 4041 907 4090; x_wconf 87' lang='lat' dir='ltr'>conversionem.</span> <span class='ocrx_word' id='word_1_343' title='bbox 929 4043 970 4090; x_wconf 93' lang='lat' dir='ltr'>cui</span> 
     </span>
     <span class='ocr_line' id='line_1_49' title="bbox 181 4109 971 4186; baseline 0.018 -30"><span class='ocrx_word' id='word_1_344' title='bbox 181 4109 289 4169; x_wconf 88' lang='lat' dir='ltr'>quidem</span> <span class='ocrx_word' id='word_1_345' title='bbox 316 4119 442 4186; x_wconf 80' lang='lat' dir='ltr'>quantum</span> <span class='ocrx_word' id='word_1_346' title='bbox 466 4116 610 4180; x_wconf 88' lang='lat' dir='ltr'>intelligere</span> <span class='ocrx_word' id='word_1_347' title='bbox 633 4119 706 4180; x_wconf 90' lang='lat' dir='ltr'>potui</span> <span class='ocrx_word' id='word_1_348' title='bbox 734 4119 838 4169; x_wconf 89' lang='lat' dir='ltr'>facilimi</span> <span class='ocrx_word' id='word_1_349' title='bbox 861 4124 971 4170; x_wconf 87' lang='lat' dir='ltr'>suntet</span> 
     </span>
     <span class='ocr_line' id='line_1_50' title="bbox 182 4188 970 4261; baseline 0.022 -27"><span class='ocrx_word' id='word_1_350' title='bbox 182 4189 268 4247; x_wconf 87' lang='lat' dir='ltr'>prout.</span> <span class='ocrx_word' id='word_1_351' title='bbox 295 4188 353 4239; x_wconf 88' lang='lat' dir='ltr'>Dixi</span> <span class='ocrx_word' id='word_1_352' title='bbox 382 4189 601 4253; x_wconf 83' lang='lat' dir='ltr'>quemadmodum</span> <span class='ocrx_word' id='word_1_353' title='bbox 630 4208 686 4246; x_wconf 90' lang='lat' dir='ltr'>sum</span> <span class='ocrx_word' id='word_1_354' title='bbox 715 4211 872 4261; x_wconf 91' lang='lat' dir='ltr'>progressus</span> <span class='ocrx_word' id='word_1_355' title='bbox 893 4203 970 4251; x_wconf 89' lang='lat' dir='ltr'>autea</span> 
     </span>
     <span class='ocr_line' id='line_1_51' title="bbox 182 4267 970 4333; baseline 0.016 -19"><span class='ocrx_word' id='word_1_356' title='bbox 182 4267 293 4315; x_wconf 90' lang='lat' dir='ltr'>insulam</span> <span class='ocrx_word' id='word_1_357' title='bbox 320 4267 439 4329; x_wconf 88' lang='lat' dir='ltr'>inanem,</span> <span class='ocrx_word' id='word_1_358' title='bbox 462 4285 510 4333; x_wconf 92' lang='lat' dir='ltr'>per</span> <span class='ocrx_word' id='word_1_359' title='bbox 534 4278 635 4324; x_wconf 90' lang='lat' dir='ltr'>rectum</span> <span class='ocrx_word' id='word_1_360' title='bbox 657 4275 790 4326; x_wconf 87' lang='lat' dir='ltr'>tramitem</span> <span class='ocrx_word' id='word_1_361' title='bbox 815 4290 925 4328; x_wconf 89' lang='lat' dir='ltr'>occasus</span> <span class='ocrx_word' id='word_1_362' title='bbox 944 4281 970 4327; x_wconf 90' lang='lat' dir='ltr'>in</span> 
     </span>
     <span class='ocr_line' id='line_1_52' title="bbox 182 4347 971 4417; baseline 0.015 -24"><span class='ocrx_word' id='word_1_363' title='bbox 182 4347 310 4395; x_wconf 88' lang='lat' dir='ltr'>orientem</span> <span class='ocrx_word' id='word_1_364' title='bbox 327 4349 436 4398; x_wconf 90' lang='lat' dir='ltr'>miliaria</span> <span class='ocrx_word' id='word_1_365' title='bbox 454 4360 566 4400; x_wconf 83' lang='lat' dir='ltr'>cccxxii.</span> <span class='ocrx_word' id='word_1_366' title='bbox 584 4353 728 4404; x_wconf 90' lang='lat' dir='ltr'>secundnm</span> <span class='ocrx_word' id='word_1_367' title='bbox 752 4367 830 4417; x_wconf 88' lang='lat' dir='ltr'>quam</span> <span class='ocrx_word' id='word_1_368' title='bbox 852 4358 921 4405; x_wconf 85' lang='lat' dir='ltr'>viam</span> <span class='ocrx_word' id='word_1_369' title='bbox 944 4361 971 4406; x_wconf 92' lang='lat' dir='ltr'>et</span> 
     </span>
     <span class='ocr_line' id='line_1_53' title="bbox 185 4422 971 4490; baseline 0.018 -19"><span class='ocrx_word' id='word_1_370' title='bbox 185 4422 351 4474; x_wconf 87' lang='lat' dir='ltr'>intervalium</span> <span class='ocrx_word' id='word_1_371' title='bbox 365 4426 465 4476; x_wconf 88' lang='lat' dir='ltr'>itineris</span> <span class='ocrx_word' id='word_1_372' title='bbox 482 4441 589 4490; x_wconf 89' lang='lat' dir='ltr'>possum</span> <span class='ocrx_word' id='word_1_373' title='bbox 602 4422 690 4482; x_wconf 75' lang='lat' dir='ltr'>dicere</span> <span class='ocrx_word' id='word_1_374' title='bbox 707 4424 779 4483; x_wconf 72' lang='lat' dir='ltr'>benc&#39;</span> <span class='ocrx_word' id='word_1_375' title='bbox 790 4436 893 4484; x_wconf 88' lang='lat' dir='ltr'>ioansm</span> <span class='ocrx_word' id='word_1_376' title='bbox 911 4447 971 4485; x_wconf 87' lang='lat' dir='ltr'>esse</span> 
     </span>
     <span class='ocr_line' id='line_1_54' title="bbox 182 4504 969 4575; baseline 0.017 -25"><span class='ocrx_word' id='word_1_377' title='bbox 182 4504 308 4565; x_wconf 78' lang='lat' dir='ltr'>maiorem</span> <span class='ocrx_word' id='word_1_378' title='bbox 326 4505 418 4566; x_wconf 75' lang='lat' dir='ltr'>anglia</span> <span class='ocrx_word' id='word_1_379' title='bbox 434 4510 460 4555; x_wconf 91' lang='lat' dir='ltr'>et</span> <span class='ocrx_word' id='word_1_380' title='bbox 475 4508 560 4558; x_wconf 84' lang='lat' dir='ltr'>Scotia</span> <span class='ocrx_word' id='word_1_381' title='bbox 578 4511 668 4560; x_wconf 82' lang='lat' dir='ltr'>simul:</span> <span class='ocrx_word' id='word_1_382' title='bbox 686 4525 798 4575; x_wconf 89' lang='lat' dir='ltr'>namque</span> <span class='ocrx_word' id='word_1_383' title='bbox 814 4515 884 4563; x_wconf 88' lang='lat' dir='ltr'>nitra</span> <span class='ocrx_word' id='word_1_384' title='bbox 900 4514 969 4563; x_wconf 87' lang='lat' dir='ltr'>dicta</span> 
     </span>
     <span class='ocr_line' id='line_1_55' title="bbox 182 4586 971 4655; baseline 0.015 -24"><span class='ocrx_word' id='word_1_385' title='bbox 182 4594 296 4632; x_wconf 81' lang='lat' dir='ltr'>cccxxvi.</span> <span class='ocrx_word' id='word_1_386' title='bbox 316 4592 440 4645; x_wconf 83' lang='lat' dir='ltr'>passuum</span> <span class='ocrx_word' id='word_1_387' title='bbox 460 4586 531 4637; x_wconf 86' lang='lat' dir='ltr'>mitia</span> <span class='ocrx_word' id='word_1_388' title='bbox 548 4589 573 4637; x_wconf 91' lang='lat' dir='ltr'>in</span> <span class='ocrx_word' id='word_1_389' title='bbox 589 4601 620 4638; x_wconf 90' lang='lat' dir='ltr'>ea</span> <span class='ocrx_word' id='word_1_390' title='bbox 636 4595 712 4652; x_wconf 88' lang='lat' dir='ltr'>parte</span> <span class='ocrx_word' id='word_1_391' title='bbox 729 4605 779 4655; x_wconf 92' lang='lat' dir='ltr'>que</span> <span class='ocrx_word' id='word_1_392' title='bbox 797 4592 829 4641; x_wconf 90' lang='lat' dir='ltr'>ed</span> <span class='ocrx_word' id='word_1_393' title='bbox 846 4592 971 4643; x_wconf 90' lang='lat' dir='ltr'>occiden-</span> 
     </span>
     <span class='ocr_line' id='line_1_56' title="bbox 184 4666 970 4734; baseline 0.013 -23"><span class='ocrx_word' id='word_1_394' title='bbox 184 4667 236 4712; x_wconf 91' lang='lat' dir='ltr'>tem</span> <span class='ocrx_word' id='word_1_395' title='bbox 264 4668 418 4727; x_wconf 89' lang='lat' dir='ltr'>prospectet</span> <span class='ocrx_word' id='word_1_396' title='bbox 445 4666 519 4716; x_wconf 81' lang='lat' dir='ltr'>due:</span> <span class='ocrx_word' id='word_1_397' title='bbox 546 4681 613 4730; x_wconf 88' lang='lat' dir='ltr'>quas</span> <span class='ocrx_word' id='word_1_398' title='bbox 638 4684 689 4721; x_wconf 91' lang='lat' dir='ltr'>nou</span> <span class='ocrx_word' id='word_1_399' title='bbox 716 4673 804 4733; x_wconf 71' lang='lat' dir='ltr'>petiis</span> <span class='ocrx_word' id='word_1_400' title='bbox 826 4675 970 4734; x_wconf 89' lang='lat' dir='ltr'>supersunt</span> 
     </span>
     <span class='ocr_line' id='line_1_57' title="bbox 184 4744 970 4810; baseline 0.011 -19"><span class='ocrx_word' id='word_1_401' title='bbox 184 4744 322 4804; x_wconf 90' lang='lat' dir='ltr'>provincie</span> <span class='ocrx_word' id='word_1_402' title='bbox 345 4757 455 4806; x_wconf 90' lang='lat' dir='ltr'>quarum</span> <span class='ocrx_word' id='word_1_403' title='bbox 473 4749 581 4797; x_wconf 87' lang='lat' dir='ltr'>alteram</span> <span class='ocrx_word' id='word_1_404' title='bbox 598 4749 652 4798; x_wconf 94' lang='lat' dir='ltr'>indi</span> <span class='ocrx_word' id='word_1_405' title='bbox 669 4751 743 4799; x_wconf 76' lang='lat' dir='ltr'>Auen</span> <span class='ocrx_word' id='word_1_406' title='bbox 764 4756 876 4810; x_wconf 81' lang='lat' dir='ltr'>vocent,</span> <span class='ocrx_word' id='word_1_407' title='bbox 895 4751 970 4800; x_wconf 88' lang='lat' dir='ltr'>cuius</span> 
     </span>
     <span class='ocr_line' id='line_1_58' title="bbox 183 4824 970 4893; baseline 0.009 -23"><span class='ocrx_word' id='word_1_408' title='bbox 183 4824 273 4872; x_wconf 89' lang='lat' dir='ltr'>accole</span> <span class='ocrx_word' id='word_1_409' title='bbox 297 4824 401 4873; x_wconf 87' lang='lat' dir='ltr'>caudati</span> <span class='ocrx_word' id='word_1_410' title='bbox 425 4830 577 4876; x_wconf 84' lang='lat' dir='ltr'>nascuntur.</span> <span class='ocrx_word' id='word_1_411' title='bbox 600 4827 756 4878; x_wconf 87' lang='lat' dir='ltr'>Tenduntur</span> <span class='ocrx_word' id='word_1_412' title='bbox 780 4831 806 4878; x_wconf 96' lang='lat' dir='ltr'>in</span> <span class='ocrx_word' id='word_1_413' title='bbox 833 4829 970 4893; x_wconf 88' lang='lat' dir='ltr'>longitudi-</span> 
     </span>
     <span class='ocr_line' id='line_1_59' title="bbox 182 4901 969 4970; baseline 0.009 -21"><span class='ocrx_word' id='word_1_414' title='bbox 182 4914 242 4950; x_wconf 89' lang='lat' dir='ltr'>nem</span> <span class='ocrx_word' id='word_1_415' title='bbox 260 4901 292 4951; x_wconf 89' lang='lat' dir='ltr'>ad</span> <span class='ocrx_word' id='word_1_416' title='bbox 310 4903 420 4952; x_wconf 88' lang='lat' dir='ltr'>miliaria</span> <span class='ocrx_word' id='word_1_417' title='bbox 437 4916 532 4953; x_wconf 82' lang='lat' dir='ltr'>cuxxx.</span> <span class='ocrx_word' id='word_1_418' title='bbox 550 4911 579 4956; x_wconf 92' lang='lat' dir='ltr'>ut</span> <span class='ocrx_word' id='word_1_419' title='bbox 595 4907 628 4955; x_wconf 87' lang='lat' dir='ltr'>nb</span> <span class='ocrx_word' id='word_1_420' title='bbox 645 4908 686 4956; x_wconf 93' lang='lat' dir='ltr'>bis</span> <span class='ocrx_word' id='word_1_421' title='bbox 703 4920 770 4970; x_wconf 91' lang='lat' dir='ltr'>quos</span> <span class='ocrx_word' id='word_1_422' title='bbox 781 4909 848 4957; x_wconf 89' lang='lat' dir='ltr'>vebo</span> <span class='ocrx_word' id='word_1_423' title='bbox 867 4920 969 4956; x_wconf 90' lang='lat' dir='ltr'>mecum</span> 
     </span>
     <span class='ocr_line' id='line_1_60' title="bbox 185 4979 970 5048; baseline 0.009 -20"><span class='ocrx_word' id='word_1_424' title='bbox 185 4979 254 5030; x_wconf 91' lang='lat' dir='ltr'>indis</span> <span class='ocrx_word' id='word_1_425' title='bbox 271 4984 394 5043; x_wconf 77' lang='lat' dir='ltr'>percepi:</span> <span class='ocrx_word' id='word_1_426' title='bbox 407 4984 451 5044; x_wconf 93' lang='lat' dir='ltr'>qui</span> <span class='ocrx_word' id='word_1_427' title='bbox 468 4986 553 5033; x_wconf 92' lang='lat' dir='ltr'>omnis</span> <span class='ocrx_word' id='word_1_428' title='bbox 571 4986 618 5034; x_wconf 90' lang='lat' dir='ltr'>bas</span> <span class='ocrx_word' id='word_1_429' title='bbox 636 4986 732 5035; x_wconf 90' lang='lat' dir='ltr'>callent</span> <span class='ocrx_word' id='word_1_430' title='bbox 748 4988 856 5037; x_wconf 88' lang='lat' dir='ltr'>insutas.</span> <span class='ocrx_word' id='word_1_431' title='bbox 879 4987 970 5048; x_wconf 90' lang='lat' dir='ltr'>iiispa·</span> 
     </span>
     <span class='ocr_line' id='line_1_61' title="bbox 184 5062 970 5130; baseline 0.011 -22"><span class='ocrx_word' id='word_1_432' title='bbox 184 5072 216 5108; x_wconf 89' lang='lat' dir='ltr'>ne</span> <span class='ocrx_word' id='word_1_433' title='bbox 238 5073 304 5109; x_wconf 87' lang='lat' dir='ltr'>vero</span> <span class='ocrx_word' id='word_1_434' title='bbox 327 5062 439 5110; x_wconf 88' lang='lat' dir='ltr'>ambitus</span> <span class='ocrx_word' id='word_1_435' title='bbox 458 5065 540 5111; x_wconf 89' lang='lat' dir='ltr'>maior</span> <span class='ocrx_word' id='word_1_436' title='bbox 557 5069 597 5113; x_wconf 90' lang='lat' dir='ltr'>est</span> <span class='ocrx_word' id='word_1_437' title='bbox 615 5069 667 5114; x_wconf 88' lang='lat' dir='ltr'>tota</span> <span class='ocrx_word' id='word_1_438' title='bbox 683 5065 804 5127; x_wconf 82' lang='lat' dir='ltr'>Hispania</span> <span class='ocrx_word' id='word_1_439' title='bbox 821 5079 837 5115; x_wconf 86' lang='lat' dir='ltr'>a</span> <span class='ocrx_word' id='word_1_440' title='bbox 857 5066 970 5130; x_wconf 87' lang='lat' dir='ltr'>Coiogna</span> 
     </span>
     <span class='ocr_line' id='line_1_62' title="bbox 185 5141 970 5208; baseline 0.011 -22"><span class='ocrx_word' id='word_1_441' title='bbox 185 5151 268 5200; x_wconf 87' lang='lat' dir='ltr'>usque</span> <span class='ocrx_word' id='word_1_442' title='bbox 285 5141 318 5190; x_wconf 89' lang='lat' dir='ltr'>ed</span> <span class='ocrx_word' id='word_1_443' title='bbox 335 5141 440 5191; x_wconf 85' lang='lat' dir='ltr'>Fontem</span> <span class='ocrx_word' id='word_1_444' title='bbox 461 5141 598 5192; x_wconf 86' lang='lat' dir='ltr'>liabidum.</span> <span class='ocrx_word' id='word_1_445' title='bbox 619 5143 736 5208; x_wconf 78' lang='lat' dir='ltr'>ilicoque</span> <span class='ocrx_word' id='word_1_446' title='bbox 758 5147 835 5196; x_wconf 87' lang='lat' dir='ltr'>facile</span> <span class='ocrx_word' id='word_1_447' title='bbox 853 5147 970 5208; x_wconf 85' lang='lat' dir='ltr'>arguitur</span> 
     </span>
     <span class='ocr_line' id='line_1_63' title="bbox 183 5219 968 5289; baseline 0.015 -25"><span class='ocrx_word' id='word_1_448' title='bbox 183 5219 254 5279; x_wconf 90' lang='lat' dir='ltr'>quod</span> <span class='ocrx_word' id='word_1_449' title='bbox 263 5225 385 5280; x_wconf 87' lang='lat' dir='ltr'>quartum</span> <span class='ocrx_word' id='word_1_450' title='bbox 402 5222 458 5270; x_wconf 87' lang='lat' dir='ltr'>eius</span> <span class='ocrx_word' id='word_1_451' title='bbox 472 5223 685 5287; x_wconf 87' lang='lat' dir='ltr'>latusquodipse</span> <span class='ocrx_word' id='word_1_452' title='bbox 696 5239 744 5289; x_wconf 86' lang='lat' dir='ltr'>per</span> <span class='ocrx_word' id='word_1_453' title='bbox 765 5231 862 5276; x_wconf 88' lang='lat' dir='ltr'>rectam</span> <span class='ocrx_word' id='word_1_454' title='bbox 876 5227 968 5276; x_wconf 89' lang='lat' dir='ltr'>lineam</span> 
     </span>
     <span class='ocr_line' id='line_1_64' title="bbox 186 5296 968 5366; baseline 0.014 -23"><span class='ocrx_word' id='word_1_455' title='bbox 186 5296 333 5348; x_wconf 88' lang='lat' dir='ltr'>occidentis</span> <span class='ocrx_word' id='word_1_456' title='bbox 350 5301 375 5349; x_wconf 91' lang='lat' dir='ltr'>in</span> <span class='ocrx_word' id='word_1_457' title='bbox 392 5300 520 5351; x_wconf 87' lang='lat' dir='ltr'>orientem</span> <span class='ocrx_word' id='word_1_458' title='bbox 536 5302 638 5366; x_wconf 89' lang='lat' dir='ltr'>traieci,</span> <span class='ocrx_word' id='word_1_459' title='bbox 648 5298 756 5355; x_wconf 86' lang='lat' dir='ltr'>miliaria</span> <span class='ocrx_word' id='word_1_460' title='bbox 773 5309 890 5358; x_wconf 89' lang='lat' dir='ltr'>continet</span> <span class='ocrx_word' id='word_1_461' title='bbox 908 5315 968 5355; x_wconf 85' lang='lat' dir='ltr'>uxr.</span> 
     </span>
    </p>
   </div>
   <div class='ocr_carea' id='block_1_6' title="bbox 670 229 1350 315">
    <p class='ocr_par' dir='ltr' id='par_1_6' title="bbox 670 229 1350 315">
     <span class='ocr_line' id='line_1_65' title="bbox 670 229 1350 315; baseline -0.006 -20"><span class='ocrx_word' id='word_1_462' title='bbox 670 229 957 301; x_wconf 73' lang='lat' dir='ltr'>Pouumtcai&#39;its</span> <span class='ocrx_word' id='word_1_463' title='bbox 978 234 1204 315; x_wconf 77' lang='lat' dir='ltr'>absxauntii</span> <span class='ocrx_word' id='word_1_464' title='bbox 1224 230 1350 299; x_wconf 78' lang='lat' dir='ltr'>SEXTI.</span> 
     </span>
    </p>
   </div>
   <div class='ocr_carea' id='block_1_7' title="bbox 1719 215 1824 305">
    <p class='ocr_par' dir='ltr' id='par_1_7' title="bbox 1719 215 1824 305">
     <span class='ocr_line' id='line_1_66' title="bbox 1719 215 1824 305; baseline -0.029 -25"><span class='ocrx_word' id='word_1_465' title='bbox 1719 215 1824 305; x_wconf 76' lang='lat' dir='ltr'>(aisa)</span> 
     </span>
    </p>
   </div>
   <div class='ocr_carea' id='block_1_8' title="bbox 1038 357 1823 445">
    <p class='ocr_par' dir='ltr' id='par_1_8' title="bbox 1038 357 1823 445">
     <span class='ocr_line' id='line_1_67' title="bbox 1038 357 1823 445; baseline -0.023 -11"><span class='ocrx_word' id='word_1_466' title='bbox 1038 374 1118 434; x_wconf 84' lang='lat' dir='ltr'>tebet</span> <span class='ocrx_word' id='word_1_467' title='bbox 1155 371 1294 439; x_wconf 85' lang='lat' dir='ltr'>vexilium</span> <span class='ocrx_word' id='word_1_468' title='bbox 1331 381 1472 445; x_wconf 88' lang='lat' dir='ltr'>magnum·</span> <span class='ocrx_word' id='word_1_469' title='bbox 1505 378 1593 441; x_wconf 88' lang='lat' dir='ltr'>quem</span> <span class='ocrx_word' id='word_1_470' title='bbox 1629 357 1823 437; x_wconf 82' lang='lat' dir='ltr'>sequebantur</span> 
     </span>
    </p>
   </div>
   <div class='ocr_carea' id='block_1_9' title="bbox 1034 551 1824 2919">
    <p class='ocr_par' dir='ltr' id='par_1_9' title="bbox 1034 551 1824 2919">
     <span class='ocr_line' id='line_1_68' title="bbox 1035 551 1824 620; baseline -0.027 1"><span class='ocrx_word' id='word_1_471' title='bbox 1035 570 1088 620; x_wconf 89' lang='lat' dir='ltr'>ttec</span> <span class='ocrx_word' id='word_1_472' title='bbox 1106 570 1190 618; x_wconf 89' lang='lat' dir='ltr'>insuta</span> <span class='ocrx_word' id='word_1_473' title='bbox 1206 569 1247 617; x_wconf 89' lang='lat' dir='ltr'>est</span> <span class='ocrx_word' id='word_1_474' title='bbox 1260 562 1404 614; x_wconf 79' lang='lat' dir='ltr'>affectanda</span> <span class='ocrx_word' id='word_1_475' title='bbox 1416 561 1442 609; x_wconf 88' lang='lat' dir='ltr'>et</span> <span class='ocrx_word' id='word_1_476' title='bbox 1459 557 1581 609; x_wconf 84' lang='lat' dir='ltr'>affectata</span> <span class='ocrx_word' id='word_1_477' title='bbox 1595 567 1646 606; x_wconf 88' lang='lat' dir='ltr'>nou</span> <span class='ocrx_word' id='word_1_478' title='bbox 1662 551 1824 617; x_wconf 85' lang='lat' dir='ltr'>spernenda,</span> 
     </span>
     <span class='ocr_line' id='line_1_69' title="bbox 1035 633 1823 711; baseline -0.025 -12"><span class='ocrx_word' id='word_1_479' title='bbox 1035 650 1060 698; x_wconf 90' lang='lat' dir='ltr'>in</span> <span class='ocrx_word' id='word_1_480' title='bbox 1077 661 1127 711; x_wconf 90' lang='lat' dir='ltr'>qua</span> <span class='ocrx_word' id='word_1_481' title='bbox 1156 652 1181 698; x_wconf 91' lang='lat' dir='ltr'>et</span> <span class='ocrx_word' id='word_1_482' title='bbox 1199 647 1221 695; x_wconf 91' lang='lat' dir='ltr'>sl</span> <span class='ocrx_word' id='word_1_483' title='bbox 1239 647 1349 694; x_wconf 89' lang='lat' dir='ltr'>aliarum</span> <span class='ocrx_word' id='word_1_484' title='bbox 1373 641 1488 699; x_wconf 81' lang='lat' dir='ltr'>omnium</span> <span class='ocrx_word' id='word_1_485' title='bbox 1510 643 1544 689; x_wconf 86' lang='lat' dir='ltr'>ut</span> <span class='ocrx_word' id='word_1_486' title='bbox 1559 636 1615 687; x_wconf 84' lang='lat' dir='ltr'>dixi</span> <span class='ocrx_word' id='word_1_487' title='bbox 1640 648 1690 697; x_wconf 89' lang='lat' dir='ltr'>pro</span> <span class='ocrx_word' id='word_1_488' title='bbox 1710 633 1823 682; x_wconf 84' lang='lat' dir='ltr'>invictis·</span> 
     </span>
     <span class='ocr_line' id='line_1_70' title="bbox 1034 712 1823 787; baseline -0.024 -12"><span class='ocrx_word' id='word_1_489' title='bbox 1034 730 1099 775; x_wconf 90' lang='lat' dir='ltr'>simo</span> <span class='ocrx_word' id='word_1_490' title='bbox 1124 726 1191 787; x_wconf 86' lang='lat' dir='ltr'>liege</span> <span class='ocrx_word' id='word_1_491' title='bbox 1216 727 1307 773; x_wconf 88' lang='lat' dir='ltr'>nostro</span> <span class='ocrx_word' id='word_1_492' title='bbox 1332 717 1696 783; x_wconf 77' lang='lat' dir='ltr'>solenniterpossassionem</span> <span class='ocrx_word' id='word_1_493' title='bbox 1716 712 1823 772; x_wconf 77' lang='lat' dir='ltr'>accepi:</span> 
     </span>
     <span class='ocr_line' id='line_1_71' title="bbox 1035 792 1821 867; baseline -0.022 -12"><span class='ocrx_word' id='word_1_494' title='bbox 1035 817 1179 867; x_wconf 86' lang='lat' dir='ltr'>earumque</span> <span class='ocrx_word' id='word_1_495' title='bbox 1196 801 1416 861; x_wconf 78' lang='lat' dir='ltr'>imperium&#39;dicto</span> <span class='ocrx_word' id='word_1_496' title='bbox 1430 801 1491 862; x_wconf 85' lang='lat' dir='ltr'>itegi</span> <span class='ocrx_word' id='word_1_497' title='bbox 1508 797 1613 862; x_wconf 85' lang='lat' dir='ltr'>penitus</span> <span class='ocrx_word' id='word_1_498' title='bbox 1630 792 1821 844; x_wconf 70' lang='lat' dir='ltr'>committitura</span> 
     </span>
     <span class='ocr_line' id='line_1_72' title="bbox 1036 873 1824 946; baseline -0.019 -13"><span class='ocrx_word' id='word_1_499' title='bbox 1036 885 1062 933; x_wconf 94' lang='lat' dir='ltr'>ln</span> <span class='ocrx_word' id='word_1_500' title='bbox 1089 885 1252 946; x_wconf 89' lang='lat' dir='ltr'>oportuniori</span> <span class='ocrx_word' id='word_1_501' title='bbox 1280 887 1366 931; x_wconf 84' lang='lat' dir='ltr'>tamea</span> <span class='ocrx_word' id='word_1_502' title='bbox 1393 882 1451 929; x_wconf 93' lang='lat' dir='ltr'>ioco</span> <span class='ocrx_word' id='word_1_503' title='bbox 1485 884 1564 940; x_wconf 89' lang='lat' dir='ltr'>atque</span> <span class='ocrx_word' id='word_1_504' title='bbox 1591 875 1663 925; x_wconf 90' lang='lat' dir='ltr'>omni</span> <span class='ocrx_word' id='word_1_505' title='bbox 1692 873 1767 921; x_wconf 91' lang='lat' dir='ltr'>lucro</span> <span class='ocrx_word' id='word_1_506' title='bbox 1799 873 1824 918; x_wconf 84' lang='lat' dir='ltr'>et</span> 
     </span>
     <span class='ocr_line' id='line_1_73' title="bbox 1036 952 1823 1017; baseline -0.019 -5"><span class='ocrx_word' id='word_1_507' title='bbox 1036 965 1163 1012; x_wconf 80' lang='lat' dir='ltr'>comertio</span> <span class='ocrx_word' id='word_1_508' title='bbox 1197 960 1351 1011; x_wconf 88' lang='lat' dir='ltr'>condecenti</span> <span class='ocrx_word' id='word_1_509' title='bbox 1382 957 1520 1008; x_wconf 89' lang='lat' dir='ltr'>cuiusdam</span> <span class='ocrx_word' id='word_1_510' title='bbox 1547 965 1640 1017; x_wconf 87' lang='lat' dir='ltr'>magne</span> <span class='ocrx_word' id='word_1_511' title='bbox 1670 952 1759 1001; x_wconf 75' lang='lat' dir='ltr'>vilic:</span> <span class='ocrx_word' id='word_1_512' title='bbox 1785 952 1823 998; x_wconf 91' lang='lat' dir='ltr'>cui</span> 
     </span>
     <span class='ocr_line' id='line_1_74' title="bbox 1035 1031 1823 1096; baseline -0.025 0"><span class='ocrx_word' id='word_1_513' title='bbox 1035 1044 1186 1096; x_wconf 84' lang='lat' dir='ltr'>Natiuitatis</span> <span class='ocrx_word' id='word_1_514' title='bbox 1210 1039 1312 1089; x_wconf 85' lang='lat' dir='ltr'>Domini</span> <span class='ocrx_word' id='word_1_515' title='bbox 1339 1051 1435 1089; x_wconf 89' lang='lat' dir='ltr'>nomen</span> <span class='ocrx_word' id='word_1_516' title='bbox 1462 1036 1596 1088; x_wconf 80' lang='lat' dir='ltr'>dedimus·</span> <span class='ocrx_word' id='word_1_517' title='bbox 1627 1031 1823 1096; x_wconf 87' lang='lat' dir='ltr'>possessionem</span> 
     </span>
     <span class='ocr_line' id='line_1_75' title="bbox 1036 1109 1823 1186; baseline -0.019 -15"><span class='ocrx_word' id='word_1_518' title='bbox 1036 1123 1205 1186; x_wconf 87' lang='lat' dir='ltr'>peculiariter</span> <span class='ocrx_word' id='word_1_519' title='bbox 1224 1120 1330 1182; x_wconf 80' lang='lat' dir='ltr'>accepi:</span> <span class='ocrx_word' id='word_1_520' title='bbox 1346 1119 1435 1181; x_wconf 85' lang='lat' dir='ltr'>ibique</span> <span class='ocrx_word' id='word_1_521' title='bbox 1461 1127 1547 1167; x_wconf 83' lang='lat' dir='ltr'>ercam</span> <span class='ocrx_word' id='word_1_522' title='bbox 1565 1111 1699 1177; x_wconf 89' lang='lat' dir='ltr'>quandam</span> <span class='ocrx_word' id='word_1_523' title='bbox 1724 1109 1823 1172; x_wconf 84' lang='lat' dir='ltr'>erigere</span> 
     </span>
     <span class='ocr_line' id='line_1_76' title="bbox 1037 1193 1823 1263; baseline -0.019 -12"><span class='ocrx_word' id='word_1_524' title='bbox 1037 1202 1171 1263; x_wconf 89' lang='lat' dir='ltr'>extemplo</span> <span class='ocrx_word' id='word_1_525' title='bbox 1195 1198 1277 1250; x_wconf 67' lang='lat' dir='ltr'>tussia</span> <span class='ocrx_word' id='word_1_526' title='bbox 1303 1209 1352 1261; x_wconf 91' lang='lat' dir='ltr'>que</span> <span class='ocrx_word' id='word_1_527' title='bbox 1382 1196 1460 1247; x_wconf 90' lang='lat' dir='ltr'>modo</span> <span class='ocrx_word' id='word_1_528' title='bbox 1488 1196 1539 1244; x_wconf 88' lang='lat' dir='ltr'>lam</span> <span class='ocrx_word' id='word_1_529' title='bbox 1562 1193 1644 1244; x_wconf 86' lang='lat' dir='ltr'>debet</span> <span class='ocrx_word' id='word_1_530' title='bbox 1670 1201 1733 1241; x_wconf 88' lang='lat' dir='ltr'>esse</span> <span class='ocrx_word' id='word_1_531' title='bbox 1763 1201 1823 1251; x_wconf 84' lang='lat' dir='ltr'>per·</span> 
     </span>
     <span class='ocr_line' id='line_1_77' title="bbox 1036 1270 1822 1342; baseline -0.014 -14"><span class='ocrx_word' id='word_1_532' title='bbox 1036 1285 1106 1330; x_wconf 68' lang='lat' dir='ltr'>acta.</span> <span class='ocrx_word' id='word_1_533' title='bbox 1123 1293 1150 1329; x_wconf 87' lang='lat' dir='ltr'>in</span> <span class='ocrx_word' id='word_1_534' title='bbox 1166 1292 1217 1342; x_wconf 92' lang='lat' dir='ltr'>que</span> <span class='ocrx_word' id='word_1_535' title='bbox 1235 1278 1353 1327; x_wconf 87' lang='lat' dir='ltr'>homines</span> <span class='ocrx_word' id='word_1_536' title='bbox 1369 1278 1413 1339; x_wconf 89' lang='lat' dir='ltr'>qui</span> <span class='ocrx_word' id='word_1_537' title='bbox 1439 1273 1583 1326; x_wconf 87' lang='lat' dir='ltr'>necessarii</span> <span class='ocrx_word' id='word_1_538' title='bbox 1606 1274 1669 1321; x_wconf 86' lang='lat' dir='ltr'>sunt</span> <span class='ocrx_word' id='word_1_539' title='bbox 1693 1270 1744 1319; x_wconf 89' lang='lat' dir='ltr'>visi</span> <span class='ocrx_word' id='word_1_540' title='bbox 1768 1281 1822 1318; x_wconf 86' lang='lat' dir='ltr'>cunr</span> 
     </span>
     <span class='ocr_line' id='line_1_78' title="bbox 1037 1352 1823 1420; baseline -0.017 -12"><span class='ocrx_word' id='word_1_541' title='bbox 1037 1363 1106 1410; x_wconf 90' lang='lat' dir='ltr'>omni</span> <span class='ocrx_word' id='word_1_542' title='bbox 1130 1371 1263 1409; x_wconf 90' lang='lat' dir='ltr'>armorum</span> <span class='ocrx_word' id='word_1_543' title='bbox 1282 1369 1380 1420; x_wconf 85' lang='lat' dir='ltr'>genera</span> <span class='ocrx_word' id='word_1_544' title='bbox 1392 1361 1419 1406; x_wconf 88' lang='lat' dir='ltr'>et</span> <span class='ocrx_word' id='word_1_545' title='bbox 1436 1356 1504 1420; x_wconf 82' lang='lat' dir='ltr'>ultra</span> <span class='ocrx_word' id='word_1_546' title='bbox 1524 1365 1621 1403; x_wconf 91' lang='lat' dir='ltr'>annum</span> <span class='ocrx_word' id='word_1_547' title='bbox 1638 1352 1713 1400; x_wconf 91' lang='lat' dir='ltr'>victu</span> <span class='ocrx_word' id='word_1_548' title='bbox 1732 1360 1823 1411; x_wconf 84' lang='lat' dir='ltr'>oppor-</span> 
     </span>
     <span class='ocr_line' id='line_1_79' title="bbox 1038 1427 1822 1499; baseline -0.017 -12"><span class='ocrx_word' id='word_1_549' title='bbox 1038 1443 1100 1489; x_wconf 90' lang='lat' dir='ltr'>tuno</span> <span class='ocrx_word' id='word_1_550' title='bbox 1125 1439 1228 1499; x_wconf 88' lang='lat' dir='ltr'>reliqui.</span> <span class='ocrx_word' id='word_1_551' title='bbox 1251 1437 1314 1486; x_wconf 90' lang='lat' dir='ltr'>itam</span> <span class='ocrx_word' id='word_1_552' title='bbox 1331 1435 1463 1498; x_wconf 87' lang='lat' dir='ltr'>quendam</span> <span class='ocrx_word' id='word_1_553' title='bbox 1480 1433 1637 1482; x_wconf 85' lang='lat' dir='ltr'>caraveiians</span> <span class='ocrx_word' id='word_1_554' title='bbox 1661 1435 1689 1479; x_wconf 91' lang='lat' dir='ltr'>et</span> <span class='ocrx_word' id='word_1_555' title='bbox 1708 1440 1759 1490; x_wconf 91' lang='lat' dir='ltr'>pro</span> <span class='ocrx_word' id='word_1_556' title='bbox 1771 1427 1822 1475; x_wconf 86' lang='lat' dir='ltr'>aitis</span> 
     </span>
     <span class='ocr_line' id='line_1_80' title="bbox 1036 1511 1823 1573; baseline -0.018 -5"><span class='ocrx_word' id='word_1_557' title='bbox 1036 1518 1222 1568; x_wconf 86' lang='lat' dir='ltr'>construendis</span> <span class='ocrx_word' id='word_1_558' title='bbox 1245 1516 1341 1566; x_wconf 87' lang='lat' dir='ltr'>tamin</span> <span class='ocrx_word' id='word_1_559' title='bbox 1359 1515 1407 1564; x_wconf 87' lang='lat' dir='ltr'>bac</span> <span class='ocrx_word' id='word_1_560' title='bbox 1425 1519 1482 1564; x_wconf 84' lang='lat' dir='ltr'>arte</span> <span class='ocrx_word' id='word_1_561' title='bbox 1507 1524 1586 1573; x_wconf 89' lang='lat' dir='ltr'>quam</span> <span class='ocrx_word' id='word_1_562' title='bbox 1604 1511 1630 1560; x_wconf 94' lang='lat' dir='ltr'>tu</span> <span class='ocrx_word' id='word_1_563' title='bbox 1655 1511 1758 1558; x_wconf 85' lang='lat' dir='ltr'>ceteris</span> <span class='ocrx_word' id='word_1_564' title='bbox 1783 1519 1823 1568; x_wconf 89' lang='lat' dir='ltr'>pa·</span> 
     </span>
     <span class='ocr_line' id='line_1_81' title="bbox 1037 1586 1822 1654; baseline -0.015 -8"><span class='ocrx_word' id='word_1_565' title='bbox 1037 1601 1119 1647; x_wconf 78' lang='lat' dir='ltr'>ritus:</span> <span class='ocrx_word' id='word_1_566' title='bbox 1140 1610 1170 1645; x_wconf 89' lang='lat' dir='ltr'>ac</span> <span class='ocrx_word' id='word_1_567' title='bbox 1195 1595 1312 1646; x_wconf 88' lang='lat' dir='ltr'>eiusdem</span> <span class='ocrx_word' id='word_1_568' title='bbox 1337 1596 1439 1645; x_wconf 86' lang='lat' dir='ltr'>insutas</span> <span class='ocrx_word' id='word_1_569' title='bbox 1463 1593 1537 1654; x_wconf 81' lang='lat' dir='ltr'>segis</span> <span class='ocrx_word' id='word_1_570' title='bbox 1559 1602 1620 1652; x_wconf 86' lang='lat' dir='ltr'>erga</span> <span class='ocrx_word' id='word_1_571' title='bbox 1643 1599 1694 1638; x_wconf 90' lang='lat' dir='ltr'>eos</span> <span class='ocrx_word' id='word_1_572' title='bbox 1710 1586 1822 1635; x_wconf 79' lang='lat' dir='ltr'>benevo</span> 
     </span>
     <span class='ocr_line' id='line_1_82' title="bbox 1038 1666 1821 1725; baseline -0.013 -2"><span class='ocrx_word' id='word_1_573' title='bbox 1038 1677 1142 1725; x_wconf 90' lang='lat' dir='ltr'>lentiam</span> <span class='ocrx_word' id='word_1_574' title='bbox 1168 1680 1194 1725; x_wconf 89' lang='lat' dir='ltr'>et</span> <span class='ocrx_word' id='word_1_575' title='bbox 1216 1674 1419 1725; x_wconf 74' lang='lat' dir='ltr'>familiaritatem</span> <span class='ocrx_word' id='word_1_576' title='bbox 1452 1669 1644 1721; x_wconf 88' lang='lat' dir='ltr'>incredibilem.</span> <span class='ocrx_word' id='word_1_577' title='bbox 1671 1667 1738 1716; x_wconf 92' lang='lat' dir='ltr'>Sunt</span> <span class='ocrx_word' id='word_1_578' title='bbox 1760 1666 1821 1714; x_wconf 87' lang='lat' dir='ltr'>enin</span> 
     </span>
     <span class='ocr_line' id='line_1_83' title="bbox 1038 1745 1821 1815; baseline -0.013 -13"><span class='ocrx_word' id='word_1_579' title='bbox 1038 1760 1129 1815; x_wconf 84' lang='lat' dir='ltr'>gentes</span> <span class='ocrx_word' id='word_1_580' title='bbox 1146 1755 1189 1803; x_wconf 90' lang='lat' dir='ltr'>iile</span> <span class='ocrx_word' id='word_1_581' title='bbox 1205 1752 1330 1802; x_wconf 87' lang='lat' dir='ltr'>amabiles</span> <span class='ocrx_word' id='word_1_582' title='bbox 1347 1751 1486 1802; x_wconf 89' lang='lat' dir='ltr'>admodum</span> <span class='ocrx_word' id='word_1_583' title='bbox 1505 1752 1531 1800; x_wconf 91' lang='lat' dir='ltr'>et</span> <span class='ocrx_word' id='word_1_584' title='bbox 1547 1748 1683 1810; x_wconf 85' lang='lat' dir='ltr'>benigne=</span> <span class='ocrx_word' id='word_1_585' title='bbox 1702 1758 1735 1795; x_wconf 91' lang='lat' dir='ltr'>eo</span> <span class='ocrx_word' id='word_1_586' title='bbox 1758 1745 1821 1807; x_wconf 85' lang='lat' dir='ltr'>quod</span> 
     </span>
     <span class='ocr_line' id='line_1_84' title="bbox 1038 1824 1822 1895; baseline -0.013 -13"><span class='ocrx_word' id='word_1_587' title='bbox 1038 1834 1090 1883; x_wconf 86' lang='lat' dir='ltr'>ilex</span> <span class='ocrx_word' id='word_1_588' title='bbox 1114 1832 1249 1895; x_wconf 89' lang='lat' dir='ltr'>predictus</span> <span class='ocrx_word' id='word_1_589' title='bbox 1274 1844 1316 1882; x_wconf 91' lang='lat' dir='ltr'>me</span> <span class='ocrx_word' id='word_1_590' title='bbox 1340 1831 1449 1881; x_wconf 88' lang='lat' dir='ltr'>fratrem</span> <span class='ocrx_word' id='word_1_591' title='bbox 1474 1840 1550 1879; x_wconf 89' lang='lat' dir='ltr'>suum</span> <span class='ocrx_word' id='word_1_592' title='bbox 1575 1826 1626 1877; x_wconf 90' lang='lat' dir='ltr'>dici</span> <span class='ocrx_word' id='word_1_593' title='bbox 1656 1824 1822 1889; x_wconf 76' lang='lat' dir='ltr'>gloriabatur.</span> 
     </span>
     <span class='ocr_line' id='line_1_85' title="bbox 1037 1907 1821 1969; baseline -0.015 -7"><span class='ocrx_word' id='word_1_594' title='bbox 1037 1912 1068 1962; x_wconf 76' lang='lat' dir='ltr'>iit</span> <span class='ocrx_word' id='word_1_595' title='bbox 1084 1912 1106 1961; x_wconf 91' lang='lat' dir='ltr'>si</span> <span class='ocrx_word' id='word_1_596' title='bbox 1123 1915 1237 1960; x_wconf 88' lang='lat' dir='ltr'>animum</span> <span class='ocrx_word' id='word_1_597' title='bbox 1254 1913 1411 1960; x_wconf 87' lang='lat' dir='ltr'>revocarent</span> <span class='ocrx_word' id='word_1_598' title='bbox 1432 1914 1459 1957; x_wconf 91' lang='lat' dir='ltr'>et</span> <span class='ocrx_word' id='word_1_599' title='bbox 1485 1910 1516 1956; x_wconf 90' lang='lat' dir='ltr'>tis</span> <span class='ocrx_word' id='word_1_600' title='bbox 1533 1908 1577 1969; x_wconf 93' lang='lat' dir='ltr'>qni</span> <span class='ocrx_word' id='word_1_601' title='bbox 1594 1907 1621 1954; x_wconf 94' lang='lat' dir='ltr'>in</span> <span class='ocrx_word' id='word_1_602' title='bbox 1638 1917 1703 1954; x_wconf 91' lang='lat' dir='ltr'>arce</span> <span class='ocrx_word' id='word_1_603' title='bbox 1723 1915 1821 1952; x_wconf 89' lang='lat' dir='ltr'>manse·</span> 
     </span>
     <span class='ocr_line' id='line_1_86' title="bbox 1038 1982 1821 2050; baseline -0.013 -10"><span class='ocrx_word' id='word_1_604' title='bbox 1038 1997 1098 2041; x_wconf 93' lang='lat' dir='ltr'>runt</span> <span class='ocrx_word' id='word_1_605' title='bbox 1110 2004 1206 2041; x_wconf 89' lang='lat' dir='ltr'>nocere</span> <span class='ocrx_word' id='word_1_606' title='bbox 1218 1992 1313 2041; x_wconf 77' lang='lat' dir='ltr'>veiint=</span> <span class='ocrx_word' id='word_1_607' title='bbox 1322 1991 1455 2050; x_wconf 87' lang='lat' dir='ltr'>nequeunt</span> <span class='ocrx_word' id='word_1_608' title='bbox 1465 2008 1471 2035; x_wconf 68' lang='lat' dir='ltr'>e</span> <span class='ocrx_word' id='word_1_609' title='bbox 1483 1988 1543 2049; x_wconf 91' lang='lat' dir='ltr'>quie</span> <span class='ocrx_word' id='word_1_610' title='bbox 1555 1986 1636 2035; x_wconf 87' lang='lat' dir='ltr'>ermis</span> <span class='ocrx_word' id='word_1_611' title='bbox 1648 1987 1744 2033; x_wconf 90' lang='lat' dir='ltr'>carent</span> <span class='ocrx_word' id='word_1_612' title='bbox 1753 2002 1760 2029; x_wconf 65' lang='lat' dir='ltr'><em>z</em></span> <span class='ocrx_word' id='word_1_613' title='bbox 1769 1982 1821 2031; x_wconf 90' lang='lat' dir='ltr'>nudi</span> 
     </span>
     <span class='ocr_line' id='line_1_87' title="bbox 1038 2063 1822 2120; baseline -0.013 -1"><span class='ocrx_word' id='word_1_614' title='bbox 1038 2071 1164 2120; x_wconf 89' lang='lat' dir='ltr'>incedunt</span> <span class='ocrx_word' id='word_1_615' title='bbox 1179 2075 1206 2118; x_wconf 89' lang='lat' dir='ltr'>et</span> <span class='ocrx_word' id='word_1_616' title='bbox 1222 2071 1328 2118; x_wconf 88' lang='lat' dir='ltr'>nimium</span> <span class='ocrx_word' id='word_1_617' title='bbox 1353 2067 1452 2119; x_wconf 80' lang='lat' dir='ltr'>timidi:</span> <span class='ocrx_word' id='word_1_618' title='bbox 1475 2065 1534 2116; x_wconf 86' lang='lat' dir='ltr'>idea</span> <span class='ocrx_word' id='word_1_619' title='bbox 1556 2063 1654 2113; x_wconf 90' lang='lat' dir='ltr'>dictam</span> <span class='ocrx_word' id='word_1_620' title='bbox 1676 2073 1769 2112; x_wconf 89' lang='lat' dir='ltr'>arcem</span> <span class='ocrx_word' id='word_1_621' title='bbox 1786 2064 1822 2109; x_wconf 91' lang='lat' dir='ltr'>ts·</span> 
     </span>
     <span class='ocr_line' id='line_1_88' title="bbox 1038 2139 1821 2208; baseline -0.015 -11"><span class='ocrx_word' id='word_1_622' title='bbox 1038 2153 1130 2198; x_wconf 87' lang='lat' dir='ltr'>nentes</span> <span class='ocrx_word' id='word_1_623' title='bbox 1152 2148 1281 2197; x_wconf 78' lang='lat' dir='ltr'>duntaxat</span> <span class='ocrx_word' id='word_1_624' title='bbox 1306 2149 1417 2208; x_wconf 89' lang='lat' dir='ltr'>possunt</span> <span class='ocrx_word' id='word_1_625' title='bbox 1434 2147 1516 2194; x_wconf 92' lang='lat' dir='ltr'>totem</span> <span class='ocrx_word' id='word_1_626' title='bbox 1539 2154 1597 2191; x_wconf 87' lang='lat' dir='ltr'>eam</span> <span class='ocrx_word' id='word_1_627' title='bbox 1621 2141 1738 2190; x_wconf 90' lang='lat' dir='ltr'>insulem</span> <span class='ocrx_word' id='word_1_628' title='bbox 1759 2139 1821 2189; x_wconf 89' lang='lat' dir='ltr'>nullo</span> 
     </span>
     <span class='ocr_line' id='line_1_89' title="bbox 1038 2220 1821 2287; baseline -0.013 -9"><span class='ocrx_word' id='word_1_629' title='bbox 1038 2229 1087 2279; x_wconf 89' lang='lat' dir='ltr'>sibi</span> <span class='ocrx_word' id='word_1_630' title='bbox 1104 2230 1254 2277; x_wconf 88' lang='lat' dir='ltr'>imminente</span> <span class='ocrx_word' id='word_1_631' title='bbox 1271 2227 1422 2275; x_wconf 83' lang='lat' dir='ltr'>discrimine</span> <span class='ocrx_word' id='word_1_632' title='bbox 1447 2224 1567 2287; x_wconf 86' lang='lat' dir='ltr'>populari</span> <span class='ocrx_word' id='word_1_633' title='bbox 1590 2220 1737 2271; x_wconf 91' lang='lat' dir='ltr'>dummodo</span> <span class='ocrx_word' id='word_1_634' title='bbox 1760 2221 1821 2282; x_wconf 84' lang='lat' dir='ltr'>teges</span> 
     </span>
     <span class='ocr_line' id='line_1_90' title="bbox 1037 2292 1823 2370; baseline -0.013 -14"><span class='ocrx_word' id='word_1_635' title='bbox 1037 2320 1103 2370; x_wconf 89' lang='lat' dir='ltr'>ques</span> <span class='ocrx_word' id='word_1_636' title='bbox 1130 2307 1251 2356; x_wconf 88' lang='lat' dir='ltr'>dedimus</span> <span class='ocrx_word' id='word_1_637' title='bbox 1277 2317 1307 2354; x_wconf 87' lang='lat' dir='ltr'>ac</span> <span class='ocrx_word' id='word_1_638' title='bbox 1333 2306 1449 2366; x_wconf 87' lang='lat' dir='ltr'>regimen</span> <span class='ocrx_word' id='word_1_639' title='bbox 1472 2316 1523 2351; x_wconf 91' lang='lat' dir='ltr'>non</span> <span class='ocrx_word' id='word_1_640' title='bbox 1548 2292 1679 2351; x_wconf 85' lang='lat' dir='ltr'>excedant</span> <span class='ocrx_word' id='word_1_641' title='bbox 1700 2302 1710 2360; x_wconf 91' lang='lat'>(</span> <span class='ocrx_word' id='word_1_642' title='bbox 1731 2299 1759 2346; x_wconf 79' lang='lat' dir='ltr'>ia</span> <span class='ocrx_word' id='word_1_643' title='bbox 1773 2298 1823 2347; x_wconf 82' lang='lat' dir='ltr'>otiis</span> 
     </span>
     <span class='ocr_line' id='line_1_91' title="bbox 1038 2377 1822 2447; baseline -0.015 -10"><span class='ocrx_word' id='word_1_644' title='bbox 1038 2387 1186 2437; x_wconf 78' lang='lat' dir='ltr'>editionibus</span> <span class='ocrx_word' id='word_1_645' title='bbox 1212 2397 1261 2447; x_wconf 81' lang='lat' dir='ltr'>pro</span> <span class='ocrx_word' id='word_1_646' title='bbox 1287 2383 1408 2447; x_wconf 91' lang='lat' dir='ltr'>populari</span> <span class='ocrx_word' id='word_1_647' title='bbox 1426 2381 1518 2443; x_wconf 80' lang='lat' dir='ltr'>lapiter</span> <span class='ocrx_word' id='word_1_648' title='bbox 1540 2380 1614 2429; x_wconf 87' lang='lat' dir='ltr'>facile</span> <span class='ocrx_word' id='word_1_649' title='bbox 1637 2378 1777 2434; x_wconf 78' lang='lat' dir='ltr'>detinere).</span> <span class='ocrx_word' id='word_1_650' title='bbox 1800 2377 1822 2426; x_wconf 94' lang='lat' dir='ltr'>iu</span> 
     </span>
     <span class='ocr_line' id='line_1_92' title="bbox 1037 2457 1824 2521; baseline -0.017 -5"><span class='ocrx_word' id='word_1_651' title='bbox 1037 2466 1157 2516; x_wconf 91' lang='lat' dir='ltr'>omnibus</span> <span class='ocrx_word' id='word_1_652' title='bbox 1185 2466 1216 2514; x_wconf 93' lang='lat' dir='ltr'>iis</span> <span class='ocrx_word' id='word_1_653' title='bbox 1243 2465 1335 2513; x_wconf 89' lang='lat' dir='ltr'>insutis</span> <span class='ocrx_word' id='word_1_654' title='bbox 1362 2467 1390 2513; x_wconf 89' lang='lat' dir='ltr'>ut</span> <span class='ocrx_word' id='word_1_655' title='bbox 1418 2461 1535 2511; x_wconf 81' lang='lat' dir='ltr'>intellexi</span> <span class='ocrx_word' id='word_1_656' title='bbox 1558 2460 1671 2521; x_wconf 90' lang='lat' dir='ltr'>quisque</span> <span class='ocrx_word' id='word_1_657' title='bbox 1699 2457 1744 2506; x_wconf 89' lang='lat' dir='ltr'>uni</span> <span class='ocrx_word' id='word_1_658' title='bbox 1772 2461 1824 2504; x_wconf 90' lang='lat' dir='ltr'>tae·</span> 
     </span>
     <span class='ocr_line' id='line_1_93' title="bbox 1039 2536 1824 2606; baseline -0.013 -13"><span class='ocrx_word' id='word_1_659' title='bbox 1039 2549 1093 2595; x_wconf 91' lang='lat' dir='ltr'>turn</span> <span class='ocrx_word' id='word_1_660' title='bbox 1117 2544 1219 2606; x_wconf 89' lang='lat' dir='ltr'>coniugi</span> <span class='ocrx_word' id='word_1_661' title='bbox 1243 2541 1403 2604; x_wconf 83' lang='lat' dir='ltr'>acquiescit=</span> <span class='ocrx_word' id='word_1_662' title='bbox 1425 2544 1530 2603; x_wconf 88' lang='lat' dir='ltr'>praeter</span> <span class='ocrx_word' id='word_1_663' title='bbox 1555 2538 1691 2600; x_wconf 85' lang='lat' dir='ltr'>principes</span> <span class='ocrx_word' id='word_1_664' title='bbox 1717 2540 1761 2584; x_wconf 87' lang='lat' dir='ltr'>aot</span> <span class='ocrx_word' id='word_1_665' title='bbox 1782 2536 1824 2584; x_wconf 83' lang='lat' dir='ltr'>iic·</span> 
     </span>
     <span class='ocr_line' id='line_1_94' title="bbox 1038 2615 1823 2685; baseline -0.017 -12"><span class='ocrx_word' id='word_1_666' title='bbox 1038 2636 1108 2685; x_wconf 73' lang='lat' dir='ltr'>gese</span> <span class='ocrx_word' id='word_1_667' title='bbox 1134 2621 1228 2685; x_wconf 90' lang='lat' dir='ltr'>quibus</span> <span class='ocrx_word' id='word_1_668' title='bbox 1256 2622 1345 2683; x_wconf 87' lang='lat' dir='ltr'>viginti</span> <span class='ocrx_word' id='word_1_669' title='bbox 1374 2618 1472 2668; x_wconf 88' lang='lat' dir='ltr'>hebere</span> <span class='ocrx_word' id='word_1_670' title='bbox 1502 2617 1573 2666; x_wconf 89' lang='lat' dir='ltr'>licet.</span> <span class='ocrx_word' id='word_1_671' title='bbox 1606 2615 1714 2664; x_wconf 70' lang='lat' dir='ltr'>Femina</span> <span class='ocrx_word' id='word_1_672' title='bbox 1748 2615 1823 2674; x_wconf 85' lang='lat' dir='ltr'>magis</span> 
     </span>
     <span class='ocr_line' id='line_1_95' title="bbox 1038 2694 1824 2765; baseline -0.011 -14"><span class='ocrx_word' id='word_1_673' title='bbox 1038 2715 1116 2765; x_wconf 90' lang='lat' dir='ltr'>quam</span> <span class='ocrx_word' id='word_1_674' title='bbox 1142 2701 1193 2750; x_wconf 90' lang='lat' dir='ltr'>viri</span> <span class='ocrx_word' id='word_1_675' title='bbox 1219 2699 1340 2750; x_wconf 85' lang='lat' dir='ltr'>laborare</span> <span class='ocrx_word' id='word_1_676' title='bbox 1357 2699 1492 2748; x_wconf 73' lang='lat' dir='ltr'>videntur:</span> <span class='ocrx_word' id='word_1_677' title='bbox 1508 2708 1556 2747; x_wconf 90' lang='lat' dir='ltr'>neo</span> <span class='ocrx_word' id='word_1_678' title='bbox 1572 2696 1642 2746; x_wconf 88' lang='lat' dir='ltr'>bene</span> <span class='ocrx_word' id='word_1_679' title='bbox 1660 2694 1736 2756; x_wconf 89' lang='lat' dir='ltr'>potui</span> <span class='ocrx_word' id='word_1_680' title='bbox 1753 2695 1824 2743; x_wconf 89' lang='lat' dir='ltr'>intet-</span> 
     </span>
     <span class='ocr_line' id='line_1_96' title="bbox 1039 2770 1824 2843; baseline -0.013 -13"><span class='ocrx_word' id='word_1_681' title='bbox 1039 2784 1119 2843; x_wconf 90' lang='lat' dir='ltr'>ligere</span> <span class='ocrx_word' id='word_1_682' title='bbox 1144 2793 1176 2828; x_wconf 89' lang='lat' dir='ltr'>an</span> <span class='ocrx_word' id='word_1_683' title='bbox 1203 2779 1317 2828; x_wconf 89' lang='lat' dir='ltr'>babeant</span> <span class='ocrx_word' id='word_1_684' title='bbox 1342 2778 1411 2827; x_wconf 90' lang='lat' dir='ltr'>bona</span> <span class='ocrx_word' id='word_1_685' title='bbox 1437 2776 1564 2838; x_wconf 65' lang='lat' dir='ltr'>propriae</span> <span class='ocrx_word' id='word_1_686' title='bbox 1586 2773 1638 2824; x_wconf 88' lang='lat' dir='ltr'>vidi</span> <span class='ocrx_word' id='word_1_687' title='bbox 1655 2775 1728 2822; x_wconf 88' lang='lat' dir='ltr'>enim</span> <span class='ocrx_word' id='word_1_688' title='bbox 1759 2770 1824 2834; x_wconf 91' lang='lat' dir='ltr'>quod</span> 
     </span>
     <span class='ocr_line' id='line_1_97' title="bbox 1038 2851 1824 2919; baseline -0.013 -9"><span class='ocrx_word' id='word_1_689' title='bbox 1038 2873 1106 2910; x_wconf 90' lang='lat' dir='ltr'>unus</span> <span class='ocrx_word' id='word_1_690' title='bbox 1124 2859 1235 2910; x_wconf 88' lang='lat' dir='ltr'>babebat</span> <span class='ocrx_word' id='word_1_691' title='bbox 1254 2858 1313 2908; x_wconf 83' lang='lat' dir='ltr'>aliis</span> <span class='ocrx_word' id='word_1_692' title='bbox 1337 2857 1479 2919; x_wconf 86' lang='lat' dir='ltr'>impartiri=</span> <span class='ocrx_word' id='word_1_693' title='bbox 1508 2857 1650 2917; x_wconf 81' lang='lat' dir='ltr'>presertim</span> <span class='ocrx_word' id='word_1_694' title='bbox 1674 2853 1760 2915; x_wconf 87' lang='lat' dir='ltr'>dapes</span> <span class='ocrx_word' id='word_1_695' title='bbox 1782 2851 1824 2901; x_wconf 88' lang='lat' dir='ltr'>ob·</span> 
     </span>
    </p>
   </div>
   <div class='ocr_carea' id='block_1_10' title="bbox 1029 2929 1819 2998">
    <p class='ocr_par' dir='ltr' id='par_1_10' title="bbox 1029 2929 1819 2998">
     <span class='ocr_line' id='line_1_98' title="bbox 1029 2929 1819 2998; baseline -0.006 -10"><span class='ocrx_word' id='word_1_696' title='bbox 1029 2940 1111 2998; x_wconf 45' lang='lat' dir='ltr'>xsonia</span> <span class='ocrx_word' id='word_1_697' title='bbox 1143 2945 1170 2988; x_wconf 91' lang='lat' dir='ltr'>et</span> <span class='ocrx_word' id='word_1_698' title='bbox 1196 2936 1351 2988; x_wconf 85' lang='lat' dir='ltr'>huiusmodi.</span> <span class='ocrx_word' id='word_1_699' title='bbox 1379 2929 1484 2988; x_wconf 83' lang='lat' dir='ltr'>Nullum</span> <span class='ocrx_word' id='word_1_700' title='bbox 1508 2933 1578 2996; x_wconf 92' lang='lat' dir='ltr'>apud</span> <span class='ocrx_word' id='word_1_701' title='bbox 1601 2945 1648 2983; x_wconf 87' lang='lat' dir='ltr'>eos</span> <span class='ocrx_word' id='word_1_702' title='bbox 1678 2941 1819 2983; x_wconf 84' lang='lat' dir='ltr'>monstrum</span> 
     </span>
    </p>
   </div>
   <div class='ocr_carea' id='block_1_11' title="bbox 1037 3012 1826 3704">
    <p class='ocr_par' dir='ltr' id='par_1_11' title="bbox 1037 3012 1826 3704">
     <span class='ocr_line' id='line_1_99' title="bbox 1040 3012 1824 3081; baseline -0.008 -15"><span class='ocrx_word' id='word_1_703' title='bbox 1040 3020 1125 3081; x_wconf 87' lang='lat' dir='ltr'>repert</span> <span class='ocrx_word' id='word_1_704' title='bbox 1151 3022 1180 3066; x_wconf 93' lang='lat' dir='ltr'>ut</span> <span class='ocrx_word' id='word_1_705' title='bbox 1204 3015 1324 3080; x_wconf 88' lang='lat' dir='ltr'>plerique</span> <span class='ocrx_word' id='word_1_706' title='bbox 1341 3014 1541 3065; x_wconf 82' lang='lat' dir='ltr'>existimabant:</span> <span class='ocrx_word' id='word_1_707' title='bbox 1566 3013 1613 3062; x_wconf 88' lang='lat' dir='ltr'>aed</span> <span class='ocrx_word' id='word_1_708' title='bbox 1632 3012 1752 3061; x_wconf 84' lang='lat' dir='ltr'>homines</span> <span class='ocrx_word' id='word_1_709' title='bbox 1774 3024 1824 3060; x_wconf 86' lang='lat' dir='ltr'>rua·</span> 
     </span>
     <span class='ocr_line' id='line_1_100' title="bbox 1037 3087 1821 3156; baseline -0.009 -15"><span class='ocrx_word' id='word_1_710' title='bbox 1037 3106 1088 3156; x_wconf 88' lang='lat' dir='ltr'>gne</span> <span class='ocrx_word' id='word_1_711' title='bbox 1115 3093 1265 3142; x_wconf 87' lang='lat' dir='ltr'>reverentie</span> <span class='ocrx_word' id='word_1_712' title='bbox 1298 3095 1378 3153; x_wconf 91' lang='lat' dir='ltr'>atque</span> <span class='ocrx_word' id='word_1_713' title='bbox 1415 3089 1549 3151; x_wconf 89' lang='lat' dir='ltr'>benignos.</span> <span class='ocrx_word' id='word_1_714' title='bbox 1581 3087 1637 3140; x_wconf 83' lang='lat' dir='ltr'>Nec</span> <span class='ocrx_word' id='word_1_715' title='bbox 1671 3090 1736 3137; x_wconf 86' lang='lat' dir='ltr'>suut</span> <span class='ocrx_word' id='word_1_716' title='bbox 1762 3087 1821 3149; x_wconf 84' lang='lat' dir='ltr'>nigri</span> 
     </span>
     <span class='ocr_line' id='line_1_101' title="bbox 1039 3166 1822 3239; baseline -0.008 -20"><span class='ocrx_word' id='word_1_717' title='bbox 1039 3174 1111 3221; x_wconf 91' lang='lat' dir='ltr'>vetut</span> <span class='ocrx_word' id='word_1_718' title='bbox 1130 3172 1265 3234; x_wconf 85' lang='lat' dir='ltr'>etlriopes.</span> <span class='ocrx_word' id='word_1_719' title='bbox 1285 3169 1383 3239; x_wconf 82' lang='lat' dir='ltr'>babent</span> <span class='ocrx_word' id='word_1_720' title='bbox 1401 3170 1489 3218; x_wconf 89' lang='lat' dir='ltr'>crines</span> <span class='ocrx_word' id='word_1_721' title='bbox 1514 3169 1607 3230; x_wconf 88' lang='lat' dir='ltr'>planos</span> <span class='ocrx_word' id='word_1_722' title='bbox 1632 3178 1662 3217; x_wconf 90' lang='lat' dir='ltr'>ac</span> <span class='ocrx_word' id='word_1_723' title='bbox 1680 3166 1822 3217; x_wconf 80' lang='lat' dir='ltr'>demissos:</span> 
     </span>
     <span class='ocr_line' id='line_1_102' title="bbox 1039 3247 1825 3314; baseline -0.013 -12"><span class='ocrx_word' id='word_1_724' title='bbox 1039 3266 1091 3302; x_wconf 93' lang='lat' dir='ltr'>non</span> <span class='ocrx_word' id='word_1_725' title='bbox 1108 3251 1205 3314; x_wconf 87' lang='lat' dir='ltr'>degunt</span> <span class='ocrx_word' id='word_1_726' title='bbox 1222 3251 1266 3300; x_wconf 93' lang='lat' dir='ltr'>ubi</span> <span class='ocrx_word' id='word_1_727' title='bbox 1283 3250 1417 3299; x_wconf 88' lang='lat' dir='ltr'>radiorum</span> <span class='ocrx_word' id='word_1_728' title='bbox 1441 3247 1536 3296; x_wconf 88' lang='lat' dir='ltr'>sciaris</span> <span class='ocrx_word' id='word_1_729' title='bbox 1553 3247 1648 3295; x_wconf 90' lang='lat' dir='ltr'>emicet</span> <span class='ocrx_word' id='word_1_730' title='bbox 1665 3247 1755 3294; x_wconf 77' lang='lat' dir='ltr'>calor:</span> <span class='ocrx_word' id='word_1_731' title='bbox 1772 3257 1825 3306; x_wconf 89' lang='lat' dir='ltr'>per·</span> 
     </span>
     <span class='ocr_line' id='line_1_103' title="bbox 1040 3326 1824 3393; baseline -0.011 -13"><span class='ocrx_word' id='word_1_732' title='bbox 1040 3343 1131 3393; x_wconf 90' lang='lat' dir='ltr'>magna</span> <span class='ocrx_word' id='word_1_733' title='bbox 1148 3341 1260 3391; x_wconf 85' lang='lat' dir='ltr'>namque</span> <span class='ocrx_word' id='word_1_734' title='bbox 1278 3329 1319 3378; x_wconf 89' lang='lat' dir='ltr'>bic</span> <span class='ocrx_word' id='word_1_735' title='bbox 1337 3331 1378 3378; x_wconf 87' lang='lat' dir='ltr'>est</span> <span class='ocrx_word' id='word_1_736' title='bbox 1396 3327 1459 3376; x_wconf 93' lang='lat' dir='ltr'>sotis</span> <span class='ocrx_word' id='word_1_737' title='bbox 1476 3326 1659 3375; x_wconf 82' lang='lat' dir='ltr'>venementia=</span> <span class='ocrx_word' id='word_1_738' title='bbox 1686 3328 1824 3386; x_wconf 85' lang='lat' dir='ltr'>propterea</span> 
     </span>
     <span class='ocr_line' id='line_1_104' title="bbox 1040 3401 1826 3472; baseline -0.019 -9"><span class='ocrx_word' id='word_1_739' title='bbox 1040 3409 1112 3472; x_wconf 83' lang='lat' dir='ltr'>quod</span> <span class='ocrx_word' id='word_1_740' title='bbox 1125 3408 1158 3458; x_wconf 86' lang='lat' dir='ltr'>ab</span> <span class='ocrx_word' id='word_1_741' title='bbox 1170 3406 1340 3471; x_wconf 86' lang='lat' dir='ltr'>equinoctiali</span> <span class='ocrx_word' id='word_1_742' title='bbox 1354 3407 1423 3455; x_wconf 86' lang='lat' dir='ltr'>tinea</span> <span class='ocrx_word' id='word_1_743' title='bbox 1433 3405 1532 3455; x_wconf 82' lang='lat' dir='ltr'>distet:</span> <span class='ocrx_word' id='word_1_744' title='bbox 1549 3408 1577 3454; x_wconf 94' lang='lat' dir='ltr'>ut</span> <span class='ocrx_word' id='word_1_745' title='bbox 1594 3403 1721 3452; x_wconf 62' lang='lat' dir='ltr'>videtum</span> <span class='ocrx_word' id='word_1_746' title='bbox 1736 3401 1826 3464; x_wconf 84' lang='lat' dir='ltr'>gradus</span> 
     </span>
     <span class='ocr_line' id='line_1_105' title="bbox 1039 3480 1824 3551; baseline -0.018 -11"><span class='ocrx_word' id='word_1_747' title='bbox 1039 3503 1087 3540; x_wconf 90' lang='lat' dir='ltr'>sex</span> <span class='ocrx_word' id='word_1_748' title='bbox 1104 3493 1130 3539; x_wconf 90' lang='lat' dir='ltr'>et</span> <span class='ocrx_word' id='word_1_749' title='bbox 1147 3489 1246 3551; x_wconf 86' lang='lat' dir='ltr'>viginti.</span> <span class='ocrx_word' id='word_1_750' title='bbox 1269 3486 1309 3537; x_wconf 76' lang='lat' dir='ltr'>iix</span> <span class='ocrx_word' id='word_1_751' title='bbox 1332 3486 1459 3534; x_wconf 81' lang='lat' dir='ltr'>montium</span> <span class='ocrx_word' id='word_1_752' title='bbox 1483 3480 1664 3531; x_wconf 84' lang='lat' dir='ltr'>cacuminibus</span> <span class='ocrx_word' id='word_1_753' title='bbox 1688 3481 1824 3529; x_wconf 85' lang='lat' dir='ltr'>maximum</span> 
     </span>
     <span class='ocr_line' id='line_1_106' title="bbox 1038 3557 1824 3631; baseline -0.015 -14"><span class='ocrx_word' id='word_1_754' title='bbox 1038 3580 1141 3631; x_wconf 86' lang='lat' dir='ltr'>quoquc</span> <span class='ocrx_word' id='word_1_755' title='bbox 1158 3569 1228 3630; x_wconf 92' lang='lat' dir='ltr'>viget</span> <span class='ocrx_word' id='word_1_756' title='bbox 1244 3564 1395 3627; x_wconf 84' lang='lat' dir='ltr'>frigus=sed</span> <span class='ocrx_word' id='word_1_757' title='bbox 1413 3563 1438 3613; x_wconf 90' lang='lat' dir='ltr'>id</span> <span class='ocrx_word' id='word_1_758' title='bbox 1455 3563 1562 3625; x_wconf 90' lang='lat' dir='ltr'>quidem</span> <span class='ocrx_word' id='word_1_759' title='bbox 1580 3560 1754 3611; x_wconf 86' lang='lat' dir='ltr'>moderantur</span> <span class='ocrx_word' id='word_1_760' title='bbox 1775 3557 1824 3606; x_wconf 90' lang='lat' dir='ltr'>indi</span> 
     </span>
     <span class='ocr_line' id='line_1_107' title="bbox 1040 3637 1823 3704; baseline -0.01 -11"><span class='ocrx_word' id='word_1_761' title='bbox 1040 3652 1094 3696; x_wconf 90' lang='lat' dir='ltr'>inm</span> <span class='ocrx_word' id='word_1_762' title='bbox 1122 3646 1171 3695; x_wconf 93' lang='lat' dir='ltr'>loci</span> <span class='ocrx_word' id='word_1_763' title='bbox 1196 3642 1388 3704; x_wconf 82' lang='lat' dir='ltr'>cousuetudine</span> <span class='ocrx_word' id='word_1_764' title='bbox 1419 3645 1472 3691; x_wconf 91' lang='lat' dir='ltr'>turn</span> <span class='ocrx_word' id='word_1_765' title='bbox 1498 3652 1587 3691; x_wconf 90' lang='lat' dir='ltr'>rerum</span> <span class='ocrx_word' id='word_1_766' title='bbox 1608 3637 1823 3688; x_wconf 73' lang='lat' dir='ltr'>calidissimum</span> 
     </span>
    </p>
   </div>
   <div class='ocr_carea' id='block_1_12' title="bbox 1032 3715 1824 3788">
    <p class='ocr_par' dir='ltr' id='par_1_12' title="bbox 1032 3715 1824 3788">
     <span class='ocr_line' id='line_1_108' title="bbox 1032 3715 1824 3788; baseline -0.016 -14"><span class='ocrx_word' id='word_1_767' title='bbox 1032 3724 1137 3788; x_wconf 61' lang='lat' dir='ltr'>‘quibus</span> <span class='ocrx_word' id='word_1_768' title='bbox 1163 3726 1316 3785; x_wconf 87' lang='lat' dir='ltr'>frequenter</span> <span class='ocrx_word' id='word_1_769' title='bbox 1341 3725 1367 3770; x_wconf 87' lang='lat' dir='ltr'>et</span> <span class='ocrx_word' id='word_1_770' title='bbox 1384 3721 1517 3769; x_wconf 87' lang='lat' dir='ltr'>luxuriose</span> <span class='ocrx_word' id='word_1_771' title='bbox 1539 3722 1687 3768; x_wconf 88' lang='lat' dir='ltr'>vescuntur</span> <span class='ocrx_word' id='word_1_772' title='bbox 1709 3715 1824 3779; x_wconf 86' lang='lat' dir='ltr'>presidio.</span> 
     </span>
    </p>
   </div>
   <div class='ocr_carea' id='block_1_13' title="bbox 1037 3793 1826 5370">
    <p class='ocr_par' dir='ltr' id='par_1_13' title="bbox 1037 3793 1826 5370">
     <span class='ocr_line' id='line_1_109' title="bbox 1040 3793 1823 3865; baseline -0.013 -14"><span class='ocrx_word' id='word_1_773' title='bbox 1040 3803 1130 3865; x_wconf 89' lang='lat' dir='ltr'>ltaque</span> <span class='ocrx_word' id='word_1_774' title='bbox 1144 3806 1265 3861; x_wconf 19' lang='lat' dir='ltr'>*monstra</span> <span class='ocrx_word' id='word_1_775' title='bbox 1281 3800 1368 3861; x_wconf 87' lang='lat' dir='ltr'>aliqua</span> <span class='ocrx_word' id='word_1_776' title='bbox 1386 3811 1438 3848; x_wconf 91' lang='lat' dir='ltr'>non</span> <span class='ocrx_word' id='word_1_777' title='bbox 1450 3796 1513 3846; x_wconf 80' lang='lat' dir='ltr'>vidi·-</span> <span class='ocrx_word' id='word_1_778' title='bbox 1524 3808 1610 3858; x_wconf 87' lang='lat' dir='ltr'>neque</span> <span class='ocrx_word' id='word_1_779' title='bbox 1627 3808 1723 3845; x_wconf 90' lang='lat' dir='ltr'>eorum</span> <span class='ocrx_word' id='word_1_780' title='bbox 1735 3793 1823 3846; x_wconf 82' lang='lat' dir='ltr'>abcubi</span> 
     </span>
     <span class='ocr_line' id='line_1_110' title="bbox 1041 3872 1824 3942; baseline -0.014 -11"><span class='ocrx_word' id='word_1_781' title='bbox 1041 3881 1118 3931; x_wconf 84' lang='lat' dir='ltr'>habui</span> <span class='ocrx_word' id='word_1_782' title='bbox 1141 3880 1330 3942; x_wconf 79' lang='lat' dir='ltr'>cognitionem:</span> <span class='ocrx_word' id='word_1_783' title='bbox 1355 3881 1467 3940; x_wconf 89' lang='lat' dir='ltr'>excepta</span> <span class='ocrx_word' id='word_1_784' title='bbox 1488 3877 1601 3940; x_wconf 87' lang='lat' dir='ltr'>quadam</span> <span class='ocrx_word' id='word_1_785' title='bbox 1628 3875 1717 3925; x_wconf 88' lang='lat' dir='ltr'>insuia</span> <span class='ocrx_word' id='word_1_786' title='bbox 1740 3872 1824 3922; x_wconf 79' lang='lat' dir='ltr'>citaris</span> 
     </span>
     <span class='ocr_line' id='line_1_111' title="bbox 1041 3952 1822 4021; baseline -0.013 -12"><span class='ocrx_word' id='word_1_787' title='bbox 1041 3964 1203 4021; x_wconf 80' lang='lat' dir='ltr'>nuncupata:</span> <span class='ocrx_word' id='word_1_788' title='bbox 1228 3970 1295 4020; x_wconf 89' lang='lat' dir='ltr'>quae</span> <span class='ocrx_word' id='word_1_789' title='bbox 1319 3957 1434 4008; x_wconf 89' lang='lat' dir='ltr'>secunda</span> <span class='ocrx_word' id='word_1_790' title='bbox 1462 3967 1496 4005; x_wconf 85' lang='lat' dir='ltr'>ex</span> <span class='ocrx_word' id='word_1_791' title='bbox 1522 3954 1646 4017; x_wconf 87' lang='lat' dir='ltr'>Hispania</span> <span class='ocrx_word' id='word_1_792' title='bbox 1678 3954 1705 4002; x_wconf 91' lang='lat' dir='ltr'>ln</span> <span class='ocrx_word' id='word_1_793' title='bbox 1732 3952 1822 4001; x_wconf 87' lang='lat' dir='ltr'>indian</span> 
     </span>
     <span class='ocr_line' id='line_1_112' title="bbox 1039 4030 1823 4098; baseline -0.015 -8"><span class='ocrx_word' id='word_1_794' title='bbox 1039 4038 1272 4090; x_wconf 80' lang='lat' dir='ltr'>transfretantibus</span> <span class='ocrx_word' id='word_1_795' title='bbox 1296 4037 1401 4086; x_wconf 78' lang='lat' dir='ltr'>existit:</span> <span class='ocrx_word' id='word_1_796' title='bbox 1423 4048 1502 4098; x_wconf 88' lang='lat' dir='ltr'>quam</span> <span class='ocrx_word' id='word_1_797' title='bbox 1521 4046 1584 4096; x_wconf 89' lang='lat' dir='ltr'>gens</span> <span class='ocrx_word' id='word_1_798' title='bbox 1604 4033 1719 4095; x_wconf 89' lang='lat' dir='ltr'>quedem</span> <span class='ocrx_word' id='word_1_799' title='bbox 1740 4030 1823 4080; x_wconf 83' lang='lat' dir='ltr'>alini·</span> 
     </span>
     <span class='ocr_line' id='line_1_113' title="bbox 1038 4110 1824 4168; baseline -0.011 0"><span class='ocrx_word' id='word_1_800' title='bbox 1038 4120 1108 4168; x_wconf 90' lang='lat' dir='ltr'>timis</span> <span class='ocrx_word' id='word_1_801' title='bbox 1126 4117 1214 4167; x_wconf 84' lang='lat' dir='ltr'>babila</span> <span class='ocrx_word' id='word_1_802' title='bbox 1231 4116 1347 4166; x_wconf 87' lang='lat' dir='ltr'>ferocior</span> <span class='ocrx_word' id='word_1_803' title='bbox 1371 4110 1480 4165; x_wconf 69' lang='lat' dir='ltr'>incolite</span> <span class='ocrx_word' id='word_1_804' title='bbox 1505 4116 1529 4164; x_wconf 89' lang='lat' dir='ltr'>bi</span> <span class='ocrx_word' id='word_1_805' title='bbox 1554 4124 1634 4162; x_wconf 88' lang='lat' dir='ltr'>cerne</span> <span class='ocrx_word' id='word_1_806' title='bbox 1652 4113 1768 4162; x_wconf 88' lang='lat' dir='ltr'>bumana</span> <span class='ocrx_word' id='word_1_807' title='bbox 1783 4122 1824 4159; x_wconf 88' lang='lat' dir='ltr'>re·</span> 
     </span>
     <span class='ocr_line' id='line_1_114' title="bbox 1039 4193 1823 4258; baseline -0.009 -11"><span class='ocrx_word' id='word_1_808' title='bbox 1039 4202 1157 4256; x_wconf 80' lang='lat' dir='ltr'>suuntur·</span> <span class='ocrx_word' id='word_1_809' title='bbox 1179 4196 1282 4246; x_wconf 82' lang='lat' dir='ltr'>liabent</span> <span class='ocrx_word' id='word_1_810' title='bbox 1304 4195 1416 4258; x_wconf 89' lang='lat' dir='ltr'>predicti</span> <span class='ocrx_word' id='word_1_811' title='bbox 1433 4194 1573 4244; x_wconf 90' lang='lat' dir='ltr'>biremium</span> <span class='ocrx_word' id='word_1_812' title='bbox 1600 4205 1700 4255; x_wconf 89' lang='lat' dir='ltr'>genera</span> <span class='ocrx_word' id='word_1_813' title='bbox 1721 4193 1823 4254; x_wconf 85' lang='lat' dir='ltr'>plurima</span> 
     </span>
     <span class='ocr_line' id='line_1_115' title="bbox 1038 4271 1824 4338; baseline -0.008 -13"><span class='ocrx_word' id='word_1_814' title='bbox 1038 4277 1134 4338; x_wconf 90' lang='lat' dir='ltr'>quibus</span> <span class='ocrx_word' id='word_1_815' title='bbox 1160 4277 1185 4324; x_wconf 93' lang='lat' dir='ltr'>iu</span> <span class='ocrx_word' id='word_1_816' title='bbox 1214 4275 1300 4325; x_wconf 90' lang='lat' dir='ltr'>omnis</span> <span class='ocrx_word' id='word_1_817' title='bbox 1324 4273 1426 4324; x_wconf 90' lang='lat' dir='ltr'>indicas</span> <span class='ocrx_word' id='word_1_818' title='bbox 1452 4273 1551 4326; x_wconf 86' lang='lat' dir='ltr'>insulas</span> <span class='ocrx_word' id='word_1_819' title='bbox 1568 4273 1719 4322; x_wconf 87' lang='lat' dir='ltr'>traiiciunt.</span> <span class='ocrx_word' id='word_1_820' title='bbox 1739 4271 1824 4333; x_wconf 86' lang='lat' dir='ltr'>depre-</span> 
     </span>
     <span class='ocr_line' id='line_1_116' title="bbox 1038 4349 1822 4417; baseline -0.013 -11"><span class='ocrx_word' id='word_1_821' title='bbox 1038 4357 1102 4414; x_wconf 82' lang='lat' dir='ltr'>dant</span> <span class='ocrx_word' id='word_1_822' title='bbox 1130 4356 1328 4417; x_wconf 89' lang='lat' dir='ltr'>surripiuntque</span> <span class='ocrx_word' id='word_1_823' title='bbox 1353 4365 1511 4417; x_wconf 89' lang='lat' dir='ltr'>quecunque</span> <span class='ocrx_word' id='word_1_824' title='bbox 1536 4358 1659 4414; x_wconf 88' lang='lat' dir='ltr'>possunt.</span> <span class='ocrx_word' id='word_1_825' title='bbox 1693 4351 1766 4402; x_wconf 83' lang='lat' dir='ltr'>fiiliii</span> <span class='ocrx_word' id='word_1_826' title='bbox 1796 4349 1822 4398; x_wconf 85' lang='lat' dir='ltr'>ab</span> 
     </span>
     <span class='ocr_line' id='line_1_117' title="bbox 1037 4429 1824 4496; baseline -0.01 -11"><span class='ocrx_word' id='word_1_827' title='bbox 1037 4437 1095 4485; x_wconf 85' lang='lat' dir='ltr'>aliis</span> <span class='ocrx_word' id='word_1_828' title='bbox 1112 4434 1235 4484; x_wconf 87' lang='lat' dir='ltr'>ditferunl</span> <span class='ocrx_word' id='word_1_829' title='bbox 1256 4433 1309 4483; x_wconf 92' lang='lat' dir='ltr'>uisi</span> <span class='ocrx_word' id='word_1_830' title='bbox 1327 4432 1398 4496; x_wconf 92' lang='lat' dir='ltr'>quod</span> <span class='ocrx_word' id='word_1_831' title='bbox 1422 4436 1517 4495; x_wconf 89' lang='lat' dir='ltr'>gerunt</span> <span class='ocrx_word' id='word_1_832' title='bbox 1537 4443 1610 4481; x_wconf 90' lang='lat' dir='ltr'>more</span> <span class='ocrx_word' id='word_1_833' title='bbox 1635 4429 1754 4479; x_wconf 89' lang='lat' dir='ltr'>lemiueo</span> <span class='ocrx_word' id='word_1_834' title='bbox 1774 4430 1824 4478; x_wconf 87' lang='lat' dir='ltr'>iou·</span> 
     </span>
     <span class='ocr_line' id='line_1_118' title="bbox 1037 4509 1824 4578; baseline -0.008 -16"><span class='ocrx_word' id='word_1_835' title='bbox 1037 4527 1084 4578; x_wconf 83' lang='lat' dir='ltr'>gos</span> <span class='ocrx_word' id='word_1_836' title='bbox 1110 4516 1216 4563; x_wconf 85' lang='lat' dir='ltr'>crines:</span> <span class='ocrx_word' id='word_1_837' title='bbox 1241 4517 1351 4563; x_wconf 89' lang='lat' dir='ltr'>utuntur</span> <span class='ocrx_word' id='word_1_838' title='bbox 1368 4512 1483 4562; x_wconf 87' lang='lat' dir='ltr'>arcubus</span> <span class='ocrx_word' id='word_1_839' title='bbox 1499 4515 1526 4560; x_wconf 90' lang='lat' dir='ltr'>et</span> <span class='ocrx_word' id='word_1_840' title='bbox 1542 4510 1652 4572; x_wconf 86' lang='lat' dir='ltr'>spiculis</span> <span class='ocrx_word' id='word_1_841' title='bbox 1681 4509 1824 4560; x_wconf 87' lang='lat' dir='ltr'>arundineis</span> 
     </span>
     <span class='ocr_line' id='line_1_119' title="bbox 1038 4589 1825 4653; baseline -0.008 -11"><span class='ocrx_word' id='word_1_842' title='bbox 1038 4593 1096 4644; x_wconf 89' lang='lat' dir='ltr'>lixis</span> <span class='ocrx_word' id='word_1_843' title='bbox 1124 4599 1151 4641; x_wconf 92' lang='lat' dir='ltr'>ut</span> <span class='ocrx_word' id='word_1_844' title='bbox 1176 4592 1291 4641; x_wconf 91' lang='lat' dir='ltr'>diximus</span> <span class='ocrx_word' id='word_1_845' title='bbox 1318 4591 1344 4640; x_wconf 95' lang='lat' dir='ltr'>in</span> <span class='ocrx_word' id='word_1_846' title='bbox 1373 4589 1501 4653; x_wconf 85' lang='lat' dir='ltr'>grossiori</span> <span class='ocrx_word' id='word_1_847' title='bbox 1523 4592 1598 4652; x_wconf 90' lang='lat' dir='ltr'>parte</span> <span class='ocrx_word' id='word_1_848' title='bbox 1620 4591 1764 4639; x_wconf 87' lang='lat' dir='ltr'>attenuatis</span> <span class='ocrx_word' id='word_1_849' title='bbox 1783 4589 1825 4637; x_wconf 88' lang='lat' dir='ltr'>ba·</span> 
     </span>
     <span class='ocr_line' id='line_1_120' title="bbox 1039 4667 1823 4736; baseline -0.01 -13"><span class='ocrx_word' id='word_1_850' title='bbox 1039 4673 1161 4731; x_wconf 80' lang='lat' dir='ltr'>stilibus=</span> <span class='ocrx_word' id='word_1_851' title='bbox 1191 4670 1302 4733; x_wconf 91' lang='lat' dir='ltr'>ideoque</span> <span class='ocrx_word' id='word_1_852' title='bbox 1326 4669 1458 4720; x_wconf 88' lang='lat' dir='ltr'>babeutur</span> <span class='ocrx_word' id='word_1_853' title='bbox 1486 4669 1605 4736; x_wconf 71' lang='lat' dir='ltr'>ferocem</span> <span class='ocrx_word' id='word_1_854' title='bbox 1636 4681 1722 4730; x_wconf 87' lang='lat' dir='ltr'>quare</span> <span class='ocrx_word' id='word_1_855' title='bbox 1750 4667 1823 4717; x_wconf 87' lang='lat' dir='ltr'>ceteri</span> 
     </span>
     <span class='ocr_line' id='line_1_121' title="bbox 1039 4745 1824 4810; baseline -0.011 -9"><span class='ocrx_word' id='word_1_856' title='bbox 1039 4751 1094 4801; x_wconf 89' lang='lat' dir='ltr'>indi</span> <span class='ocrx_word' id='word_1_857' title='bbox 1112 4751 1270 4800; x_wconf 85' lang='lat' dir='ltr'>inexhausto</span> <span class='ocrx_word' id='word_1_858' title='bbox 1287 4752 1358 4799; x_wconf 90' lang='lat' dir='ltr'>metu</span> <span class='ocrx_word' id='word_1_859' title='bbox 1374 4749 1539 4810; x_wconf 75' lang='lat' dir='ltr'>plectunture</span> <span class='ocrx_word' id='word_1_860' title='bbox 1561 4747 1610 4798; x_wconf 88' lang='lat' dir='ltr'>sed</span> <span class='ocrx_word' id='word_1_861' title='bbox 1627 4748 1677 4797; x_wconf 82' lang='lat' dir='ltr'>boe</span> <span class='ocrx_word' id='word_1_862' title='bbox 1694 4760 1745 4810; x_wconf 90' lang='lat' dir='ltr'>ego</span> <span class='ocrx_word' id='word_1_863' title='bbox 1760 4745 1824 4796; x_wconf 86' lang='lat' dir='ltr'>nitiili</span> 
     </span>
     <span class='ocr_line' id='line_1_122' title="bbox 1039 4822 1825 4892; baseline -0.01 -12"><span class='ocrx_word' id='word_1_864' title='bbox 1039 4832 1105 4880; x_wconf 89' lang='lat' dir='ltr'>facio</span> <span class='ocrx_word' id='word_1_865' title='bbox 1122 4832 1181 4892; x_wconf 92' lang='lat' dir='ltr'>ptus</span> <span class='ocrx_word' id='word_1_866' title='bbox 1199 4841 1277 4890; x_wconf 87' lang='lat' dir='ltr'>quam</span> <span class='ocrx_word' id='word_1_867' title='bbox 1294 4829 1367 4877; x_wconf 90' lang='lat' dir='ltr'>alios.</span> <span class='ocrx_word' id='word_1_868' title='bbox 1383 4826 1413 4877; x_wconf 91' lang='lat' dir='ltr'>iii</span> <span class='ocrx_word' id='word_1_869' title='bbox 1431 4831 1493 4878; x_wconf 90' lang='lat' dir='ltr'>sunt</span> <span class='ocrx_word' id='word_1_870' title='bbox 1514 4827 1558 4890; x_wconf 92' lang='lat' dir='ltr'>qul</span> <span class='ocrx_word' id='word_1_871' title='bbox 1575 4831 1673 4876; x_wconf 81' lang='lat' dir='ltr'>cocum</span> <span class='ocrx_word' id='word_1_872' title='bbox 1696 4838 1758 4875; x_wconf 91' lang='lat' dir='ltr'>cum</span> <span class='ocrx_word' id='word_1_873' title='bbox 1776 4822 1825 4886; x_wconf 89' lang='lat' dir='ltr'>qui-</span> 
     </span>
     <span class='ocr_line' id='line_1_123' title="bbox 1039 4905 1825 4969; baseline -0.009 -10"><span class='ocrx_word' id='word_1_874' title='bbox 1039 4909 1149 4959; x_wconf 86' lang='lat' dir='ltr'>busdem</span> <span class='ocrx_word' id='word_1_875' title='bbox 1177 4908 1295 4961; x_wconf 84' lang='lat' dir='ltr'>leminis=</span> <span class='ocrx_word' id='word_1_876' title='bbox 1321 4919 1373 4969; x_wconf 91' lang='lat' dir='ltr'>que</span> <span class='ocrx_word' id='word_1_877' title='bbox 1399 4907 1456 4956; x_wconf 91' lang='lat' dir='ltr'>soie</span> <span class='ocrx_word' id='word_1_878' title='bbox 1484 4906 1596 4955; x_wconf 84' lang='lat' dir='ltr'>insulam</span> <span class='ocrx_word' id='word_1_879' title='bbox 1621 4905 1755 4955; x_wconf 84' lang='lat' dir='ltr'>itateuniu</span> <span class='ocrx_word' id='word_1_880' title='bbox 1778 4906 1825 4966; x_wconf 89' lang='lat' dir='ltr'>pri·</span> 
     </span>
     <span class='ocr_line' id='line_1_124' title="bbox 1040 4983 1824 5048; baseline -0.013 -11"><span class='ocrx_word' id='word_1_881' title='bbox 1040 5002 1106 5037; x_wconf 90' lang='lat' dir='ltr'>mem</span> <span class='ocrx_word' id='word_1_882' title='bbox 1132 5000 1165 5037; x_wconf 91' lang='lat' dir='ltr'>ex</span> <span class='ocrx_word' id='word_1_883' title='bbox 1183 4986 1307 5048; x_wconf 86' lang='lat' dir='ltr'>tiispsnie</span> <span class='ocrx_word' id='word_1_884' title='bbox 1324 4985 1350 5033; x_wconf 94' lang='lat' dir='ltr'>in</span> <span class='ocrx_word' id='word_1_885' title='bbox 1367 4983 1465 5035; x_wconf 90' lang='lat' dir='ltr'>indiam</span> <span class='ocrx_word' id='word_1_886' title='bbox 1487 4983 1683 5034; x_wconf 90' lang='lat' dir='ltr'>traiicientibus</span> <span class='ocrx_word' id='word_1_887' title='bbox 1704 4984 1824 5034; x_wconf 82' lang='lat' dir='ltr'>habitant.</span> 
     </span>
     <span class='ocr_line' id='line_1_125' title="bbox 1038 5069 1824 5130; baseline -0.009 -9"><span class='ocrx_word' id='word_1_888' title='bbox 1038 5070 1076 5121; x_wconf 85' lang='lat' dir='ltr'>lie</span> <span class='ocrx_word' id='word_1_889' title='bbox 1099 5076 1185 5120; x_wconf 89' lang='lat' dir='ltr'>autem</span> <span class='ocrx_word' id='word_1_890' title='bbox 1209 5070 1303 5118; x_wconf 90' lang='lat' dir='ltr'>femine</span> <span class='ocrx_word' id='word_1_891' title='bbox 1319 5070 1417 5118; x_wconf 92' lang='lat' dir='ltr'>nuilum</span> <span class='ocrx_word' id='word_1_892' title='bbox 1436 5069 1477 5117; x_wconf 92' lang='lat' dir='ltr'>sui</span> <span class='ocrx_word' id='word_1_893' title='bbox 1494 5080 1575 5117; x_wconf 89' lang='lat' dir='ltr'>sexus</span> <span class='ocrx_word' id='word_1_894' title='bbox 1600 5080 1668 5130; x_wconf 89' lang='lat' dir='ltr'>opus</span> <span class='ocrx_word' id='word_1_895' title='bbox 1692 5070 1824 5118; x_wconf 84' lang='lat' dir='ltr'>exercent:</span> 
     </span>
     <span class='ocr_line' id='line_1_126' title="bbox 1040 5147 1824 5210; baseline -0.006 -11"><span class='ocrx_word' id='word_1_896' title='bbox 1040 5155 1148 5199; x_wconf 91' lang='lat' dir='ltr'>utuntur</span> <span class='ocrx_word' id='word_1_897' title='bbox 1173 5150 1241 5198; x_wconf 91' lang='lat' dir='ltr'>enim</span> <span class='ocrx_word' id='word_1_898' title='bbox 1270 5148 1384 5198; x_wconf 89' lang='lat' dir='ltr'>arcubus</span> <span class='ocrx_word' id='word_1_899' title='bbox 1412 5152 1439 5197; x_wconf 90' lang='lat' dir='ltr'>el</span> <span class='ocrx_word' id='word_1_900' title='bbox 1455 5148 1564 5210; x_wconf 91' lang='lat' dir='ltr'>spiculis</span> <span class='ocrx_word' id='word_1_901' title='bbox 1590 5147 1659 5197; x_wconf 89' lang='lat' dir='ltr'>sicut</span> <span class='ocrx_word' id='word_1_902' title='bbox 1682 5149 1716 5197; x_wconf 93' lang='lat' dir='ltr'>de</span> <span class='ocrx_word' id='word_1_903' title='bbox 1743 5157 1824 5197; x_wconf 86' lang='lat' dir='ltr'>eamn</span> 
     </span>
     <span class='ocr_line' id='line_1_127' title="bbox 1039 5227 1824 5289; baseline -0.009 -10"><span class='ocrx_word' id='word_1_904' title='bbox 1039 5228 1192 5288; x_wconf 79' lang='lat' dir='ltr'>coningibus</span> <span class='ocrx_word' id='word_1_905' title='bbox 1217 5228 1290 5278; x_wconf 80' lang='lat' dir='ltr'>dixi:</span> <span class='ocrx_word' id='word_1_906' title='bbox 1317 5227 1437 5277; x_wconf 90' lang='lat' dir='ltr'>muniunt</span> <span class='ocrx_word' id='word_1_907' title='bbox 1458 5239 1519 5278; x_wconf 90' lang='lat' dir='ltr'>sese</span> <span class='ocrx_word' id='word_1_908' title='bbox 1537 5228 1639 5276; x_wconf 89' lang='lat' dir='ltr'>laminis</span> <span class='ocrx_word' id='word_1_909' title='bbox 1664 5229 1739 5277; x_wconf 89' lang='lat' dir='ltr'>eneis</span> <span class='ocrx_word' id='word_1_910' title='bbox 1770 5237 1824 5289; x_wconf 88' lang='lat' dir='ltr'>qua·</span> 
     </span>
     <span class='ocr_line' id='line_1_128' title="bbox 1040 5306 1826 5370; baseline -0.006 -13"><span class='ocrx_word' id='word_1_911' title='bbox 1040 5321 1098 5358; x_wconf 91' lang='lat' dir='ltr'>rum</span> <span class='ocrx_word' id='word_1_912' title='bbox 1116 5309 1231 5366; x_wconf 84' lang='lat' dir='ltr'>maxima</span> <span class='ocrx_word' id='word_1_913' title='bbox 1249 5306 1318 5370; x_wconf 87' lang='lat' dir='ltr'>apud</span> <span class='ocrx_word' id='word_1_914' title='bbox 1335 5318 1381 5356; x_wconf 89' lang='lat' dir='ltr'>cas</span> <span class='ocrx_word' id='word_1_915' title='bbox 1397 5306 1475 5369; x_wconf 89' lang='lat' dir='ltr'>copia</span> <span class='ocrx_word' id='word_1_916' title='bbox 1496 5309 1595 5358; x_wconf 82' lang='lat' dir='ltr'>existit</span> <span class='ocrx_word' id='word_1_917' title='bbox 1616 5308 1700 5358; x_wconf 74' lang='lat' dir='ltr'>aliam</span> <span class='ocrx_word' id='word_1_918' title='bbox 1718 5307 1779 5356; x_wconf 83' lang='lat' dir='ltr'>mibi</span> <span class='ocrx_word' id='word_1_919' title='bbox 1794 5307 1826 5352; x_wconf 89' lang='lat' dir='ltr'>iu·</span> 
     </span>
    </p>
   </div>
   <div class='ocr_carea' id='block_1_14' title="bbox 0 0 1888 6030">
    <p class='ocr_par' dir='ltr' id='par_1_14' title="bbox 0 0 1888 6030">
     <span class='ocr_line' id='line_1_129' title="bbox 0 0 1888 6030; baseline 0 0"><span class='ocrx_word' id='word_1_920' title='bbox 0 0 1888 6030; x_wconf 95' lang='lat' dir='ltr'> </span> 
     </span>
    </p>
   </div>
  </div>
 </body>
</html>
