3780 6030
60 276 171 359 (4444)

62 432 134 487 sem,
157 409 697 485 144411444444,1144144444444444,44
716 409 854 488 quosdam

61 516 134 576 aiios
156 525 221 593 post
239 532 288 574 eos
311 513 464 592 praelatos,
478 521 508 572 et
525 511 682 583 Oratores,
700 520 729 571 et
748 527 855 589 4444444-

60 615 205 694 plurimos
233 613 316 672 aiios.
352 611 509 690 Postquam
538 621 671 690 portatus
703 609 854 671 1414444444

61 726 157 788 esset,
181 724 214 774 ut
234 713 345 773 dictum
363 723 426 784 444,
451 712 479 771 144
500 712 669 784 ecclesiam,
689 709 856 771 cardinales

62 824 369 886 recesserunt,euntes
388 812 504 892 quidam
527 812 562 871 41
578 812 717 890 palatium
739 811 856 889 praedi·

61 927 156 988 ctum,
172 915 222 976 alii
237 914 273 973 ad
288 913 388 974 domos
405 931 481 973 snas.
497 911 619 973 Peracto
634 910 763 990 prandio,
778 909 856 970 Car·

65 1016 173 1076 diocles
203 1016 411 1075 commiserunt
438 1010 533 1082 441141,
556 1010 635 1090 44441
656 1027 770 1090 capsam
800 1030 855 1090 pro

62 1115 225 1194 sepeliendo
244 1112 386 1174 Pontidce
406 1157 414 1186 ,
433 1124 463 1172 et
482 1114 662 1191 sepulturam
691 1109 855 1170 ordinarem

64 1217 92 1274 in
119 1214 248 1293 cappella
270 1231 322 1272 sua
350 1231 425 1272 nova
453 1212 536 1272 ebori
566 1208 796 1282 canonicorum,
828 1223 874 1271 ,p

64 1316 136 1375 cleri
161 1314 297 1374 basilicae
320 1312 494 1391 praedictae,
516 1330 604 1390 quam
625 1315 684 1392 ipse
705 1312 856 1371 defunctus

65 1417 91 1475 in
120 1414 221 1475 eadem
252 1413 368 1473 basilica
394 1411 457 1474 lieri
486 1414 594 1473 1444441
620 1413 698 1473 41444
730 1411 855 1473 medium

65 1512 194 1593 ejusdem
208 1514 572 1592 cappellae,rersusaltare
589 1510 692 1589 4441444,
708 1516 736 1570 144
753 1511 856 1583 medio,

66 1625 222 1675 asserentes
237 1615 331 1693 ipsum
347 1613 513 1674 1414444444
532 1614 629 1672 locum
649 1608 814 1688 boitrsmodi
829 1611 855 1670 144

65 1716 246 1796 sepulturam
268 1714 422 1774 suarn·sibi
445 1714 563 1792 elegisse
570 1735 580 1787 3
601 1713 778 1791 quodetiam
794 1711 856 1771 1441.

66 1815 150 1876 Circa
174 1814 278 1875 boram
291 1815 428 1894 primam·
438 1814 531 1874 noctis
548 1813 603 1874 diei
616 1813 727 1874 veneris
747 1810 788 1872 13
802 1829 857 1870 au-

68 1910 393 1994 4444144444444414414
419 1932 526 1991 corpus
552 1912 678 1974 defuncti
704 1911 739 1971 14
767 1910 858 1974 choro

67 2013 185 2094 majoris
197 2014 297 2074 altaris
314 2032 367 2095 444
389 2015 501 2075 clerum
520 2014 613 2075 dictae
632 2013 765 2073 basilicae
785 2031 858 2091 pro·

68 2114 261 2175 cessionaliter
275 2115 311 2174 ad
327 2116 424 2176 locum
438 2117 620 2193 sepultarae,
635 2124 665 2174 et
680 2132 747 2174 cum
762 2115 858 2174 omni·

69 2215 120 2275 bus
141 2214 342 2295 paramentis,
359 2234 394 2274 44
415 2217 503 2275 44414
524 2215 666 2294 44441444,
688 2231 722 2274 44
744 2216 857 2295 4144444

68 2316 221 2396 4444114414
242 2316 407 2394 4444411444;
435 2333 505 2392 444,
526 2317 553 2374 14
576 2316 712 2395 44441444
728 2317 755 2375 14
774 2333 858 2394 capsa

67 2426 217 2495 magnaei
237 2416 332 2493 ampla
352 2432 439 2492 44444
467 2433 502 2474 ex
526 2433 604 2475 nuce
626 2412 689 2476 lieri
715 2414 792 2486 1441,
808 2411 860 2490 ja..

68 2527 158 2588 cente,
171 2515 304 2575 «lominus
322 2512 504 2597 1414114411)
520 2514 671 2595 episcopus
686 2513 859 2583 Cerriensis,

68 2620 116 2695 441
138 2619 218 2677 441444
239 2615 385 2693 444414144
413 2615 554 2687 interluit,
576 2614 736 2674 1141144444
759 2613 859 2691 paucis

68 2719 193 2779 44441444
209 2717 353 2796 psalmum
365 2716 514 2778 Miserere
526 2735 593 2777 cum
604 2716 745 2788 or·atione;
757 2733 865 2796 asper·-

68 2819 102 2878 sit
124 2817 292 2878 defunctum
314 2830 343 2879 44
363 2819 542 2896 sepulturam
561 2836 635 2896 4444
656 2816 812 2887 benedicta,
830 2829 859 2877 44

70 2919 167 2977 4144144
188 2930 266 2977 44444
282 2919 375 2997 ipsum
395 2917 607 2996 cooperuimus.
622 2917 710 2990 Turn,
724 2917 759 2976 de
774 2933 859 2976 man·

70 3017 137 3077 dato
162 3028 246 3077 etex
275 3019 390 3097 speciali
409 3019 607 3079 commissione
628 3039 680 3100 per
702 3021 859 3099 collegium

72 3117 136 3179 1111.
160 3118 440 3178 441444-14441444
462 3117 530 3178 milti
552 3120 787 3192 inclamandum
808 3140 860 3180 ca-

73 3222 183 3282 nonicis
205 3232 235 3282 44
255 3223 335 3281 41444
355 3221 489 3284 basilicae
507 3223 675 3301 praelatae,
695 3221 750 3280 sub
772 3239 860 3299 poena

72 3321 241 3400 privationis
267 3320 472 3382 1444414144444
500 3340 644 3394 suorum,
666 3322 861 3400 4441441144

73 3420 239 3482 14144444444
266 3433 417 3502 tangeret,
439 3434 489 3482 444
514 3424 623 3484 dictum
644 3426 786 3495 anultrm,
816 3427 861 3486 rel

76 3523 231 3601 planetam,
245 3535 298 3584 aut
318 3523 425 3602 aliquid
444 3524 521 3583 aliud
536 3544 673 3586 amovere
692 3542 862 3605 praesume·

74 3634 115 3683 ret
127 3620 420 3704 (1)..1144414441444,
433 3626 511 3701 quod
524 3623 579 3685 boc
592 3644 684 3698 mane,
695 3626 863 3688 defunctum

75 3891 132 3928 4444
149 3879 293 3937 4441414441,
309 3880 462 3930 accedendo
479 3882 547 3931 inter
568 3888 685 3933 armatos
703 3890 729 3932 et
746 3898 863 3947 pugnas,
917 3935 919 3940 ,

79 3959 108 4008 41
124 3959 183 4010 Divi
201 3959 278 4007 Pelrl·

110 4033 146 4094 (t)
162 4033 277 4082 4141414144
294 4033 445 4083 4144444441
461 4033 644 4086 Bononiensis.

110 4110 194 4170 (44114
207 4113 255 4160 bac
266 4111 456 4173 descriptione,
464 4126 563 4169 rerum,
574 4128 642 4177 quae
654 4114 680 4164 14
699 4119 783 4166 morte
799 4115 863 4166 Sixti

76 4183 866 4257 11444114441441,414444444441444411444414441141111444-

76 4266 174 4318 tissima
186 4271 311 4318 clrernm
328 4271 505 4330 expositarum
515 4274 592 4331 teste,
605 4273 680 4322 nobis
698 4274 865 4333 transmissa,

76 4344 185 4396 lalsitate
194 4346 318 4396 laborare
330 4348 539 4396 concludendum
551 4350 622 4412 quod
633 4351 728 4400 1441444
737 4354 864 4402 asseritur

77 4425 231 4476 anonunllis
241 4423 377 4475 historicis
385 4427 418 4475 de
429 4430 513 4475 morte
523 4428 640 4489 ejusdem
650 4428 828 4481 Pontillcis.Sit
838 4431 864 4480 14

76 4506 225 4567 exemplum
242 4504 314 4566 quod
331 4505 443 4553 relatum
461 4509 502 4553 est
519 4506 544 4553 14
562 4518 643 4568 opere
659 4531 674 4544 ·
689 4507 811 4557 04441441
826 4510 865 4559 dcl

76 4582 194 4647 14414444·
217 4582 325 4632 11444441
343 4595 379 4631 44.
409 4581 677 4636 catacumbarum
695 4586 712 4635 l.
732 4599 760 4647 4.
779 4589 834 4637 1104
850 4611 865 4627 -

78 4661 278 4724 ·14414411444
296 4661 433 4719 (cadaver
448 4663 515 4711 Sixtl
533 4664 673 4725 44441444,
689 4665 825 4723 delormis,
838 4671 864 4716 ct

75 4746 163 4800 guttur
178 4740 237 4801 ejus
254 4739 378 4788 inliatum.
396 4740 493 4789 Omnes
510 4752 569 4790 enm
588 4744 799 4801 maledicebant,
815 4757 864 4793 nec

76 4821 148 4868 alsus
165 4820 215 4867 init
232 4819 309 4867 nomo
326 4821 370 4881 441
387 4819 421 4868 14
438 4831 470 4867 eo
487 4819 555 4869 bono
572 4823 678 4879 dixerit,
690 4823 740 4872 nisi
757 4823 863 4885 quidam

75 4895 154 4947 irater
166 4897 191 4946 S·
203 4896 343 4955 francisci,
354 4901 397 4960 qui
415 4900 487 4948 solus
504 4901 547 4949 1114
565 4902 606 4950 114
616 4914 723 4963 corpus.
740 4916 790 4953 444
807 4907 863 4955 4144

76 4986 166 5039 magno
177 4975 290 5026 1444444.
302 4977 475 5027 observabat.
489 5001 499 5021 .
512 4981 583 5040 Quae
596 4982 692 5038 verba,
702 4982 751 5029 etsi
763 4983 863 5042 integre

75 5059 199 5116 suscepta
215 5056 674 5119 4401441444441444114144444441
689 5059 793 5110 Moriar.
811 5060 864 5110 lter.

76 5132 129 5182 ltol.
141 5133 235 5195 script.
246 5136 307 5183 lom.
319 5134 359 5185 111.
371 5147 396 5196 4.
408 5136 437 5184 11.
450 5148 476 5197 p.
492 5137 602 5195 1481144
611 5139 692 5199 magis
707 5139 758 5187 sint
770 5151 863 5201 aspera

77 5211 101 5259 in
118 5214 301 5274 manuscripto
313 5212 405 5262 codlca
419 5225 452 5262 ex
470 5227 525 5276 444
534 5215 659 5277 Georgius
670 5215 803 5265 Eceardus
815 5217 864 5266 de·

76 5293 205 5354 prompsit
222 5290 343 5354 ejnsdem
359 5292 510 5342 lolessurae
526 5293 662 5355 Diorinmt
673 5308 731 5344 narn
748 5293 782 5343 ibt
799 5295 864 5343 14444

78 5369 156 5418 verba
169 5372 270 5433 4441444
283 5373 359 5420 44414
373 5392 383 5413 ·
399 5371 456 5421 risu
468 5372 560 5422 similis
572 5373 690 5433 Diabolo,
701 5373 787 5422 aalma
804 5375 861 5434 ejus

571 271 623 332 lili
645 271 763 334 OBITU
787 271 889 334 stxtt
909 275 1034 338 PAPAE
1053 276 1207 346 uitauit.
1690 274 1709 333 o

925 412 1087 486 vestiendo,
1115 411 1278 475 erravimus
1284 433 1295 486 ;
1314 410 1433 472 debebat
1451 408 1526 470 enim
1547 409 1602 469 sub
1622 408 1712 469 sacris

926 512 1051 572 restibus
1067 513 1197 574 habitum
1212 512 1320 573 ordinis
1335 511 1434 571 Sancti
1452 509 1611 584 Francisci,
1625 527 1712 588 quem

925 611 1069 690 protessus
1087 624 1160 683 erat,
1175 625 1301 690 gestare,
1315 623 1344 673 et
1360 630 1415 672 non
1435 610 1637 691 pontificalem,
1652 628 1711 689 4444

922 715 1008 771 441444
1023 711 1122 773 babitu
1139 711 1255 773 indutus
1267 715 1337 773 olim
1356 712 1434 793 Papa
1449 713 1608 773 Alexander
1621 713 1710 791 4414-

923 821 990 882 tus,
1010 813 1059 889 qui
1081 812 1202 874 eundem
1223 812 1352 875 ordinem
1382 814 1527 892 protessus
1548 813 1660 885 iuerat3
1682 823 1712 872 44

924 912 1000 972 44414
1020 924 1074 982 444,
1094 913 1207 989 qula-in
1229 932 1274 987 eo,
1296 912 1373 991 quod
1395 913 1553 986 14444444,
1575 911 1713 985 moritur,

922 1022 951 1072 44
969 1011 1070 1071 desinit
1087 1005 1148 1073 esse
1170 1013 1262 1092 major
1282 1012 1452 1086 bominum3
1474 1011 1547 1085 1144,
1567 1023 1599 1071 44
1614 1011 1713 1083 bomo,

923 1113 1016 1189 4444114
1036 1123 1099 1173 4444
1119 1123 1183 1173 4444
1204 1113 1415 1192 apostolatum,
1435 1113 1550 1193 sepeliri
1571 1110 1700 1172 debebat.

964 1210 1082 1271 interim
1100 1211 1230 1272 ordinata
1249 1223 1316 1271 sunt
1329 1230 1386 1291 pro
1403 1212 1529 1290 exequiis
1544 1212 1711 1273 necessaria.

923 1311 1057 1372 Castrum
1078 1311 1186 1373 doloris
1208 1314 1285 1374 circa
1309 1314 1433 1374 medium
1465 1313 1606 1373 basilicae
1624 1330 1713 1391 prae·

923 1413 1015 1473 dictae
1029 1432 1116 1495 supra
1131 1416 1288 1476 secundnm
1302 1414 1423 1495 lapidem
1435 1412 1591 1474 rotundum
1608 1411 1711 1470 ibidem

923 1517 1058 1592 positum,
1080 1515 1264 1593 longitudinis
1285 1518 1413 1594 quinque
1432 1531 1601 1585 cannarum,
1616 1514 1712 1572 etla-

924 1614 1052 1673 titndinis
1080 1626 1230 1691 quatuor,
1256 1615 1414 1677 altitudinis
1447 1630 1517 1675 41444
1546 1616 1711 1694 4414444444

924 1732 1015 1792 usque
1046 1714 1081 1774 nd
1110 1717 1230 1794 planam
1251 1733 1362 1775 suum:
1390 1725 1499 1776 tectum
1525 1713 1625 1773 babuit
1645 1712 1716 1772 satis

926 1816 1080 1895 rapidum,
1103 1825 1134 1875 nt
1156 1832 1317 1894 congruam
1342 1816 1504 1895 portionem
1525 1832 1560 1874 444
1577 1831 1612 1873 eo
1634 1813 1713 1873 reci·

924 1927 1014 1995 peret.
1046 1914 1152 1977 Lectus
1181 1927 1245 1975 erat
1275 1916 1432 1976 altitudinis
1464 1933 1512 1974 sex
1546 1916 1710 1994 palmorum

924 2016 1033 2094 absque
1053 2015 1215 2089 maturatio,
1231 2015 1415 2095 longitudinis
1433 2014 1609 2094 4414144144,
1621 2024 1650 2073 44
1668 2014 1715 2071 la-

925 2117 1053 2176 titudinis
1073 2132 1127 2177 xo.
1149 2115 1206 2176 Per
1227 2118 1389 2187 ecclesiam,
1410 2116 1551 2177 columnis
1570 2125 1599 2175 et
1620 2112 1712 2172 4444414

925 2216 1008 2275 ailina
1029 2217 1149 2276 suerunt
1169 2235 1251 2275 arma
1270 2217 1396 2277 defuncti
1419 2218 1446 2275 14
1469 2215 1570 2275 charta
1586 2214 1713 2295 depieta;

925 2335 979 2396 per
1000 2315 1261 2376 deambulatorium
1284 2335 1371 2396 supra
1394 2318 1543 2376 columnas
1564 2333 1616 2394 per
1638 2332 1715 2392 qua-

927 2416 1013 2476 drum
1032 2428 1145 2495 aptatae
1162 2428 1228 2476 sunt
1241 2419 1374 2497 capsulae
1396 2435 1450 2496 pro
1472 2416 1623 2476 intortlciis
1643 2414 1716 2486 111,

926 2517 949 2576 41
971 2517 1042 2578 bene
1061 2515 1192 2588 memini·;
1224 2519 1300 2577 circa
1321 2529 1448 2576 castrum
1471 2515 1579 2576 doloris
1601 2513 1667 2574 binc
1690 2528 1719 2576 et

927 2618 991 2678 inde
1005 2636 1060 2697 pro
1074 2618 1227 2677 intorticiis
1242 2618 1458 2697 quinquaginta.
1480 2616 1540 2675 l’ro
1556 2616 1640 2674 missa
1659 2631 1717 2693 pu·

927 2717 1013 2789 blica,
1025 2715 1145 2795 singulis
1160 2717 1258 2776 diebus
1274 2718 1348 2778 inira
1363 2736 1523 2778 novennem
1536 2715 1718 2784 celebranda,

928 2831 1061 2899 paratum
1077 2818 1136 2877 suit
1153 2820 1246 2878 altare
1264 2819 1368 2879 1144144
1389 2819 1498 2879 1144144
1512 2815 1653 2895 Virginis,
1672 2815 1721 2876 ubi

927 2931 1142 2982 sacramentum
1161 2922 1235 2980 solet
1254 2920 1390 2990 conferri,
1413 2921 1450 2979 ita
1473 2917 1550 2996 quod
1569 2916 1718 2976 celebrans

928 3022 1040 3083 sederet
1061 3021 1200 3100 incapite
1221 3033 1301 3080 extra
1325 3038 1417 3079 cornu
1439 3018 1595 3098 epistolae,
1616 3015 1719 3075 14414444

930 3317 963 3366 ab
980 3317 1104 3366 omnibus
1120 3318 1163 3378 441
1181 3328 1240 3363 eum
1258 3314 1383 3364 viderunt
1400 3314 1551 3371 maledicta,
1569 3317 1595 3362 el
1612 3312 1721 3362 Diabolo

929 3395 1110 3446 commendata
1123 3394 1170 3443 1414
1182 3395 1267 3455 palam
1280 3397 1307 3442 44
1319 3397 1421 3455 4444444
1436 3414 1446 3436 ι
1460 3392 1533 3453 Coro.
1551 3392 1641 3441 1414144.
1658 3391 1724 3441 med.

930 3472 1331 3536 4441.1144144111114444114.
1344 3473 1405 3522 tuta
1418 3476 1439 3529 l;
1452 3475 1538 3520 tamen
1559 3469 1720 3534 4441441144
1743 3484 1744 3487 ’

932 3551 1261 3603 41111441414141444444
1278 3552 1399 3610 11144444.
1413 3550 1467 3600 144.
1479 3550 1534 3601 llol.
1549 3547 1642 3611 script.
1663 3552 1726 3598 tom,

930 3633 1015 3683 xxiii.
1027 3645 1053 3693 p.
1066 3633 1124 3686 10114
1135 3635 1162 3680 44
1179 3631 1330 3680 1144414414
1342 3633 1443 3688 444444,
1454 3630 1506 3692 441,
1524 3630 1585 3677 nibil
1604 3630 1723 3690 praeter·

932 3713 1038 3760 mittens
1047 3713 1074 3760 cl
1086 3709 1206 3758 reterens
1217 3709 1322 3771 quidem
1335 3721 1368 3756 an
1379 3709 1509 3758 submissa
1523 3708 1563 3755 vel
1575 3707 1643 3755 alata
1656 3716 1722 3753 voce

932 3801 1026 3851 preces
1037 3789 1222 3846 recitarentur,
1232 3801 1282 3836 oon
1293 3788 1376 3835 solum
1385 3787 1448 3836 14444
1459 3798 1509 3834 444
1518 3784 1665 3839 confirmat,
1674 3784 1723 3830 sed

934 3868 1022 3917 verbis
1039 3868 1123 3916 utitur
1140 3866 1292 3920 1411144444
1308 3866 1405 3928 qulbus
1423 3869 1514 3927 aperte
1532 3868 1656 3913 enarrata
1671 3875 1721 3911 ex·

932 3948 1080 3996 eludantur.
1104 3944 1217 4007 Populus
1240 3938 1444 3994 114444444441444
1469 3955 1591 4003 semper,
1615 3945 1719 3990 mortno

932 4025 1049 4089 quolibet
1067 4023 1207 4080 Ponttdoe,
1224 4035 1308 4084 usquo
1325 4022 1358 4071 41
1375 4020 1509 4071 saeculum
1528 4019 1659 4068 decimum
1678 4030 1722 4067 se·

933 4106 1053 4166 ptimum,
1064 4106 1089 4152 14
1107 4102 1234 4152 tumultus
1251 4101 1383 4162 4444444114
1396 4102 1424 4147 44
1442 4095 1724 4158 141444441444444-

932 4186 990 4235 cula
1013 4184 1159 4240 evenerat,
1175 4181 1270 4229 ilerum
1289 4177 1386 4227 accidit
1402 4178 1427 4224 tn
1445 4175 1517 4225 obitu
1533 4175 1598 4223 Sinti
1616 4174 1661 4230 tv,
1679 4178 1723 4236 441

933 4277 1014 4322 4444,
1031 4260 1152 4310 omnibus
1174 4254 1352 4318 scriptoribus
1372 4253 1551 4304 testimoninm
1572 4253 1724 4315 praebenti·

934 4346 993 4403 bus,
1015 4343 1049 4392 ob
1067 4341 1172 4390 nimiam
1189 4335 1356 4385 ditectionem
1373 4335 1399 4382 14
1417 4335 1553 4394 parentes,
1571 4335 1598 4380 el
1616 4341 1722 4392 444444-

934 4426 979 4473 tim
997 4424 1032 4472 ob
1051 4431 1141 4469 eorum
1160 4417 1226 4465 mala
1243 4418 1327 4476 gesta,
1340 4415 1368 4461 ln
1384 4412 1472 4461 odium
1489 4411 1578 4473 populi
1595 4411 1723 4461 inciderat

934 4505 980 4561 ita,
996 4506 1024 4550 ut
1040 4499 1186 4560 Stephanus
1199 4493 1340 4550 141444444,
1353 4497 1415 4541 tuac
1429 4490 1525 4539 1144444
1536 4489 1644 4551 degens.
1656 4489 1724 4536 4441-

931 4583 1018 4646 pserit
1033 4579 1115 4628 Deum
1127 4572 1276 4625 ostendisse
1292 4570 1337 4621 rita
1353 4569 1396 4619 dre
1413 4569 1631 4629 omnipotentiam
1648 4578 1722 4615 suam

933 4660 1139 4722 superterram,
1156 4650 1295 4701 liberando
1310 4652 1435 4711 populum
1453 4659 1528 4697 suum
1545 4645 1722 4694 Christianum

933 4740 966 4788 cle
979 4749 1055 4786 mann
1068 4735 1137 4784 talis.
1149 4767 1154 4777 .
1165 4734 1189 4780 .!
1207 4731 1243 4780 Do
1261 4731 1309 4780 boc
1326 4728 1448 4778 Pontidoe
1466 4724 1613 4774 sententiae
1627 4723 1723 4773 multae

933 4823 960 4868 el
971 4821 1027 4867 toto
1038 4814 1112 4864 coeio
1128 4812 1263 4860 diversae.
1277 4809 1338 4867 Sed,
1355 4820 1414 4856 meo
1428 4799 1724 4867 14114141444444144-

934 4897 1045 4946 minicns
1062 4892 1143 4943 114441
1161 4890 1307 4939 rectissime
1328 4883 1534 4948 promanabat,
1552 4880 1612 4929 dnm
1631 4877 1720 4940 ajebat

933 4989 981 5025 uec
1004 4967 1200 5023 detractoribus
1218 4978 1265 5016 444
1283 4962 1465 5015 laudatoribus
1489 4960 1631 5021 plurimum
1649 4956 1721 5006 delc-

933 5054 1043 5104 rendnm
1061 5062 1141 5106 44444
1160 5060 1229 5105 nam,
1249 5056 1308 5094 cnm
1330 5047 1385 5092 tota
1410 5041 1516 5089 omnino
1533 5038 1625 5094 ltalia,
1642 5040 1724 5098 414444

932 5133 1010 5182 ltoma
1028 5129 1146 5192 principa
1164 5127 1232 5183 loco,
1249 5124 1274 5172 14
1293 5124 1383 5184 444444
1399 5118 1485 5167 divisa
1502 5119 1592 5174 esset,
1608 5127 1721 5177 44444444

931 5213 974 5260 441
996 5209 1102 5258 lavabat
1117 5206 1223 5262 sixtus,
1241 5201 1316 5250 attari
1339 5196 1551 5253 adversabatur,
1573 5195 1720 5258 scriptores

931 5292 1037 5353 441444,
1054 5299 1103 5350 444
1121 5284 1208 5335 studio
1224 5278 1345 5329 lectionis
1359 5286 1431 5336 suae,
1442 5273 1476 5323 dc
1493 5271 1617 5323 Pontidoe
1635 5273 1723 5334 toque·

933 5368 1038 5418 bantur.
