3764 6036
36 260 147 347 (laea)

34 402 157 462 rictibus
179 409 209 463 et
232 401 314 471 lectis
333 368 576 484 paramentorum
601 424 717 468 omnem
734 426 830 469 orna·

37 503 99 563 tum
108 523 120 577 ς
143 521 254 583 panum
274 504 419 566 derassia
439 506 632 567 familiaribus
651 507 714 568 suis
734 509 832 575 omni·

664 677 831 691 -.-..-

40 770 96 822 quo
112 758 270 820 praecordia
294 759 459 820 foverentur,
475 760 562 823 agnita
578 761 624 826 ille
645 760 734 811 statim
750 772 832 820 voce,

41 827 71 886 ac
84 851 127 887 me
147 827 231 887 hilare
244 838 348 888 intuens
361 842 399 894 (ul
410 851 516 901 semper
528 840 643 908 solitus),
654 837 726 896 besa,
741 839 834 901 inquit,

38 917 101 968 heus
118 916 222 979 Angeia,
239 917 317 966 simut
329 915 437 983 brachia
454 917 506 974 jem
522 920 653 978 exhauste
665 917 769 968 viribus
786 930 833 967 ae·

43 1010 89 1061 gre
103 997 241 1056 attollens,
259 1009 350 1045 manus
363 995 455 1049 ambas
473 999 621 1048 arctissime
633 997 782 1061 prehendit.
792 999 832 1056 lte

43 1090 108 1126 vero
134 1077 265 1139 singultus
290 1077 497 1141 lachrymisque
523 1090 582 1143 cum
610 1078 832 1141 occupavissent,

39 1171 106 1221 quas
123 1159 212 1208 celare
230 1160 318 1207 tamen
345 1154 446 1219 rejecta
462 1158 569 1206 cervice
586 1156 723 1214 conabar,
750 1154 831 1217 nihilo

40 1240 84 1286 ilie
101 1236 270 1295 commotior,
280 1235 359 1285 etiam
371 1239 451 1297 atque
471 1237 549 1301 etiam
562 1249 656 1287 manus
670 1233 829 1286 retentabat.

40 1314 88 1366 lini
107 1320 195 1371 eutem
213 1315 347 1376 persensit
358 1314 421 1365 lietu
433 1315 518 1365 adhuc
534 1315 687 1377 praepediri
703 1306 764 1372 me,
778 1326 833 1375 quo

40 1395 131 1446 minus
148 1395 174 1447 ei
190 1406 299 1456 operam
323 1393 434 1458 darem,
459 1396 543 1445 sensit
567 1394 669 1445 scilicet
688 1407 751 1454 ees,
767 1406 834 1456 qua·

39 1477 115 1539 sique
132 1473 332 1529 dissimulanter
349 1476 448 1525 omisit.
472 1475 526 1537 Ego
543 1464 585 1524 me
602 1478 690 1525 autem
708 1476 831 1536 contiguo

40 1556 65 1604 in
82 1555 221 1621 penetrale
234 1554 339 1602 thalami
357 1555 471 1611 conjicio
483 1554 605 1615 flentem,
623 1559 702 1616 atque
714 1553 832 1602 habenas

40 1637 78 1696 (ut
96 1637 133 1682 lta
150 1632 250 1690 dicam)
265 1631 351 1681 dolori
368 1637 395 1682 et
412 1633 557 1697 lachrymis
574 1623 643 1684 laxo.
667 1635 726 1687 hiox
744 1637 833 1685 tamen

42 1719 168 1764 revertor
193 1713 304 1772 eodem,
328 1713 435 1764 siccatis
459 1718 589 1785 quantum
615 1714 712 1764 licebat
735 1714 831 1766 oculis.

41 1793 86 1842 illc
106 1793 151 1843 ubi
177 1803 219 1842 me
236 1793 322 1851 vidit,
338 1793 408 1857 vidit
428 1798 516 1842 autem
534 1795 643 1853 statim,
658 1797 737 1844 vocat
753 1793 787 1843 ad
803 1805 834 1849 se

42 1887 170 1931 rursum,
194 1873 350 1937 quaeritque
371 1872 535 1936 perblanda.
558 1873 621 1936 quid
636 1873 712 1923 vicus
728 1873 833 1924 iliran·

38 1954 100 2021 duta
118 1966 182 2005 suus
199 1957 299 2014 ageret.
317 1940 493 2016 despondeo,
510 1966 618 2003 manere
638 1966 697 2002 eum
711 1954 736 2001 in
753 1951 832 2009 urbe,

36 2035 108 2098 quod
126 2040 266 2092 vereatur,
290 2042 331 2092 ne,
350 2034 435 2092 illc,si
454 2025 559 2091 veniat,
576 2034 713 2082 molestior
731 2034 774 2081 sit.
799 2034 832 2083 lle

39 2128 100 2177 ego,
119 2115 223 2178 inquit,
242 2115 371 2172 vicissim,
387 2117 412 2163 ni
430 2127 526 2164 verear
542 2128 586 2164 ne
601 2115 739 2164 molestum
758 2114 791 2162 sit
806 2114 832 2163 ei

38 2196 87 2245 boc
105 2196 173 2252 iter,
191 2194 283 2244 videre
303 2197 382 2256 atque
397 2194 498 2256 aitoqul
524 2199 677 2246 extremum
690 2197 835 2254 exoptem,

37 2275 196 2336 priusquam
213 2272 318 2334 planes
336 2271 412 2323 vobis
430 2273 539 2334 emigro.
558 2273 642 2325 vnto
654 2274 770 2335 inquam.
787 2285 834 2320 ao·

36 2356 176 2406 careatur?
192 2353 245 2416 Ego
258 2366 338 2412 vero,
356 2354 393 2402 ait
406 2354 463 2410 ille,
479 2357 683 2416 quamprimum.
699 2353 751 2403 isla
770 2365 834 2402 sane

38 2435 126 2490 lanio,
143 2436 254 2483 venerat
277 2433 349 2492 jam,
368 2433 524 2491 assederat,
540 2439 620 2497 ¹atque
646 2446 694 2495 ego
711 2444 835 2495 quoque,

33 2515 114 2575 iuxta
132 2511 243 2576 genibus
256 2512 445 2569 incubueram,
462 2526 518 2575 quo
528 2515 678 2575 toquentem
690 2517 833 2575 patronum

35 2593 156 2649 taciiius,
186 2595 278 2653 utpote
305 2590 409 2641 deiecto
436 2593 492 2653 iam
525 2593 637 2650 vocula»,
664 2591 831 2642 exaudirem.

39 2673 111 2722 Bone
129 2671 216 2730 Deus,
238 2683 291 2734 qua
307 2672 352 2720 ille
370 2672 438 2720 bunc
466 2673 597 2721 hominem
615 2672 758 2729 comitate,
782 2685 834 2733 qua

39 2754 223 2809 humanitate,
239 2749 336 2813 quibus
362 2754 442 2802 etiam
459 2754 536 2814 quasi
554 2751 689 2801 blanditiis
713 2749 835 2812 excepit?

37 2835 151 2895 Rogavit
168 2833 273 2895 primo,
301 2831 449 2893 ignosceret
474 2832 545 2894 quod
569 2831 594 2881 ai
620 2831 739 2881 lahorem
765 2829 834 2879 buno

39 2912 221 2973 iniunxisset,
247 2910 330 2959 amori
349 2912 398 2960 boc
422 2914 509 2961 tamen
537 2914 568 2970 et
587 2909 790 2960 benevolentiae
809 2911 835 2959 in

40 2992 116 3046 iilum
134 3001 198 3041 suae
217 2989 396 3047 adscriberet,
414 2989 539 3040 libentius
560 3003 620 3039 sese
645 2989 759 3039 animam
777 2987 836 3037 adi-

41 3075 148 3126 turum.
167 3071 188 3120 si
205 3071 279 3132 prius
291 3070 444 3119 amicissimi
463 3070 581 3120 hominis
592 3072 706 3132 aspectu
721 3068 837 3117 morien·

38 3154 80 3199 les
102 3148 195 3198 oculos
213 3149 346 3197 satiasset.
362 3146 428 3197 Tum
445 3160 583 3198 sermones
599 3147 691 3210 iniecit
708 3146 835 3208 urbanos,

44 3232 73 3278 ut
91 3225 216 3283 solebat,
232 3229 259 3276 et
276 3225 426 3276 familiares.
444 3226 501 3277 Non
518 3227 753 3291 nibilssetiamiunc
768 3238 836 3289 quo·

44 3320 99 3371 que
119 3309 219 3363 iocatus
244 3303 403 3362 nobiscum,
419 3306 484 3368 quin
501 3307 752 3368 utrosqueintuens
768 3317 835 3364 noae

42 3385 152 3442 Vellem,
169 3386 222 3442 ait,
238 3382 376 3436 distulisset
391 3397 431 3434 me
453 3384 542 3434 sobam
556 3396 628 3434 mors
644 3384 705 3434 boec
720 3385 755 3434 od
778 3395 836 3434 eum

38 3465 125 3522 dem,
141 3465 313 3524 neocastrooe
328 3462 406 3524 plone
416 3461 592 3513 bibliothecam
606 3463 777 3514 omnisciens
796 3464 836 3515 Ne

43 3542 271 3592 multis.²hbieret
293 3542 338 3591 vix
362 3542 424 3592 dum
452 3543 543 3599 Piens,
569 3557 629 3592 cnm
657 3544 836 3594 serrariensis

44 3621 243 3685 Hieronymus,
265 3621 374 3681 insignis
398 3625 425 3670 et
457 3621 578 3671 doctrina
612 3625 639 3671 et
663 3623 836 3688 sanctimonia

40 3704 102 3760 vir,
118 3700 294 3761 caelestisque
305 3700 444 3750 doctrinae
461 3700 627 3761 praedicator
644 3701 773 3763 egregius,
789 3713 837 3751 cu·

40 3782 162 3846 biculum
188 3779 354 3842 ingreditur,
380 3780 501 3830 bortatur
517 3784 546 3830 ut
572 3780 651 3829 iidem
668 3783 774 3839 incesta
791 3782 835 3830 ille

43 3873 111 3911 vern
128 3863 220 3909 tenere
244 3872 273 3911 se
291 3859 328 3910 ait
345 3860 544 3910 inconcussam
560 3863 590 3909 ut
607 3870 685 3923 quarn
710 3860 837 3909 emenda·

40 3940 147 3988 tissime
169 3938 279 4000 posthac
306 3939 400 3987 vivere
423 3938 554 3997 destinet;
581 3941 683 3990 scilicet
706 3940 835 3991 iacturum

43 4018 145 4068 obnixe
170 4016 325 4078 respondite
349 4017 378 4067 ut
395 4013 507 4067 moriem
534 4018 663 4081 deniqne,
687 4021 709 4069 si
725 4031 836 4070 necesse

46 4100 100 4155 sit.
125 4109 210 4160 aequo
228 4096 317 4147 animo
344 4096 466 4155 tollerare
484 4099 550 4147 nihii
569 4112 649 4155 vero,
666 4099 750 4161 inquit
773 4099 835 4153 ille,

40 4176 204 4238 jucundius,
222 4174 350 4237 siquidem
368 4177 403 4225 ita
416 4175 469 4225 Deo
485 4175 622 4226 decretum
634 4176 678 4226 sit.
690 4176 837 4233 liecedebat

46 4256 126 4303 homo
141 4246 291 4315 lam‚cu1u'
315 4252 488 4312 Laurentius,
503 4254 591 4313 Heus,
608 4256 710 4318 inquit,
729 4256 837 4319 benedi·

47 4335 166 4383 ctionem
179 4336 265 4394 pater,
276 4334 430 4394 priusquam
442 4345 456 4381 a
469 4333 548 4383 nobis
558 4333 744 4396 proficiscaris.
756 4335 836 4385 Simul

45 4413 165 4463 demisso
183 4415 269 4474 capite
286 4414 432 4476 vultuque,
447 4417 473 4463 el
491 4415 522 4481 in
534 4427 637 4464 omnem
654 4415 714 4476 piae
731 4415 838 4476 religio·

44 4493 89 4543 nis
105 4492 246 4553 imaginem
269 4491 415 4550 tormatus,
431 4493 544 4544 subinde
562 4494 596 4544 ad
623 4494 706 4543 verba
723 4494 793 4543 iliius
810 4499 836 4544 et

46 4584 165 4633 preces„
180 4576 229 4621 rite
246 4584 276 4620 ac
294 4575 447 4621 memoriter
464 4561 678 4635 responsiiabat‚
700 4586 734 4623 ne
750 4574 837 4623 tantil-

46 4651 100 4701 lum
117 4651 224 4711 quidem
242 4650 409 4701 similiarium
427 4652 497 4702 tuctu
512 4656 631 4716 ,aperto
644 4652 717 4714 jam,
733 4664 837 4715 neque,

47 4741 79 4779 se
97 4730 212 4782 ulterius
237 4728 438 4789 dissimulante,
462 4735 620 4782 commotus.
645 4732 746 4783 Diceris
768 4732 838 4791 indi·

46 4812 118 4859 ctam
145 4809 261 4865 ceteris,
277 4819 329 4856 uno
347 4812 460 4869 excepto
479 4808 640 4869 Laurentio,
657 4815 781 4869 mortem.
795 4813 836 4860 Sic

47 4889 151 4942 scilicet
169 4899 238 4945 unus
262 4898 296 4935 ex
313 4886 435 4935 omnibus
452 4888 509 4948 ipse
533 4889 629 4940 nullam
646 4889 762 4948 doloris,
779 4888 838 4937 nub

49 4968 100 5016 lam
119 4965 345 5029 perturbationis,
370 4965 467 5014 nullam
486 4967 607 5015 tristitiae
624 4966 838 5028 significationem

47 5047 375 5106 dabat,-consuetumque
396 5045 475 5095 animi
491 5039 627 5108 vigorem,
643 5046 839 5105 constantiam,

48 5126 284 5189 aequabilitatem,
302 5123 526 5186 magnitudinem,
544 5125 576 5173 ad
589 5128 738 5174 extremum
753 5138 839 5187 usque

49 5208 172 5270 spiritum
186 5202 360 5266 producebat.
374 5200 512 5252 instabant
527 5203 622 5252 medici
644 5203 727 5253 adhuc
743 5209 840 5264 ‚marem

48 5288 74 5333 et
91 5298 123 5335 ne
140 5283 206 5350 nihil
224 5294 301 5342 agere
315 5280 484 5338 viderentur,
503 5281 691 5331 officiosissime
708 5282 838 5332 hominem

49 5366 203 5425 vexabant,
221 5362 285 5413 nibil
310 5362 353 5412 ille
370 5365 459 5412 tamen
486 5363 639 5425 aspernari,
658 5363 720 5412 nibil
745 5363 840 5414 adver·

501 245 787 347 enarraremus
808 257 1033 336 ruaocanru
1053 272 1210 342 erravi.
1630 278 1690 348 tre

899 411 953 472 bns
974 411 1148 486 deriserit,
1168 411 1276 481 birrete
1295 410 1419 491 integra.
1440 414 1505 499 lpse
1522 411 1688 479 Cardinelie

901 511 1018 573 indutus
1045 522 1089 574 cet
1118 522 1198 575 reste
1226 512 1348 573 rioleeia
1380 512 1533 589 obscures
1554 515 1691 596 depositis

900 763 973 829 sari,
990 763 1060 827 quod
1077 764 1113 813 illi
1131 763 1209 830 modo
1226 763 1404 825 obtulissent,
1425 778 1477 815 non
1494 765 1601 829 quidem
1619 779 1689 829 quo·

899 843 969 892 niam
988 855 1035 905 spe
1054 844 1122 892 vitae
1140 843 1300 893 blandientis
1318 845 1550 909 illeceretur„sed
1562 858 1689 908 nequem

901 920 969 972 torte
987 922 1120 979 moriens,
1138 924 1179 971 vel
1198 923 1330 972 levissime
1347 921 1688 986 perstringeret.'hdcoque

899 1001 975 1052 tortis
987 1001 1020 1051 ad
1038 1006 1186 1052 extremum
1199 1002 1324 1064 perstitit.
1338 1002 1408 1052 utde
1420 1015 1468 1052 sua
1480 1015 1586 1066 quoque
1603 1002 1688 1065 ipsius

900 1085 985 1132 morte
1008 1081 1123 1131 nonnihil
1147 1082 1334 1140 cavillaretur,
1357 1082 1512 1143 sicutlcum
1537 1084 1684 1146 porrigenti

899 1161 1003 1210 cuidam
1023 1160 1138 1216 cibum,
1162 1164 1317 1223 rogantique
1334 1174 1395 1211 mox
1421 1175 1499 1224 quam
1525 1165 1690 1224 placuisset,

898 1239 1052 1303 respondite
1067 1251 1146 1300 quom
1162 1240 1223 1290 solet
1239 1240 1364 1291 morienti.
1390 1243 1449 1294 Post
1465 1242 1491 1292 id
1519 1241 1616 1292 blande
1634 1244 1692 1292 sin·

898 1321 974 1383 gulos
985 1319 1168 1381 amplexatus,
1185 1321 1319 1383 petitaque
1331 1322 1486 1382 suppliciter
1503 1325 1595 1383 venia,
1612 1324 1634 1373 si
1645 1322 1689 1373 cui

899 1398 1005 1459 gravior
1021 1398 1105 1455 torte,
1118 1398 1139 1447 si
1153 1398 1291 1465 molestior
1302 1399 1388 1448 morbi
1402 1402 1464 1451 vilio
1477 1402 1588 1463 luisset,
1606 1404 1688 1452 tntum

900 1489 929 1527 sc
954 1480 1017 1540 post
1040 1477 1083 1526 illa
1108 1476 1276 1541 Perunctioni
1300 1478 1439 1531 Summae.
1466 1481 1691 1546 demigrantisque

900 1552 1003 1606 animae
1013 1557 1237 1617 ,commendationi
1250 1557 1359 1607 dedidit.
1370 1560 1482 1619 llecitari
1501 1559 1561 1610 dein
1574 1549 1690 1621 ev'ange·

900 1635 949 1686 lica
967 1634 1078 1690 historia
1096 1640 1189 1698 coepta
1207 1640 1248 1687 est
1261 1673 1269 1695 ,
1284 1651 1336 1700 qna
1347 1639 1449 1689 scilicet
1461 1641 1567 1701 irrogati
1584 1640 1691 1690 Christo

899 1717 1032 1765 cruciatus
1050 1715 1234 1776 explicantur,
1250 1716 1327 1778 cujus
1345 1718 1389 1767 lile
1401 1730 1546 1780 agnoscere
1564 1731 1593 1770 se
1611 1719 1692 1770 rerba

901 1799 928 1845 et
944 1795 1090 1856 sententias
1107 1807 1190 1857 prope
1208 1808 1318 1852 omues„
1336 1797 1413 1847 modo
1429 1797 1505 1848 labra
1522 1801 1617 1849 tacitus
1636 1812 1690 1849 rnn-

900 1887 983 1932 vens,
1008 1874 1086 1924 modo
1111 1875 1267 1936 languentes
1291 1878 1383 1928 ocutos
1409 1881 1531 1941 erigens,
1556 1866 1691 1931 interdum¹

901 1954 980 2003 eliam
992 1953 1130 2015 digitorum
1147 1957 1223 2016 gestu
1235 1954 1410 2016 significahat.
1428 1958 1564 2009 Postremo
1580 1960 1691 2022 sigillum

900 2031 1025 2082 Crucihxl
1038 2036 1202 2095 argenteum,
1213 2037 1363 2096 margaritis
1381 2024 1545 2100 gemmisque
1556 2039 1693 2102 magnilica

901 2112 1072 2173 adornatum,
1084 2111 1179 2162 deflxle
1191 2125 1385 2177 usquequaque
1394 2117 1479 2166 ocutis
1488 2119 1602 2178 intuens,
1617 2118 1695 2168 iden·

902 2191 1028 2255 tidenquc
1045 2191 1204 2240 deosculans
1220 2193 1363 2253 expiravit.
1379 2193 1424 2244 Vir
1440 2194 1571 2245 adomnia
1588 2208 1691 2246 sumina

902 2275 996 2330 natus,
1012 2274 1039 2320 et
1056 2270 1100 2333 qul
1118 2270 1222 2320 flantem
1236 2271 1425 2335 cedentemque
1447 2275 1527 2324 tolles
1547 2274 1691 2331 torinnam,

903 2349 1070 2411 usqueadeo
1087 2351 1122 2398 sit
1144 2350 1246 2399 alterna
1259 2367 1261 2371 ·
1272 2351 1446 2402 vellicatione
1471 2354 1639 2410 moderatus,
1661 2360 1691 2404 ut

903 2429 1009 2479 nescius
1026 2433 1114 2480 utrum
1127 2430 1251 2480 secundis
1263 2431 1344 2483 rebus
1355 2435 1532 2491 constantior,
1550 2434 1694 2484 anadrer·

902 2510 940 2559 sis
957 2510 1068 2571 aequior
1080 2523 1111 2571 ac
1129 2512 1320 2572 temperantior
1331 2516 1493 2574 apparuerit.
1509 2515 1614 2575 ingenio
1625 2524 1692 2565 sero

903 2588 975 2639 tanin
993 2601 1024 2637 ac
1041 2592 1094 2638 tam
1112 2588 1200 2644 taciti,
1217 2593 1245 2639 et
1260 2592 1425 2653 perspicaci,
1441 2594 1577 2656 atquibus
1595 2595 1621 2643 in
1638 2596 1695 2645 sin-

903 2668 970 2728 gulis
989 2668 1122 2717 excellcre
1150 2668 1193 2716 alii
1216 2681 1338 2730 magnum
1363 2675 1473 2732 putant,
1489 2673 1534 2722 ilie
1558 2674 1692 2723 universis

903 2748 1004 2808 pariter
1021 2748 1159 2797 emineret.
1179 2747 1244 2800 Nam
1262 2749 1438 2811 probitatem,
1451 2752 1599 2813 iustitiam,
1614 2751 1693 2802 tidem

895 2818 981 2874 'nemo
997 2825 1116 2874 arbitror
1131 2826 1227 2886 nescit,
1244 2828 1279 2876 ita
1297 2827 1349 2878 sibi
1367 2828 1499 2880 Laurentii
1523 2831 1632 2881 Medicis
1644 2843 1696 2892 pe·

903 2907 963 2952 ctus
979 2907 1060 2966 atque
1077 2905 1211 2962 animum,
1227 2907 1303 2968 quasi
1320 2908 1497 2969 gratissimum
1516 2908 1622 2970 aliquod
1646 2909 1695 2958 do·

905 2982 1049 3041 micilium,
1065 2985 1245 3046 templumque
1262 2984 1402 3053 delegisse.
1427 2985 1482 3036 iam
1501 2985 1627 3045 comitas,
1643 2988 1693 3037 hu·

904 3063 1033 3119 manitas,
1059 3056 1198 3111 affabilitas
1222 3065 1319 3125 quanta
1344 3063 1441 3123 luerit,
1465 3065 1560 3114 eximia
1580 3064 1693 3128 quadam

906 3147 932 3198 ln
950 3158 1009 3196 eum
1027 3145 1111 3195 totius
1125 3146 1230 3207 popuii,
1248 3148 1331 3208 alque
1343 3148 1459 3198 omnium
1476 3148 1553 3209 plane
1570 3147 1693 3199 ordinum

905 3224 1107 3279 benevolentia,
1123 3222 1281 3274 declaratur.
1294 3224 1346 3274 Sed
1357 3227 1426 3274 enim
1440 3226 1509 3276 inter
1520 3225 1586 3276 haec
1598 3228 1695 3287 omnia,

904 3303 1051 3354 liberalitas
1068 3306 1177 3361 tamen,
1193 3307 1221 3353 et
1245 3303 1435 3365 nagnihcentia
1453 3306 1696 3368 explendescebat,

904 3384 1060 3445 quasillum
1085 3394 1154 3444 pene
1178 3380 1321 3433 immortali
1338 3382 1450 3445 quadam
1474 3385 1556 3446 gloria
1575 3386 1607 3434 ad
1626 3385 1694 3436 Deos

904 3476 988 3524 usquc
1000 3464 1172 3525 provexerat.
1190 3459 1253 3511 Cum
1265 3463 1371 3512 interim
1389 3463 1451 3515 nibil
1469 3463 1512 3512 ille
1524 3464 1610 3514 iamne
1627 3464 1697 3515 dun·

904 3545 979 3592 taxat
995 3553 1094 3600 cause,
1111 3544 1138 3590 et
1155 3542 1284 3599 nominis,
1300 3543 1385 3592 omnia
1398 3554 1463 3594 vcro
1481 3544 1587 3594 virtutis
1604 3557 1696 3595 amore

905 3621 1126 3684 persequabatur.
1151 3621 1282 3681 Quantum
1313 3625 1399 3672 autern
1425 3623 1544 3673 literatos
1575 3625 1694 3675 homines

904 3700 993 3750 studio
1010 3699 1241 3762 computabatur,
1265 3705 1391 3763 quantum
1418 3702 1545 3763 honoris,
1563 3704 1692 3766 'quantum

905 3782 984 3829 etiam
1003 3781 1171 3829 reverentiae
1188 3777 1311 3850 oninibus
1328 3780 1488 3840 exhibebat,
1504 3786 1630 3843 quantam
1646 3781 1697 3831 de·

904 3860 984 3923 nique
1008 3870 1105 3922 operae
1130 3858 1327 3921 industriaeque
1344 3873 1408 3910 suae
1432 3861 1620 3922 conquirendis
1638 3864 1694 3911 toto

905 3941 970 3991 orbe
988 3944 1134 3996 terrarum,
1151 3938 1357 3999 coemendisque
1375 3940 1476 4001 linguae
1492 3939 1631 4002 utriusque
1648 3952 1695 3989 vo·

905 4017 1048 4068 luminibus
1063 4020 1169 4079 poenite
1186 4020 1352 4079 quantosque
1370 4019 1394 4066 in
1411 4030 1442 4066 ea
1460 4030 1488 4068 re
1505 4019 1697 4079 quamlmme·

904 4112 953 4149 nes
969 4102 1090 4161 sumptus
1107 4097 1186 4154 iecit,
1202 4100 1231 4146 ul
1243 4109 1295 4146 non
1307 4101 1380 4146 aetas
1398 4095 1475 4147 modo
1487 4096 1569 4151 haec,
1588 4099 1632 4144 aut
1644 4097 1695 4145 hoc

906 4178 1060 4234 saeculum,
1084 4175 1132 4225 sed
1149 4176 1292 4238 posteritas
1310 4176 1388 4224 etiam
1414 4174 1488 4236 ipsa,
1509 4173 1651 4223 maximam
1668 4175 1695 4224 in

905 4244 983 4317 buius
1016 4254 1129 4303 hominis
1157 4254 1264 4302 interitu
1286 4251 1419 4314 jacturam
1437 4252 1546 4307 iecerit.
1571 4251 1694 4301 Ceterum

905 4334 1076 4383 consolantur
1092 4344 1141 4381 nos
1158 4333 1273 4381 maximo
1299 4330 1326 4380 in
1343 4329 1414 4380 luctu
1432 4329 1508 4380 liberi
1526 4331 1602 4393 eius,
1619 4334 1694 4379 tanto

905 4418 982 4476 patre
999 4411 1163 4474 dignissimi,
1180 4422 1290 4472 quorum
1307 4412 1352 4473 qul
1365 4412 1496 4462 maximus
1512 4415 1575 4461 natu
1592 4411 1696 4470 Petrus,

904 4492 1012 4542 vixdum
1038 4492 1151 4552 primum
1180 4494 1206 4538 et
1234 4490 1390 4551 vigesimum
1419 4493 1554 4552 ingressus
1579 4502 1695 4544 annum,

905 4576 977 4622 tanta
995 4573 1045 4629 jam
1063 4574 1090 4621 et
1111 4571 1242 4632 gravitate
1259 4574 1286 4620 et
1307 4570 1447 4632 prudentia
1457 4605 1466 4632 ,
1490 4577 1516 4620 et
1533 4570 1694 4620 autboritate

905 4653 1000 4701 molem
1017 4650 1098 4700 totius
1114 4649 1188 4710 lteip.
1213 4650 1411 4709 sustental,'ut
1428 4650 1454 4699 in
1479 4662 1511 4699 eo
1535 4649 1622 4698 stetim
1649 4660 1695 4696 re·

905 4732 1006 4781 vixisse
1029 4728 1131 4790 genitor
1147 4727 1304 4778 Laurentius
1329 4729 1505 4778 existimetur.
1521 4726 1596 4780 Alter
1612 4737 1695 4774 anno·

905 4794 963 4860 rum
981 4807 1160 4867 duodeviginti
1171 4805 1296 4862 ioannes,
1312 4812 1341 4857 et
1356 4806 1503 4857 Cardinalis
1515 4805 1694 4869 amplissimus

905 4889 1130 4952 (quodcunquam
1143 4886 1264 4948 cuiquam
1277 4886 1302 4936 id
1315 4889 1409 4936 aetatis
1421 4887 1572 4945 contigerit)
1584 4889 1610 4936 et
1622 4886 1692 4934 idem

906 4967 1037 5018 Pontisscis
1053 4967 1168 5025 Maximi,
1189 4980 1240 5016 non
1258 4967 1284 5016 in
1301 4966 1435 5017 Ecclesiae
1452 4964 1611 5016 Patrimonio
1628 4963 1695 5012 dun-

907 5052 997 5104 taxat,
1021 5047 1111 5097 sedin
1128 5048 1229 5109 patriae
1245 5057 1351 5108 quoque
1372 5058 1437 5095 suae
1454 5042 1697 5103 distintiouehega-

907 5130 967 5184 tus,
990 5128 1068 5178 talem
1087 5131 1240 5187 tantumque
1263 5137 1292 5175 se
1318 5124 1369 5180 iam
1393 5129 1446 5174 tam
1469 5123 1559 5172 arduis
1583 5121 1697 5183 amolita

907 5209 989 5268 gerit,
1001 5211 1032 5255 et
1049 5209 1182 5268 praestat,
1198 5208 1227 5254 ut
1243 5203 1359 5253 omnium
1377 5203 1402 5252 in
1415 5215 1445 5253 se
1462 5202 1613 5252 mortalium
1630 5212 1697 5249 ocu·

910 5286 949 5334 los
966 5286 1145 5342 converterit,
1170 5286 1250 5345 alque
1274 5281 1455 5332 incredibilem
1479 5281 1627 5344 quandam,
1651 5277 1694 5327 cni

910 5377 1088 5428 responsurus
1104 5362 1257 5427 planissime
1274 5366 1331 5424 est,
1348 5363 1561 5424 expectationem
1578 5358 1696 5411 concita·
