3764 6036
39 248 148 331 (taut)
512 244 795 309 conculcatus
817 244 1040 308 lllNOCEllTll
1059 246 1210 309 oertvt.
1632 252 1692 313 tot
1747 200 1750 205 ·

41 394 158 446 serrata
177 395 246 444 sunt
266 401 349 445 aiore
370 394 523 458 consueto3
540 396 569 445 et
587 394 678 464 prout
691 385 721 444 in
741 386 837 464 prima
905 382 1014 461 absque
1034 384 1126 458 stola,
1143 384 1341 464 praecedente,
1362 388 1504 466 praecessi
1518 406 1583 468 eqo,
1598 401 1628 450 et
1644 409 1690 452 ma

40 485 86 546 die
108 485 201 556 mani,
223 484 333 545 lanulia
355 482 517 557 cardinalis
542 484 681 558 detonat,
700 498 761 546 tarn
782 486 836 546 iata
903 483 996 543 secuti
1019 493 1087 544 sunt
1107 485 1258 565 episeopus
1284 484 1520 561 bamberiensis,
1548 488 1612 551 inde
1639 491 1689 552 alii

40 603 129 665 quam
152 586 246 665 prima
269 586 392 659 diebos,
426 585 520 657 benc,
539 588 613 648 male
632 631 640 660 ‚
661 586 836 667 praeceden-
877 580 1047 645 'orarem
1067 603 1120 647 suo
1139 585 1240 647 ordine
1261 597 1289 647 et
1306 600 1370 667 post
1390 607 1438 650 eoa
1455 588 1640 664 Arelatensis,
1662 602 1692 656 et

38 687 116 747 tibus
134 688 333 761 cursoribus,
349 688 431 749 venit
450 687 485 749 de
506 687 835 762 donodelunetiretro
901 685 951 745 alii
987 685 1114 748 Praelati
1147 706 1245 749 omnes
1274 687 1398 749 Palatini
1429 686 1490 767 jam
1525 690 1631 751 ibidem
1659 691 1689 751 in

37 785 180 867 Campum
200 788 306 850 Florae
328 788 358 848 in
379 788 550 850 funebribus
572 787 723 861 vestibus,
742 807 833 867 usque
861 788 864 794 ’
902 803 1017 847 camera
1030 786 1147 867 liegum
1167 798 1197 848 et
1217 789 1388 870 Principum
1409 790 1513 850 ibidem
1536 803 1690 871 propterca

35 888 72 949 ed
97 889 208 961 nietam,
225 890 375 950 malasiam
397 889 520 952 Sanctae
543 889 693 951 Praxedis.
716 889 833 950 Primus
902 889 995 947 soceri
1026 899 1056 948 et
1087 890 1256 964 existentes,
1287 908 1415 970 quorum
1448 891 1534 970 primi
1570 891 1691 953 luerunt

36 987 92 1050 luit
112 990 209 1053 nam·
229 991 367 1069 magister
389 989 493 1051 domus
510 1034 519 1062 ,
538 992 648 1051 medius
663 990 738 1052 inter
760 990 832 1052 dnos
899 987 1051 1068 episeopus
1076 988 1313 1065 Constantiens‘is,
1342 1003 1372 1053 et
1397 991 1524 1053 lacobus
1556 992 1691 1054 Marcbio

34 1101 154 1170 nepotes
183 1074 331 1161 defuncti,
353 1110 426 1173 qnos
458 1104 518 1153 tres
539 1093 697 1154 servitores
726 1110 830 1154 eorum
900 1087 1034 1149 badensis
1051 1086 1191 1151 Oratores
1209 1091 1395 1172 lmperatoris
1413 1109 1448 1152 ae
1470 1093 1559 1172 Regis
1573 1093 1686 1154 Roma·

33 1194 121 1255 mara
136 1193 242 1254 toneat
257 1192 688 1272 sequentes,drnbriaseorurn
705 1196 830 1256 vestium
899 1206 1013 1251 aarum.
1035 1189 1175 1253 Oratores
1196 1191 1284 1271 Regis
1315 1196 1456 1256 Franciae
1477 1195 1615 1274 praedicti
1636 1215 1688 1257 re·

34 1294 121 1353 dmul
144 1295 304 1368 collectas,
325 1295 501 1374 portabant:
523 1296 576 1355 alii
598 1296 756 1357 familiares
777 1316 831 1357 eo·
901 1293 975 1371 copti
1006 1293 1126 1353 luerunt
1155 1293 1196 1353 ad
1217 1297 1351 1357 osculum
1380 1295 1459 1375 pedis
1480 1295 1595 1374 Papae,
1613 1296 1688 1375 Epi·

35 1414 103 1456 rum
121 1395 215 1459 secuti
231 1408 306 1456 sunt
326 1397 384 1456 bini
405 1407 435 1458 et
457 1397 537 1470 bini.;
558 1398 627 1470 sed,
647 1395 735 1458 initis
757 1397 828 1459 llis.
897 1410 1001 1471 scopus
1026 1396 1131 1467 aolus,
1152 1396 1248 1458 abbas
1268 1407 1298 1458 et
1318 1398 1406 1458 Prior
1430 1408 1571 1458 sanarunt
1600 1397 1687 1458 ambo

32 1497 95 1569 sis,
117 1515 173 1558 non
192 1510 261 1558 sunt
280 1517 315 1559 eo
333 1498 437 1561 ordine
455 1500 491 1560 ad
513 1500 619 1560 dictam
639 1499 757 1560 domum
776 1519 828 1561 re·
896 1494 1005 1568 cisami,
1023 1494 1128 1572 <imbui
1149 1540 1156 1557 ·
1179 1543 1186 1557 ·
1209 1543 1217 1558 ·
1238 1499 1337 1571 ssmb⁰⁸
1355 1497 1451 1579 Pflpte
1470 1497 1573 1577 pedes,
1588 1497 1685 1559 Abbas

35 1599 133 1667 versi,
154 1599 203 1658 sed
221 1599 346 1660 dimissis
371 1613 454 1661 extra
478 1602 629 1662 ecclesiam
657 1599 780 1673 fimbriis
794 1621 828 1663 ex
897 1595 948 1672 (lui
971 1605 1038 1657 etet
1058 1615 1074 1655 ὓ
1098 1597 1204 1658 dextris
1226 1599 1340 1660 Priarla
1360 1601 1565 1662 osculatusest
1585 1598 1686 1678 pedem

34 1698 187 1771 vestibus,
217 1701 339 1779 quisque
366 1700 425 1762 sine
455 1701 557 1762 armna
587 1720 724 1762 reversus
757 1713 827 1778 est;
895 1696 1046 1759 sinistrum
1068 1697 1184 1776 Papae,
1205 1699 1356 1777 quiaante
1378 1701 1574 1780 ipsummet,
1595 1716 1685 1776 quem

31 1800 97 1859 aliis
118 1820 192 1870 aero
212 1814 321 1882 septam
353 1802 455 1864 diebus
475 1804 552 1863 intra
573 1786 737 1876 novenam,
758 1802 826 1863 dicti
894 1807 1048 1876 postcom
1070 1789 1414 1874 Priorestosculati1s‚
1444 1811 1474 1862 et
1498 1818 1555 1877 non
1584 1799 1686 1862 dexte·

31 1899 137 1961 innati
151 1914 326 1982 acceperant
345 1904 437 1964 v'estes
458 1921 526 1964 suas
553 1903 584 1963 in
614 1901 722 1982 palatio
739 1899 825 1978 juxta
895 1913 986 1971 rum,
1007 1900 1058 1978 qui
1088 1911 1153 1962 ante
1182 1920 1251 1963 eum
1281 1913 1346 1964 erat
1366 1913 1395 1965 et
1415 1921 1502 1982 quern
1515 1902 1685 1984 cooperui,

31 2002 185 2063 ecelesiam
223 2002 348 2065 Sanctae
387 2004 524 2064 Prarcdis
550 2014 599 2076 et,
627 2003 707 2065 lirrim
740 2003 825 2064 llissa
894 2000 994 2061 deinde
1025 2002 1175 2063 sindonum
1209 2003 1310 2084 pedem
1338 2013 1368 2066 et
1402 2007 1500 2066 solum
1534 2003 1686 2065 dexterum

893 2102 971 2162 aaut
994 2101 1238 2182 discoopertum,
1267 2123 1354 2184 quem
1385 2106 1558 2166 successive.
1577 2105 1686 2184 singuli

893 2203 942 2264 alii
962 2201 1103 2265 Oratores
1125 2204 1161 2266 od
1177 2205 1275 2266 &aaut
1296 2206 1438 2286 praedicti
1459 2217 1527 2268 arant
1546 2204 1685 2280 osculati3

892 2321 965 2382 quos
986 2307 1135 2386 singulos,
1157 2306 1317 2385 incipienda
1345 2306 1383 2366 ab
1409 2306 1580 2387 Episcopo,
1605 2301 1688 2387 Papa

892 2417 956 2485 post
973 2406 1051 2485 penis
1065 2407 1282 2479 osculationem,
1294 2407 1406 2488 accepit
1421 2427 1472 2487 per
1489 2418 1589 2487 ceput,
1600 2408 1683 2486 quasi

893 2508 1028 2567 osculum
1048 2507 1106 2568 iliis
1125 2507 1256 2568 daturus.
1278 2508 1348 2569 Post
1368 2506 1510 2570 Oratores
1533 2510 1608 2588 ipsos
1630 2527 1685 2568 se·

34 2102 175 2179 publica,
196 2104 283 2164 etiarn
305 2105 371 2164 illas
392 2104 498 2164 lbidern
520 2105 700 2165 dimiserunt.

72 2203 127 2264 Die
148 2205 301 2276 mercurii,
324 2205 435 2265 decima
452 2216 533 2267 aesta
549 2206 619 2267 dicti
641 2206 744 2266 mosis
770 2215 826 2264 no·

32 2304 238 2382 sembra-tua
259 2318 404 2366 secretum
423 2306 642 2378 consistorium,
657 2306 687 2365 in
708 2325 768 2384 quo
787 2305 825 2366 lt.

30 2401 119 2463 Pater
131 2404 271 2465 ‚dominus
292 2406 419 2467 Didacus
439 2407 592 2488 episeopus
611 2406 825 2468 salamantinus

31 2508 116 2566 oessit
138 2505 284 2569 Ecclesiae
315 2508 505 2579 Baldirratea,
526 2507 604 2589 (qui
624 2521 719 2570 tamen
745 2510 824 2572 illius

30 2610 236 2685 possessionem
268 2628 429 2688 numquam
455 2613 569 2690 assequi
605 2614 725 2690 potuit,
756 2611 824 2672 licet
892 2620 997 2668 nerunt
1014 2610 1049 2668 ad
1069 2611 1203 2670 osculum
1222 2610 1301 2689 pedis
1319 2610 1415 2690 Papae
1428 2609 1565 2690 magister
1581 2610 1684 2671 danaus

889 2810 956 2882 alii3
978 2812 1093 2872 interim
1115 2814 1236 2891 praelati
1258 2811 1361 2873 Palatii
1383 2833 1414 2875 se
1427 2815 1602 2875 locaverunt
1617 2825 1680 2892 post

889 2910 1024 2972 diaconos
1041 2911 1225 2984 Car-dimica,
1249 2914 1380 2976 videlicet
1401 2932 1419 2973 a
1439 2914 1562 2976 sinistris
1576 2912 1684 2992 Papae,

889 3019 943 3073 etc.
966 3012 1036 3072 Post
1057 3011 1300 3075 deosculationem
1321 3014 1443 3094 pedum,
1458 3014 1579 3087 ultimus
1599 3012 1683 3075 Ora·

889 3121 955 3185 ior,
984 3113 1159 3173 secretarius
1186 3112 1296 3193 Regis,
1323 3113 1401 3175 dedit
1427 3114 1538 3175 litteras
1567 3114 1681 3192 regales

888 3213 983 3292 primo
1000 3210 1146 3289 Oratori,
1160 3213 1296 3275 videlicet
1313 3215 1446 3295 episeopo
1467 3214 1679 3285 laomba'riensi,

888 3313 1108 3394 praesentandas
1129 3312 1225 3393 Papae
1231 3336 1242 3388 3
1265 3333 1338 3394 quas
1359 3317 1408 3377 illc
1430 3318 1584 3398 recipiens,
1606 3316 1678 3378 deo-

30 2817 113 2868 stam
125 2808 233 2888 Papam
247 2824 384 2889 quartum
398 2812 438 2875 iili
450 2813 728 2893 praeseripsimus,
742 2814 822 2893 Rege

29 2919 55 2968 et
76 2908 189 2988 liegirra
210 2911 364 2991 Hispaniae
384 2931 415 2974 se
435 2914 462 2976 ei
483 2915 719 2998 opponentibus)
743 2933 818 2993 quae

28 3011 80 3084 sie,
91 3012 221 3074 Pastoris
240 3016 345 3079 solatio
360 3016 506 3089 destituta,
520 3017 556 3078 tt.
573 3018 696 3078 Oomirao
715 3017 822 3079 Cardi-

29 3115 85 3173 sali
107 3113 296 3194 Neapolitano
317 3117 372 3178 init
393 3119 601 3181 commendata.
623 3119 744 3179 Interim
767 3136 821 3180 ve·

28 3227 136 3276 nerunt
168 3215 205 3275 ed
239 3217 385 3279 Palatium
424 3215 569 3279 Oratores
603 3217 700 3279 decem
733 3218 821 3298 Regis

27 3316 170 3377 Prarrciua
201 3319 337 3398 superius
357 3319 516 3391 nominati,
538 3321 669 3379 associati
695 3319 732 3378 ab
759 3320 819 3379 Ar·

26 3416 209 3497 cbiepiscopo
244 3419 419 3495 Arelatensi,
451 3421 554 3481 Electa
592 3419 754 3491 Thebano,
791 3429 820 3479 et

25 3519 225 3597 andegavensi
248 3521 413 3602 episcopis,
437 3521 642 3585 concordiensi
676 3531 705 3581 et
737 3521 820 3598 Aga·

27 3617 281 3699 iberrsi'praelutis
305 3622 446 3684 Palatinis
473 3622 609 3684 beneficia
642 3632 671 3682 et
703 3622 818 3691 iurares

25 3718 54 3778 in
78 3720 202 3780 Francia
225 3722 407 3796 habentibus,
429 3736 458 3786 et
478 3725 543 3785 aliis
567 3724 701 3803 praelatis
722 3733 751 3784 et
772 3723 819 3781 ia·

24 3821 113 3882 miliia
150 3820 213 3881 litt.
251 3823 440 3884 Dominarum
477 3825 676 3886 cardinalium
718 3823 817 3886 Sancti

886 3417 1015 3475 oculatus
1038 3416 1129 3494 priris,
1153 3415 1286 3477 Pontifici
1307 3417 1436 3492 tradidit,
1458 3422 1508 3497 qui
1528 3418 1593 3478 illas
1613 3418 1679 3496 epi-

885 3534 972 3596 seopo
1002 3516 1143 3578 Perusino
1176 3518 1337 3579 secretario
1371 3537 1426 3580 suo
1458 3519 1546 3581 dedit·
1565 3519 1680 3599 publice

885 3617 988 3678 ibidem
1018 3617 1173 3696 legendam
1207 3628 1270 3678 tum
1307 3620 1378 3680 dieti
1407 3621 1506 3682 decem
1534 3619 1678 3683 Oratores

887 3729 1074 3780 recesserunt.
1098 3701 1178 3779 extra
1208 3718 1331 3796 scabella
1362 3721 1560 3782 cardinalium
1581 3729 1612 3780 et
1638 3719 1678 3779 ibl

885 3820 965 3897 quasi
989 3823 1064 3881 inter
1082 3821 1220 3880 ultimum
1239 3839 1257 3880 a
1277 3818 1386 3895 dextris
1406 3832 1434 3882 et
1455 3822 1584 3901 primum
1608 3839 1681 3900 pra·

24 3918 109 3982 P'ctri
122 3921 160 3980 ad
172 3922 295 3992 vineata
309 3936 338 3985 et
352 3925 583 3997 beneventanis
599 3925 710 3986 Palatio
725 3942 817 4002 usqua
885 3920 1017 4000 sbyteros
1034 3919 1200 3981 Cardimrles
1220 3938 1237 3980 a
1259 3922 1383 3983 sbristris
1405 3922 1501 4000 Papae
1519 3920 1678 3981 aseenden-

23 4021 60 4081 ad
83 4039 208 4100 parram
227 4025 392 4104 Coppellam
412 4028 514 4088 ultoris
533 4024 652 4103 majoris
674 4025 817 4101 associati,
849 4057 853 4081 i
886 4030 926 4086 tas
941 4021 1171 4100 genrrfleaerunt,
1185 4021 1348 4102 Episcopus
1366 4021 1578 4083 bamberiensis
1591 4018 1676 4095 juxta

22 4123 53 4182 ia
74 4142 134 4200 qua
155 4137 343 4203 expecierunt
363 4145 515 4206 quousque
538 4138 721 4187 vocarentur.
745 4123 817 4186 Pri·
848 4084 853 4329 Ι
885 4122 1020 4181 ultimum
1037 4122 1219 4184 Cardinalem
1240 4142 1257 4182 a
1277 4125 1387 4186 dextris
1408 4124 1676 4203 Papae,posteurn

29 2718 96 2767 aare
126 2723 198 2769 xsx.
220 2725 309 2769 annos
330 2710 496 2790 parietinis
517 2712 742 2778 reminiscentiae
771 2713 823 2774 st·
890 2708 998 2770 domiui
1016 2712 1158 2789 'episcopi
1192 2709 1426 2786 bamberiensis,
1446 2723 1476 2775 et
1494 2712 1604 2783 Prior,
1623 2728 1680 2772 uon

24 4242 91 4285 mars
111 4243 238 4298 eorum,
261 4227 393 4288 videlicet
412 4230 565 4308 episeopus
586 4226 816 4301 Lamban-lensia,
883 4221 983 4295 Prior,
1006 4235 1067 4284 tum
1094 4223 1189 4284 Abbas
1211 4223 1312 4285 Sancti
1332 4223 1473 4295 Antonii,
1496 4223 1595 4285 deinde
1625 4223 1677 4283 alii

23 4326 104 4387 serait
125 4328 161 4387 ad
184 4328 328 4390 Palatium
347 4330 459 4391 medius
480 4333 555 4391 inter
577 4331 815 4395 Arelatensemet
848 4334 852 4419 Ι
883 4341 936 4384 suo
968 4324 1092 4396 ordine,
1122 4336 1153 4384 et
1182 4337 1246 4405 post
1276 4345 1325 4387 eos
1355 4326 1472 4404 qnidam
1505 4344 1540 4386 ex
1571 4341 1676 4384 eortrm

21 4426 227 4501 Thebanum,
244 4439 308 4508 post
329 4449 401 4508 quos
423 4431 562 4510 equitavit
583 4433 679 4492 abbas
714 4431 813 4491 Sancti
848 4422 851 4474 Ι
882 4424 1012 4499 santilia3
1035 4425 1141 4503 quibus
1161 4428 1203 4486 sic
1223 4426 1391 4505 genuflexis,
1415 4426 1579 4506 praedictus
1609 4427 1677 4504 epi·

22 4527 145 4608 Georgii
165 4542 195 4591 et
215 4529 301 4591 Prior
333 4531 489 4612 episcopua
511 4533 731 4595 Concor-diensis
758 4541 813 4594 etc.
883 4545 988 4606 scopus
1016 4526 1173 4588 Perusinus
1195 4529 1266 4619 legit
1286 4529 1395 4590 litteras
1424 4529 1519 4607 regias
1541 4525 1674 4587 Pontifici

21 4641 86 4708 post
118 4631 184 4691 illos
203 4628 253 4692 atti
276 4629 417 4694 Oratores
444 4650 479 4694 ex
501 4628 653 4714 praedietis
681 4636 758 4708 birri,
786 4647 815 4695 er
882 4639 1074 4707 parentelas
1088 4672 1097 4700 s
1112 4631 1207 4708 primo
1224 4632 1500 4710 suprascriptum
1518 4646 1591 4705 quse
1609 4636 1678 4686 aeae

20 4729 100 4802 blni3
115 4744 184 4793 eum
203 4733 305 4811 primis
321 4733 435 4794 duobtts
450 4754 484 4795 ex
498 4738 546 4796 eis
566 4728 719 4815 episcopus
733 4740 815 4815 Aga-
885 4729 945 4790 SS.
969 4729 1105 4790 Domino
1128 4729 1255 4793 Sammo
1277 4732 1429 4811 Pontifici
1443 4752 1456 4803 ,·
1478 4729 1579 4790 deinde
1600 4729 1672 4787 sub·

22 4830 153 4902 tbensis,
175 4841 241 4911 post
265 4831 405 4898 Oratores
427 4836 476 4896 alii
507 4835 633 4896 Praelati
656 4854 723 4897 cum
751 4837 813 4900 aliis
881 4831 1078 4911 scriptionem,
1098 4847 1172 4908 quae
1189 4841 1251 4891 erat
1273 4840 1334 4895 ltere
1355 4832 1516 4895 Penariae
1529 4829 1675 4901 Oborles,

21 4950 75 4992 suo
97 4932 200 4993 ordine
221 4936 331 5005 vocatis
343 4956 354 5008 ς
384 4935 485 4997 deinde
504 4953 555 5014 per
577 4955 623 4998 me
643 4936 681 4997 ad
707 4936 816 4998 Consi·
883 4942 944 4991 tum
966 4930 1031 4992 data
1054 4949 1130 5010 quae
1148 4944 1213 4994 erat
1240 4933 1375 4995 Turonis
1397 4932 1444 4993 dia
1465 4943 1520 4993 ete.
1538 4928 1675 4991 deiadaa

22 5036 147 5095 storiam
176 5036 299 5096 fueruat
328 5037 461 5097 amonim!
492 5038 726 5116 moratae.qn0
761 5056 813 5100 se.
881 5035 975 5112 capite
993 5034 1159 5094 litterarum
1185 5033 1348 5112 incipienda
1368 5043 1423 5094 etc.
1447 5051 1523 5110 quaa
1549 5029 1675 5092 creden·

22 5146 151 5209 neruntc
181 5135 231 5197 sed
245 5142 319 5197 edm
337 5148 430 5200 essent
460 5139 488 5199 in
514 5148 599 5218 porta
621 5137 790 5200 Conslaorii
799 5164 813 5211 1,
881 5135 962 5196 tiaies
982 5144 1087 5207 erant,
1106 5133 1280 5196 continentes
1303 5133 1382 5212 quod
1403 5132 1464 5196 lies
1487 5130 1618 5193 mittebat
1637 5130 1674 5190 ad

24 5238 101 5316 quod
135 5237 312 5300 celebratum
346 5234 404 5301 lma
436 5241 465 5301 ln
498 5257 613 5302 cantara
641 5239 812 5319 Papagalll,
881 5226 1174 5297 superincumbam
1195 5254 1230 5296 ex
1252 5233 1460 5316 urgentissimis
1475 5233 1568 5293 causis
1585 5249 1674 5312 praa-

24 5337 165 5403 ramnes
185 5337 214 5397 ln
236 5340 388 5403 rorabatto
408 5351 437 5404 et
458 5343 581 5423 capucio
601 5358 694 5422 parvo
719 5339 813 5403 rubeo
881 5335 972 5399 dictos
1001 5337 1101 5401 decem
1132 5336 1296 5413 Oratores,
1321 5349 1351 5400 et
1379 5335 1519 5414 quosdam
1550 5332 1623 5397 alios
1645 5335 1673 5393 in

1388 5448 1420 5498 to
