3764 6036
39 278 155 365 (ram)

40 430 136 496 prout
148 417 259 478 lactum
273 427 326 476 est.
345 417 378 476 ln
392 415 487 495 prima
505 412 579 474 sedit
590 411 648 472 SS.
667 412 702 472 D.
722 411 754 470 N.
772 431 840 472 cum

41 517 128 577 dictis
153 517 267 578 duobus
286 515 499 584 cardinalibus,
520 514 548 571 in
570 511 694 573 munda
717 513 839 589 praelati

39 616 205 695 praedicti,
232 628 262 676 et
293 617 365 688 alii,
397 634 431 674 ac
460 612 566 674 domini
593 611 738 673 Mattheus
766 610 839 671 Cibo

39 716 238 776 subdiaconus
258 717 442 796 apostolicus,
461 713 496 771 D.
520 714 649 772 Hilarius
664 710 794 781 Gemilis,
809 721 838 770 ct

39 817 162 894 qnidam
177 816 246 888 alii;
269 818 297 875 io
319 816 415 888 tertia,
434 815 516 891 qnasi
534 815 562 873 in
583 814 715 892 opposito
737 808 835 886 lartius,

40 936 92 977 seu
106 919 135 976 in
149 928 347 975 transversum
360 915 458 993 ipsius,
471 914 605 973 sederunt
616 911 728 992 primus
739 911 836 970 Fran·

38 1019 137 1074 ciscus
166 1012 242 1073 lilios
266 1012 361 1092 Papae
382 1016 468 1073 etiem
489 1011 642 1071 bastardus
668 1008 714 1092 (l)
749 1021 836 1090 prout

38 1113 106 1172 Dua
119 1111 302 1189 Theodorias
315 1123 407 1173 mater
418 1129 537 1190 sponsae
548 1109 724 1189 praedictam
736 1108 834 1169 deinde

38 1232 145 1293 sponso
158 1213 216 1295 (2),
238 1224 299 1273 tom
320 1231 451 1292 sponsus,
464 1227 527 1291 post
543 1230 609 1273 eum
622 1211 686 1271 Dna
698 1207 835 1270 Theodo-

80 1398 120 1456 (1)
144 1396 303 1445 Dubitarunt
327 1394 450 1457 qnidam,
475 1396 505 1443 et
528 1390 599 1442 inter
620 1404 667 1441 cos
694 1389 776 1438 Cano.
798 1399 833 1437 na

38 1475 160 1534 Festina,
173 1475 237 1524 ilict.
252 1475 319 1524 licei.
336 1477 398 1523 tom.
415 1471 495 1521 xxiv.
511 1483 538 1532 p.
558 1472 625 1527 tlt..
642 1471 675 1519 de
692 1467 834 1530 illegitimi·

36 1557 94 1602 tate
118 1553 229 1602 iliorum
253 1553 395 1602 lnnocentii
422 1551 536 1610 Octavi,
552 1550 670 1599 dicentes
695 1560 729 1598 ex
754 1546 832 1604 iustis

38 1632 143 1692 nuptiis
159 1633 218 1680 illos
235 1632 355 1694 potuisse
372 1631 445 1688 oriri,
459 1628 623 1690 juvenilibus
636 1629 711 1676 annis
723 1625 832 1674 iohanni

37 1710 118 1771 Bapt.
132 1709 209 1760 Cibo.
221 1709 275 1758 Sed
292 1721 325 1758 ex
342 1709 383 1758 iiis
400 1707 544 1758 Barettardi
561 1707 665 1765 verbis,
678 1705 832 1755 dubitationi

37 1792 114 1835 locans
125 1800 177 1835 non
188 1791 283 1836 restat.
293 1787 390 1835 Forsan
400 1785 567 1835 Barchardus
580 1787 768 1842 mulierem,e1
781 1795 831 1844 qua

37 1865 85 1913 lilii
104 1865 247 1915 innocentii
265 1866 449 1924 nascebantur,
466 1865 598 1914 indicabat
613 1878 638 1925 p.
649 1867 700 1923 or..
716 1863 771 1921 nbi,
794 1863 831 1909 la·

38 1949 125 2004 gitur:
142 1964 155 1984 ι
179 1943 383 1993 franciscanus
399 1942 460 1992 Cito
482 1955 560 2004 napos
584 1943 671 2002 Papae
693 1953 726 1990 cs
751 1939 832 2002 {rotro

34 2020 192 2084 seniorali)
214 2022 300 2082 Papae
316 2025 401 2071 sotus.
420 2043 430 2064 ·
450 2023 475 2071 ln
498 2022 588 2071 codice
612 2019 831 2083 llagliabecliiano

32 2103 167 2162 scriptum
184 2104 226 2149 est
242 2112 275 2149 cn
291 2098 372 2161 {ratri
387 2101 484 2150 sororis
500 2101 584 2162 Papae
601 2099 707 2151 uoluat!
723 2098 776 2161 Ego
794 2099 833 2146 in-

35 2179 229 2240 terrogationis
255 2180 330 2242 signo
348 2180 413 2230 satis
436 2178 600 2228 declarabant
624 2178 830 2227 emendationem

36 2257 112 2306 trullo
140 2257 309 2308 fondamento
337 2259 410 2306 inniti
438 2261 465 2306 ct
492 2257 599 2306 exaliis
622 2256 739 2305 auctoris
767 2255 831 2303 locis

35 2335 208 2392 contr·adici;
226 2335 294 2391 scd,
311 2338 333 2383 si
351 2334 434 2383 rerba
451 2347 502 2383 non
519 2337 580 2383 sunt
598 2334 631 2382 ab
650 2335 731 2382 inscio
758 2344 832 2380 ama·

36 2426 141 2463 nnensa
156 2414 268 2475 adiecta,
283 2413 360 2463 lacilc
378 2414 446 2462 inter
462 2412 664 2462 Francoscliiuus
680 2411 758 2460 Cibo.
776 2445 782 2457 .
800 2444 829 2459 ..

35 2495 60 2539 et
75 2492 165 2552 Papae
180 2495 257 2540 notus
274 2521 279 2532 ·
299 2527 304 2539 .
322 2525 328 2536 .
346 2491 434 2552 alique
447 2491 479 2539 de
493 2492 584 2539 matris
602 2489 699 2538 lamiiia
711 2489 753 2536 vol
766 2499 831 2536 con-

36 2572 143 2619 ditione
167 2569 390 2632 significabantur.
415 2569 546 2618 Gsonnrns
566 2568 642 2616 tium
670 2580 737 2616 anno
761 2567 830 2616 1808.

35 2648 137 2710 publici
151 2650 221 2709 loris
237 2648 353 2698 iaciebat
370 2647 464 2697 librum
481 2647 523 2697 cni
542 2648 647 2696 titulus:
662 2647 695 2696 Le
712 2645 831 2695 memorie

37 2726 106 2775 delia
122 2725 239 2788 {amiplio
256 2726 331 2785 coto.
351 2749 361 2769 ·
379 2726 417 2774 lbi
432 2738 495 2789 pop.
511 2729 548 2776 18.
562 2730 586 2776 el
604 2728 645 2777 76.
662 2731 705 2778 77.
728 2729 833 2789 legitur:

39 2827 50 2847 ·
65 2804 141 2855 Ebbe
158 2811 253 2868 questo
271 2804 451 2856 Ponteticenel
466 2806 530 2855 tiore
547 2807 617 2856 della
634 2819 680 2856 sua
699 2804 832 2869 glocensi,

35 2898 53 2932 e
82 2886 276 2945 precisamente
303 2885 344 2933 nel
373 2889 462 2947 tempo
488 2885 556 2944 della
578 2897 626 2934 sna
649 2884 752 2934 dimora
780 2883 830 2932 olla

36 2961 120 3012 Corte
138 2962 164 3011 di
182 2964 293 3025 Napoli,
310 2963 342 3012 da
359 2963 443 3013 libera
460 2966 556 3013 unione
573 2977 622 3013 con
640 2978 691 3014 nna
708 2963 829 3013 donzella

40 3043 111 3092 varii
127 3043 191 3104 sagii,
206 3042 258 3092 dne
276 3043 322 3092 soli
340 3042 383 3090 dei
400 3043 469 3104 quali
487 3054 507 3090 si
525 3047 668 3092 trovarono
685 3044 738 3090 vivi
750 3040 829 3103 (qood

43 3123 177 3170 incertum
205 3120 290 3169 adhuc
315 3125 374 3179 cst,
392 3121 429 3169 nti
458 3119 607 3170 videbimus
624 3133 672 3169 suo
692 3122 769 3178 loco)
786 3122 827 3169 nal

34 3204 128 3260 tempo
143 3198 185 3247 del
197 3211 245 3247 suo
256 3197 417 3256 Pontificem,
428 3198 483 3247 cine
494 3198 639 3248 Francesco
650 3199 830 3258 eTeodorina‚

36 3282 167 3328 consorte
182 3277 211 3325 di
226 3276 364 3326 (iherardo
388 3276 542 3327 lisodimare
558 3278 666 3327 euladin
688 3290 827 3339 genorese.

37 3385 68 3394 -
84 3358 253 3408 Protendonn
265 3358 350 3406 alcuni
366 3359 484 3407 scrittori
500 3359 548 3407 clio
563 3358 747 3408 Gismbattista
764 3357 828 3406 Cibo

35 3449 136 3487 avesse
165 3437 369 3487 eliettivamente
397 3440 525 3498 sposato‚
541 3437 575 3486 ed
592 3439 650 3486 altri
668 3437 716 3485 cire
734 3448 828 3485 anessa

34 3525 182 3574 promesso
199 3512 224 3561 di
242 3524 361 3574 sposara.
378 3511 514 3561 Fraltanto
528 3513 553 3559 ci
570 3514 643 3573 piace
660 3511 704 3573 qai
726 3511 828 3561 rilerirc

39 3595 143 3651 quanto
170 3592 193 3638 si
220 3591 292 3653 tegge
315 3590 383 3640 nelis
404 3589 738 3652 nemorumnemorum
761 3590 828 3649 cubo

38 3673 220 3729 (conservate
238 3672 457 3719 autenticamente
472 3670 535 3719 nell'
547 3671 664 3719 archivio
681 3674 786 3719 secreto
801 3669 827 3718 di

37 3751 147 3808 llassa)
170 3749 276 3798 intorno
298 3749 322 3796 al
349 3750 449 3812 tragico
476 3748 526 3798 line
544 3749 569 3797 di
586 3754 679 3811 questa
700 3748 828 3798 donzella.

39 3829 107 3878 ιια
134 3827 297 3888 peutildouuo
321 3841 368 3889 per
393 3831 480 3888 questo
506 3827 630 3891 offareylu
655 3829 831 3878 miseranunte

33 3905 101 3967 lutto
111 3907 209 3956 morire
224 3906 268 3955 dni
283 3906 350 3966 suoi,
360 3906 486 3969 assucti
501 3906 676 3957 diambuttislo
686 3906 833 3968 offermnsm

34 3988 63 4035 cd
78 3987 220 4035 adducente
236 3986 263 4031 in
282 3984 476 4039 testimonianze
491 3986 540 4035 duc
555 3987 637 4035 donne
651 3987 684 4034 do
701 3986 774 4043 leues
786 3985 828 4034 Lei

33 4078 103 4115 esser
127 4077 176 4113 sua
201 4064 323 4126 lepittimu
337 4064 449 4125 moplic:
466 4078 509 4113 ma
525 4066 589 4125 essi,
606 4064 683 4125 capii
699 4065 828 4125 d'ouore,

33 4158 85 4194 aaa
101 4146 291 4205 sopporturouo
306 4143 333 4192 di
353 4145 498 4193 ammittere
516 4143 610 4192 deuna
634 4144 827 4194 escusazioueo

32 4235 116 4273 cuasa
133 4223 264 4284 lepittimo.
279 4222 368 4284 Quasto
384 4222 511 4272 occidente
527 4235 666 4273 commosse
687 4223 712 4272 lo
735 4220 796 4272 cittd
810 4236 827 4271 o

32 4305 237 4364 compassione,
253 4315 265 4351 c
281 4314 307 4352 sc
322 4315 353 4351 nc
380 4302 472 4364 sdepuo
489 4309 579 4352 contro
606 4300 791 4352 Giombattisto.
812 4323 824 4344 ο

32 4383 86 4433 Sed
104 4383 149 4430 vel
166 4381 283 4431 narratio
298 4383 365 4430 llaec
382 4381 511 4440 fabulosa,
529 4381 570 4430 rel
586 4381 715 4431 lohannes
737 4379 826 4441 Bapti-

33 4466 76 4510 sta
99 4474 135 4510 ex
160 4458 241 4508 variis
267 4459 424 4508 mulieribus
441 4458 507 4507 lilios
524 4459 694 4520 procrearit;
711 4470 769 4507 cnm
792 4459 825 4507 sit

33 4540 90 4589 lere
117 4537 279 4600 impossibile
302 4536 382 4587 nobili
410 4536 525 4594 mulieri,
542 4538 675 4586 rariorum
698 4549 824 4586 annorum

35 4618 246 4678 spatio,emores
258 4613 358 4664 etdlios
370 4614 471 4675 absque
480 4617 594 4663 omnium
607 4617 673 4664 scitu
686 4616 826 4673 occultare,

36 4696 68 4743 ita
87 4698 117 4742 nt
135 4706 169 4742 ex
186 4692 299 4754 abrupto
316 4695 441 4754 parentes
465 4695 564 4742 rescire
586 4693 707 4743 debeant.
734 4694 825 4743 Ciaco·

40 4774 109 4830 nius,
126 4771 197 4819 nullo
214 4770 365 4820 testimonio
384 4769 506 4830 adducto,
523 4772 573 4830 ait,
590 4772 715 4824 habuisse
730 4773 826 4832 aliquot

37 4851 103 4910 titios
132 4862 165 4898 rm
188 4848 266 4898 uoliii
292 4848 378 4909 puello
393 4848 574 4912 acropolitano,⁸
594 4850 733 4901 Chronista
761 4864 825 4901 vero

42 4928 109 4990 apud
122 4929 236 4986 donar.
254 4929 315 4976 tom.
329 4926 369 4975 lll.
383 4938 411 4986 p.
428 4926 457 4975 ll.
474 4938 501 4986 p.
520 4930 602 4985 1¹90„
619 4931 733 4989 asserit,
757 4933 824 4978 tem-

41 5019 104 5066 pore
121 5005 310 5067 assumptionis
327 5003 361 5052 ad
377 5003 555 5054 Pontificatum
567 5017 600 5054 ear
609 5006 726 5067 plurilus
737 5008 825 5059 mulie·

40 5086 105 5135 ritru
116 5088 210 5146 septam
225 5084 290 5146 filios
306 5081 371 5130 inter
387 5094 470 5131 mares
486 5087 508 5132 ct
526 5082 647 5146 foeminas
664 5086 771 5136 nabere.

85 5166 121 5225 (2)
139 5165 238 5225 Sponsa
256 5175 332 5224 cupos
350 5161 504 5229 hicnomen
520 5152 688 5214 desideratur
699 5178 738 5214 ex
754 5165 825 5215 dele·

46 5247 84 5291 ctu
99 5242 195 5293 codicis
207 5246 265 5293 erat
276 5240 373 5291 Perelio
387 5243 414 5289 et
425 5252 539 5302 sponsus
555 5242 697 5303 alphonsus
709 5244 753 5294 Del
765 5244 825 5295 Car·

47 5322 233 5383 ruto,ttarctiio
244 5316 446 5371 Finitis-vid.
459 5317 565 5379 rtatim,
578 5320 658 5381 viani,
670 5326 695 5371 ct
705 5323 823 5386 Append.

516 276 798 342 indamnatos
822 275 1046 342 innocencii
1068 277 1220 342 OCTdVl.

1617 320 1620 325 <
1633 280 1694 342 tut

909 416 973 475 rina
996 426 1087 474 mater
1108 431 1228 494 sponsae
1249 415 1424 495 praedictae,
1445 418 1606 481 successive
1634 422 1693 481 alii.

908 515 1106 577 interfuerunt
1125 526 1225 575 aulum
1258 516 1286 573 in
1314 515 1368 575 hac
1391 517 1475 576 tertie
1497 536 1594 579 mensa
1619 520 1693 580 iuter

906 614 978 673 alios
999 625 1063 692 post
1081 612 1254 691 praedictos,
1275 613 1442 675 bennardus
1462 617 1534 678 Cibo
1555 621 1694 679 commis·

905 712 999 773 sarius
1022 713 1139 792 Papae,
1159 732 1233 773 usor
1254 731 1329 785 sna,
1349 723 1378 774 et
1396 713 1489 775 irater
1510 735 1596 792 suus3
1617 736 1693 779 uxor

905 812 1115 873 Francisclretti
1146 811 1198 871 lilii
1215 811 1322 891 Papae,
1344 813 1379 872 D.
1401 813 1570 875 Dominicus
1595 819 1693 879 tures

904 923 934 973 et
956 931 1028 972 asor
1054 930 1106 971 sna
1133 929 1218 973 soror
1240 912 1451 993 archicpiscopi
1481 915 1671 977 Βαυαυευῐυυί
1683 961 1693 991 ,

905 1030 998 1072 soror
1015 1010 1052 1069 D.
1069 1009 1216 1072 Gallielmi
1230 1010 1391 1073 Carnernrii
1410 1015 1513 1075 secreti
1535 1014 1590 1075 SS.
1602 1016 1639 1075 D.
1657 1016 1692 1076 tt.

903 1111 1011 1190 nepotis
1025 1110 1061 1170 D.
1078 1110 1247 1190 Hieronymi
1262 1111 1418 1192 Calngrani
1434 1115 1600 1177 subdiaconi
1618 1134 1693 1196 apo·

902 1210 1007 1280 stolici,
1025 1222 1055 1269 et
1075 1209 1254 1271 Cubicularii
1275 1214 1377 1274 secreti
1396 1210 1525 1288 ejusdem
1547 1215 1583 1274 D.
1602 1214 1649 1287 N„
1664 1229 1693 1278 et

902 1311 1000 1385 plures
1018 1310 1077 1368 alii.
1098 1308 1224 1370 Prandio
1251 1323 1386 1390 peracto,
1409 1325 1472 1391 post
1492 1315 1620 1391 aliquam
1642 1314 1690 1375 di·

902 1425 1031 1480 mornm,
1053 1423 1233 1471 recesserunt
1255 1413 1391 1473 mulieres
1413 1431 1481 1473 enin
1501 1415 1634 1493 pluribus
1655 1435 1690 1476 ex

901 1508 981 1581 suis,
1003 1510 1102 1570 deinde
1126 1513 1213 1571 etiam
1240 1513 1310 1585 nlii3
1334 1532 1380 1574 res
1406 1513 1476 1574 haec
1498 1527 1608 1575 secreta
1633 1535 1690 1577 non

900 1606 970 1682 luit,
989 1610 1037 1670 sed
1057 1629 1107 1689 per
1128 1622 1217 1671 totam
1239 1611 1350 1673 Urbem
1372 1612 1533 1692 divulgato,
1553 1624 1582 1674 et
1602 1633 1691 1692 prue-

900 1708 979 1768 scita.
1001 1708 1066 1788 Ego
1084 1728 1140 1769 non
1156 1711 1285 1784 interlui,
1299 1711 1348 1772 sed
1361 1731 1378 1770 e
1393 1711 1486 1774 tratre
1504 1711 1550 1794 (3)
1568 1715 1691 1792 praeisti

874 1868 876 1873 ,
900 1805 1050 1869 Gallielmi
1069 1810 1231 1872 Canterarii
1254 1813 1367 1885 secreti,
1382 1813 1432 1890 qui
1454 1813 1596 1887 interfuit,
1619 1814 1689 1876 hacc

901 1907 971 1967 milii
983 1909 1136 1981 referente,
1148 1911 1328 1984 notavi‚lieet
1337 1924 1439 1973 contra
1452 1932 1583 1974 normam
1595 1915 1691 1974 caeri-

900 2008 1020 2067 moninr.
1034 2011 1158 2069 nostrai.
1170 2022 1234 2070 ncta
1245 2012 1525 2092 sincquseespressa.
1537 2012 1690 2092 prohibent
1785 2087 1788 2092 ⁸

898 2108 1034 2168 mulieres
1053 2109 1151 2170 sedere
1170 2111 1199 2168 iri
1213 2112 1348 2172 convivio
1362 2130 1429 2172 crim
1451 2112 1589 2175 Pontidce
1610 2111 1665 2194 (l).

941 2210 1025 2268 Fer-ia
1057 2211 1162 2284 tertio,
1185 2229 1273 2272 xviii.
1296 2215 1484 2285 novembris,
1506 2214 1534 2273 in
1556 2216 1685 2294 cappella

899 2305 1011 2383 majore
1033 2308 1136 2371 Palatii
1156 2313 1234 2390 opud
1256 2312 1287 2373 S.
1321 2314 1443 2375 Petrum
1464 2314 1610 2393 profesto
1637 2315 1691 2375 de·

898 2408 1047 2470 dicationis
1080 2410 1266 2472 basilicarum
1299 2415 1504 2493 Apostolorum
1543 2413 1622 2476 Petri
1661 2426 1689 2475 et

899 2508 992 2582 Pauli,
1021 2509 1056 2569 ll.
1088 2510 1122 2571 P.
1151 2512 1186 2572 D.
1210 2513 1345 2574 Staienus
1366 2513 1606 2594 archiepiscopus
1628 2512 1688 2572 Pa·

899 2612 1047 2683 tracensis,
1062 2621 1091 2671 et
1104 2611 1254 2692 episcopus
1271 2613 1511 2687 Torcellnaensis,
1533 2613 1690 2683 celebravit

898 2709 1014 2769 lllissam
1035 2711 1213 2785 solemnem,
1234 2713 1311 2791 Papo
1335 2725 1365 2773 ct
1382 2712 1587 2774 cardinalibus
1604 2731 1694 2792 prae·

899 2810 1034 2872 sentibus.
1061 2808 1150 2872 Facta
1173 2813 1334 2874 reverentia
1371 2831 1425 2892 per
1455 2812 1643 2886 cardinales,
1662 2825 1694 2873 et
1764 2804 1767 2814 ’

900 2909 992 2971 dieto:
1015 2912 1133 2972 Gloria
1151 2912 1184 2970 iu
1199 2913 1334 2972 succisis
1352 2912 1431 2984 Deo,
1448 2913 1526 2990 Papa
1543 2911 1692 2971 mandarit

899 3009 980 3082 mihi,
1000 3020 1033 3070 nt
1053 3011 1081 3069 in
1103 3010 1244 3088 gradihus
1264 3012 1327 3071 solii
1343 3012 1442 3072 locum
1460 3011 1560 3072 darem
1576 3009 1691 3070 cuidem

900 3107 1021 3170 Oratori
1042 3108 1130 3187 Regis
1151 3110 1291 3182 Russiac,
1318 3110 1357 3168 ad
1389 3109 1480 3170 Suam
1503 3107 1693 3169 sanctitatem

899 3228 954 3288 {uo
974 3208 1134 3285 obedientia
1156 3210 1327 3288 praestanda
1348 3212 1446 3283 misso,
1465 3210 1543 3289 quod
1565 3220 1594 3270 et
1613 3211 1689 3285 leci,

898 3310 981 3369 atilli
996 3310 1093 3369 locum
1110 3308 1253 3388 assignari
1272 3311 1326 3371 snb
1341 3310 1495 3385 Senatore,
1512 3330 1601 3390 supra
1616 3329 1689 3372 con·

897 3419 1058 3469 servatores
1074 3409 1213 3470 Gamerae
1230 3410 1327 3472 Urbis
1344 3410 1447 3472 Omnia
1463 3412 1519 3473 alia
1532 3412 1608 3472 lacta
1622 3424 1691 3473 sunt

898 3526 979 3570 more
1000 3521 1146 3570 consueto.

938 3609 1025 3670 Faria
1046 3623 1163 3688 quarta,
1184 3626 1290 3671 xrrrtr.
1309 3613 1488 3686 novembris,
1502 3625 1568 3674 ante
1584 3615 1689 3675 horam

896 3721 925 3770 et
948 3711 1045 3770 locum
1072 3710 1257 3784 audientiae,
1283 3730 1372 3792 snpra
1399 3714 1517 3792 pnicum
1544 3716 1573 3773 in
1602 3717 1688 3792 plano

896 3827 985 3890 supra
1003 3810 1115 3889 grados
1134 3823 1353 3891 praeparatum,
1380 3833 1432 3893 per
1453 3813 1490 3873 tt.
1519 3818 1548 3874 in
1571 3813 1689 3876 Christo

896 3910 930 3970 P.
957 3912 993 3971 D.
1026 3910 1147 3972 Petrum
1177 3912 1345 3990 episcopum
1377 3912 1592 3974 Ccscmtensem
1624 3915 1690 3974 Au·

896 4011 1018 4071 ditorem
1039 4011 1198 4084 Gamerae,
1226 4011 1300 4072 lecto
1331 4011 1507 4072 consessione
1534 4023 1563 4072 et
1587 4014 1688 4093 inqui·

896 4112 995 4171 sitione
1015 4120 1117 4170 contra
1139 4108 1283 4169 iacobum
1309 4108 1391 4170 Petri
1412 4108 1541 4170 Romero
1561 4111 1690 4193 presby-

894 4221 991 4271 terum
1010 4209 1171 4270 illerdensis
1192 4209 1327 4270 dioecesis
1348 4210 1376 4268 in
1397 4210 1551 4290 Hispania,
1568 4212 1689 4276 Proles-

894 4327 958 4370 sum
975 4308 1151 4370 Canonicum
1172 4311 1337 4387 regularem
1353 4308 1471 4370 Ordinis
1486 4310 1518 4371 S.
1534 4312 1689 4392 Augustini

893 4411 990 4482 iacto,
1017 4409 1135 4484 habita,
1156 4421 1184 4471 et
1205 4411 1283 4483 lata,
1310 4430 1345 4472 oc
1371 4413 1572 4474 commissione
1598 4432 1686 4495 snper

894 4512 1000 4573 actuali
1022 4511 1227 4589 degradatione
1246 4512 1386 4587 iacienda,
1406 4514 1528 4573 eundem
1543 4514 1685 4575 iacobum

895 4612 1047 4673 actualiter
1066 4611 1236 4689 degradavit
1255 4608 1340 4686 juxta
1358 4614 1482 4673 formam
1500 4611 1685 4688 Pontificalis‚

895 4726 924 4775 et
945 4731 1011 4774 eum
1033 4712 1223 4791 degradatum
1251 4712 1423 4772 Ambrosino
1443 4711 1591 4790 Barigello
1611 4731 1684 4772 con·

895 4814 1033 4893 signarit3
1055 4823 1092 4887 ct,
1114 4820 1262 4891 praesente
1285 4812 1319 4870 D.
1342 4810 1458 4871 Justlno
1479 4809 1632 4884 advocato,
1648 4810 1682 4872 N.

895 4914 929 4976 de
949 4916 1055 4973 Parma
1075 4923 1269 4992 procuratore
1299 4910 1411 4982 liscali,
1436 4922 1466 4971 et
1493 4920 1553 4971 toto
1574 4913 1685 4990 populo

936 5086 972 5142 tt)
988 5082 1110 5131 Fortasse
1136 5083 1213 5142 igitur
1236 5082 1358 5144 superins
1383 5081 1522 5144 legendnm
1539 5095 1592 5130 non
1612 5094 1687 5132 soror

895 5162 921 5210 D.
933 5161 1072 5222 Gallielmi‚
1088 5161 1131 5210 sed
1145 5159 1234 5223 [rotor.

935 5243 971 5302 (l)
987 5241 1087 5290 Auctor
1104 5240 1202 5290 oblitus
1218 5243 1259 5289 est
1276 5238 1439 5297 Pontificem,
1457 5240 1479 5288 si
1496 5240 1560 5290 alios
1579 5240 1686 5302 dispen-

896 5334 956 5374 sare
970 5325 1070 5385 polest,
1087 5335 1119 5374 eo
1136 5322 1218 5384 magis
1235 5333 1263 5373 se
1280 5321 1366 5383 ipsum
1383 5319 1538 5382 dispensare
1551 5323 1681 5384 potuisse
