3764 6036
151 323 152 327 Ἰ
173 240 232 304 tat
640 237 925 304 PONTlPlchUS
946 238 1175 307 innocuurtt
1196 243 1351 308 Ochi'i.

176 384 245 462 ipsis
264 381 368 457 litteris
389 379 552 439 nominatos
574 374 638 461 (qui
660 396 820 458 numquam
841 378 965 458 appule-

171 479 265 565 runt)
286 525 295 556 ‚
320 479 433 559 'quibus
451 490 481 542 et
512 497 616 541 eorum
644 480 785 559 singulis,
807 479 965 541 dusnmodo

170 582 323 662 episcopus
349 579 564 642 bamberiensis
585 599 661 641 unus
683 592 779 655 esset,
811 579 872 641 lles
903 580 963 656 ipse

174 681 366 762 praecabatur
386 682 415 741 iu
437 681 608 762 exponendis
630 681 763 753 exhibere
790 679 884 741 atem.
904 680 964 741 Le·

170 784 226 845 etis
274 785 401 857 litteris,
444 785 596 865 episcopus
639 781 851 844 bamberiensis
896 785 964 844 iecit

172 902 292 963 paruam
325 866 507 957 orationem,
530 884 559 945 in
588 902 644 962 qua
672 885 803 946 breviter
831 887 965 945 narrarit

172 987 284 1047 cultum
306 987 357 1064 qui
378 1004 488 1066 semper
507 985 564 1045 ton
585 985 615 1045 in
644 985 782 1046 Summos
808 983 963 1046 Pontiiices

172 1086 249 1168 apud
278 1086 371 1166 Reges
401 1086 565 1158 Franciae,
588 1103 683 1166 quos,
702 1088 777 1147 inter
800 1087 965 1147 saeculares

172 1184 321 1269 Principes
329 1231 349 1271 ,Ι
356 1188 516 1268 primatum
539 1200 634 1251 tenere
652 1187 764 1249 dicebat
770 1209 781 1261 ς
802 1199 864 1248 tum
885 1205 964 1265 gou-

173 1289 253 1352 dium
284 1286 459 1369 significarit
491 1290 525 1352 de
558 1291 652 1353 loelici
685 1301 763 1353 statu
796 1289 964 1349 Sanctitntis

174 1388 262 1464 Suae,
272 1390 403 1451 laudarit
417 1391 597 1470 diligentiam
618 1403 648 1454 et
669 1392 817 1454 solertiam
832 1391 960 1471 episcopi

174 1489 412 1564 Concordiensis,
432 1502 462 1553 et
481 1491 596 1555 Domini
617 1493 736 1554 Antonii
757 1494 860 1553 Floras
874 1491 965 1553 liele·

174 1587 377 1654 rendaciorum
400 1593 580 1672 spostolicae
602 1594 696 1667 Sedis,
716 1596 745 1655 in
767 1594 891 1655 Francia
907 1613 966 1655 nu·

174 1712 226 1772 per
242 1691 417 1767 Oratorum,
433 1706 461 1756 et
477 1714 580 1756 eoram
601 1714 719 1776 operam
741 1696 963 1759 commendarit.

175 1792 345 1875 Propterea,
360 1795 468 1876 Regem
487 1779 579 1856 multa
598 1798 688 1858 ardua
707 1808 736 1860 et
756 1800 878 1875 magnae
905 1798 966 1857 im·

175 1896 339 1974 portantiae
369 1899 484 1976 negotia
515 1897 585 1976 ipsis
607 1898 794 1970 commisisse,
813 1897 965 1958 sanctitati

176 1996 254 2059 Suae
270 1998 315 2058 sel
331 1996 505 2076 cuicumque
519 1999 576 2059 alio
593 2018 644 2079 per
665 1998 853 2060 Sanctitatem
874 1984 967 2058 Suam

174 2098 272 2159 iorsan
293 2099 329 2158 ad
352 2099 407 2160 boc
429 2094 608 2179 deputando,
630 2102 794 2181 exponenda
812 2145 820 2175 ,
841 2110 870 2161 et
891 2118 966 2178 quae

176 2209 289 2279 possent
309 2198 345 2259 sd
366 2201 483 2278 plenum
500 2202 612 2279 exequi,
632 2203 698 2281 ipsis
719 2202 862 2283 impensa:
878 2214 966 2274 etse,

175 2300 267 2362 eidem
289 2299 441 2361 Sanctitati
463 2302 683 2362 commendarit.
705 2302 748 2362 ta
771 2321 844 2382 quae
869 2305 965 2364 omnin

177 2397 321 2461 Sanctitas
342 2400 402 2461 Suo
427 2401 567 2489 brevibus
590 2403 684 2462 verbis
711 2404 865 2483 respoudit.
888 2403 966 2462 Tam

177 2501 272 2563 dictus
303 2503 455 2582 episcopus
488 2502 703 2564 bamberiensis
724 2505 863 2575 litteras,
894 2521 966 2581 quas

134 2621 136 2625 ’
178 2601 214 2660 ad
234 2602 395 2679 Collegium
419 2602 550 2675 babebat,
566 2606 967 2683 vicecancelluriopraesen·

180 2702 272 2774 tarit,
291 2702 341 2779 qui
361 2703 523 2763 successive
549 2706 740 2782 praesentarit
760 2703 967 2784 Neapolitano,

179 2819 331 2880 quousque
351 2802 387 2862 ad
407 2803 589 2865 cardinalem
626 2805 725 2865 Sancti
746 2805 868 2884 Georgii
902 2806 968 2884 pri·

179 2920 259 2964 mum
279 2904 440 2965 Diaconum
461 2906 656 2985 pervenissent
668 2929 678 2980 3
701 2908 768 2985 qui,
784 2906 820 2966 nd
844 2907 967 2968 verbnm

178 3004 438 3076 vicecancellarii,
456 3025 504 3066 eos
527 3007 643 3066 tradidit
665 3006 811 3085 praedicto
832 3007 969 3087 episcopo

179 3103 319 3166 Perusino
350 3108 507 3168 secretario
534 3108 654 3188 Papae,
673 3109 816 3188 legendus,
839 3109 890 3187 qui
909 3129 983 3170 eus,

180 3207 251 3285 legit
271 3206 386 3286 publice
398 3251 406 3280 ‚
428 3220 455 3269 et
477 3209 571 3287 primo
592 3210 867 3288 superscriptionem
885 3253 900 3291 ,Ἰ
913 3209 967 3270 de·

179 3308 243 3368 iude
261 3308 499 3388 subscriptionem
516 3329 591 3389 quae
607 3323 671 3373 erat
694 3309 849 3384 Cisarlcs,
868 3312 968 3373 deinde

179 3407 274 3470 datam
301 3409 436 3473 Turonis
458 3422 513 3471 etc.
535 3425 630 3491 postea
653 3414 828 3493 principium
851 3413 968 3474 littera·

179 3527 248 3570 rum
270 3510 347 3587 qaod
377 3522 441 3573 erat
464 3510 599 3576 coccias
626 3515 695 3576 Rex
721 3516 880 3576 Francius
910 3523 967 3574 etc.

180 3607 238 3669 Per
260 3611 369 3671 litteras
384 3609 445 3671 llex
460 3613 518 3690 ipse
532 3612 750 3673 commendabat
766 3613 968 3674 cardinalibus

182 3706 324 3771 Oratores
355 3713 515 3791 praedictos
548 3724 577 3772 et
608 3731 661 3772 sua
692 3714 830 3791 negotia,
863 3722 893 3774 et
928 3715 968 3773 eis

180 3810 271 3871 amice
284 3811 428 3871 scribebat
444 3811 613 3892 appellando
627 3832 675 3874 eos
695 3816 813 3876 amicos
835 3816 968 3876 dilectos

180 3928 215 3971 ac
235 3911 258 3971 si
278 3923 370 3973 essent
389 3915 548 3992 cappellani
568 3915 613 3973 sui
628 3956 637 3986 ,
653 3914 812 3976 denotando
824 3908 825 3913 ’
839 3934 888 3976 eos
915 3934 967 3995 per

180 4029 237 4072 noa
254 4023 282 4072 et
301 4030 357 4073 non
376 4017 428 4092 per
446 4013 538 4075 dictos
555 4017 600 4076 rel
615 4014 707 4075 dictas
726 4018 845 4077 litteras.
872 4013 968 4076 Lectis

180 4111 223 4171 bis
245 4114 348 4174 litteris
368 4133 425 4174 non
447 4114 502 4175 luit
523 4115 634 4175 dictum
657 4116 866 4195 quodcumque
887 4115 966 4176 aliud

180 4212 325 4287 verbum,
346 4213 394 4274 sed
415 4225 604 4274 surrexerunt
625 4211 771 4276 Oratores
799 4215 967 4295 praedicti,

179 4323 208 4371 et
228 4331 373 4375 cameram
387 4313 565 4376 consistorii
587 4317 764 4386 arriserunt,
783 4334 855 4394 quos
877 4319 967 4378 secuti

179 4424 247 4473 sunt
265 4414 315 4473 alii
336 4411 477 4475 Oratores
495 4426 522 4475 et
543 4417 666 4494 praelati
689 4415 794 4493 Palatii
818 4418 866 4494 qai
888 4417 968 4502 intas

179 4522 283 4587 erant;
304 4525 332 4574 et
359 4515 417 4576 siue
444 4535 526 4575 mora
548 4516 633 4575 iidem
660 4514 800 4578 Oratores
826 4516 968 4578 Franciae

179 4630 215 4673 eo
234 4614 335 4675 ordine
357 4624 445 4694 prout
467 4628 627 4691 uenerunt,
648 4629 676 4678 et
697 4617 733 4676 ab
754 4618 858 4679 eisdem
881 4635 968 4697 prae·

181 4713 247 4773 lotis
279 4715 410 4776 associati
438 4717 474 4775 ad
505 4716 623 4776 domum
653 4716 688 4778 de
716 4719 836 4791 Fiisco,
855 4719 885 4778 in
911 4735 968 4796 qua

180 4815 329 4896 episcopus
361 4815 576 4876 bamberiensis
612 4816 775 4896 hospitatus
803 4828 869 4889 est,
901 4827 974 4877 sont

182 4919 314 4991 reversi,
336 4916 391 4978 boe
412 4919 474 4979 solo
493 4918 631 4999 dempto,
651 4919 733 4997 quod
753 4919 847 4978 sauss
869 4917 968 4986 Sancti

180 5017 294 5079 Antonii
329 5017 467 5080 continuo
495 5018 570 5080 inter
597 5018 733 5080 Priorem
767 5019 922 5079 tiserniue
951 5039 969 5080 a

181 5115 305 5191 dextris,
324 5128 354 5178 ct
373 5119 539 5199 episcopum
557 5119 798 5182 concordiensem
814 5137 831 5179 a
846 5118 969 5181 sinistris

181 5217 290 5278 medius
307 5217 367 5278 ibat
386 5219 416 5279 ia
436 5219 514 5281 dicto
534 5222 607 5282 loco.

222 5319 308 5381 Faria
324 5333 413 5398 sexta,
426 5321 537 5384 decism
552 5334 656 5389 octars
675 5322 779 5386 masis
793 5323 970 5400 novembris,

1719 247 1822 333 (assa)

1032 383 1104 444 iesto
1141 382 1333 445 dedicationis
1360 383 1550 446 basilicarum
1580 385 1665 447 Beati
1683 385 1766 448 Petri
1794 400 1821 449 et

1032 482 1140 558 Pauli,
1158 503 1215 546 non
1234 485 1290 545 luit
1311 484 1455 564 cappella.
1476 484 1585 548 Eadsna·
1606 486 1654 548 die
1682 500 1748 567 post
1770 488 1823 550 bo·

1033 577 1097 644 ram
1118 585 1289 665 vigesimam
1305 629 1313 656 ,
1332 603 1383 665 per
1406 595 1520 664 portant
1542 588 1681 649 viridarii
1707 589 1823 651 introvit

1032 684 1069 744 ll.
1102 685 1243 746 Dominus
1279 685 1426 746 Robertns
1452 689 1613 769 episcopus
1636 688 1825 767 Olasquensis

1033 783 1148 846 Orator
1171 786 1252 845 llius.
1284 785 1384 845 lacobi
1418 785 1576 847 Scotorum
1595 788 1706 867 liegn's,
1738 790 1824 867 qula

1032 885 1148 946 iaratiliis
1169 886 1224 946 SS.
1250 886 1365 946 Domini
1384 885 1481 947 Nostri
1504 887 1598 968 Papae
1618 899 1648 949 et
1680 888 1825 950 cardina·

1033 987 1104 1047 lium
1123 1005 1163 1047 ac
1173 985 1349 1047 Oratoribus
1368 987 1498 1066 Regum,
1512 1000 1542 1048 et
1557 988 1731 1068 Principum
1748 1001 1826 1050 extra

1034 1098 1149 1166 portam
1173 1099 1307 1167 receptus
1327 1098 1395 1158 est,
1419 1096 1449 1147 et
1473 1105 1566 1166 usque
1601 1088 1637 1148 ad
1668 1088 1826 1168 bospitiuaa

1032 1205 1119 1249 suurn
1151 1188 1227 1249 inter
1258 1201 1378 1267 puteum
1409 1189 1528 1264 album,
1556 1202 1597 1252 et
1615 1191 1762 1270 palatium
1793 1191 1825 1253 ds

1032 1289 1128 1350 Fiisco
1157 1306 1241 1350 secus
1272 1308 1368 1351 raore<
1386 1292 1471 1353 solito
1503 1293 1660 1353 associatus
1687 1292 1825 1370 equitari

1033 1390 1106 1451 iuter
1129 1388 1364 1450 Gubernatorem
1390 1389 1498 1463 Urbis,
1517 1402 1547 1452 et
1566 1392 1824 1474 Arcbiepiscopun

1033 1490 1202 1551 Tbebsnam
1223 1490 1266 1572 (i)
1286 1492 1410 1552 electam
1435 1491 1685 1570 Attdegasenaem.

1074 1593 1158 1654 Feria
1177 1592 1311 1679 secunda,
1336 1593 1472 1671 vigesima
1494 1603 1599 1654 octava
1620 1582 1696 1654 dicti
1711 1595 1826 1665 massis,

1032 1693 1060 1752 in
1081 1694 1148 1754 aula
1167 1694 1259 1773 prima
1281 1689 1406 1769 majore,
1426 1693 1557 1755 videlicet
1579 1696 1679 1775 palatii
1699 1695 1825 1774 Aposto-

1034 1793 1104 1868 lici,
1136 1794 1190 1854 luit
1219 1793 1430 1854 consistorium
1463 1795 1617 1874 poblicum·
1637 1797 1669 1857 in
1697 1815 1760 1875 quo
1791 1795 1826 1855 tt.

1033 1893 1120 1955 Pater
1139 1894 1278 1955 Dominus
1293 1893 1441 1955 Robertus
1465 1897 1617 1977 episcopus
1645 1897 1828 1975 Ginsqoensis

1034 1995 1144 2056 Orator
1176 1994 1393 2055 lliusDomini
1421 1994 1522 2057 iacobi
1556 1996 1719 2058 Scotorum
1749 1997 1828 2077 nega

1033 2099 1191 2157 associatus
1211 2097 1267 2156 istit
1288 2115 1305 2154 a
1327 2096 1439 2156 familis
1462 2097 1623 2159 cardinalis
1653 2100 1828 2170 Ascanii,ct

1034 2196 1212 2258 Oratoribus
1245 2195 1333 2275 Regis
1364 2198 1509 2259 Francius
1543 2198 1580 2256 ob
1621 2198 1750 2279 bospitio
1782 2217 1828 2258 suo

1035 2299 1180 2376 usquead
1201 2298 1354 2359 caunetum
1378 2300 1600 2379 Apostolicant,
1623 2301 1675 2360 ubi
1696 2311 1828 2379 expects·

1035 2402 1101 2472 νῆις
1120 2399 1219 2460 deinde
1240 2399 1278 2458 ab
1297 2400 1403 2474 eadem,
1417 2400 1540 2460 camera
1564 2401 1600 2459 ad
1618 2401 1828 2461 consistorium

1036 2519 1087 2580 per
1113 2500 1361 2580 archiepiscopum
1390 2501 1584 2562 arctarenson
1606 2512 1634 2562 et
1661 2501 1827 2580 episcopum

1036 2601 1291 2671 Vulteraueasem,
1322 2601 1507 2678 sequentibus
1537 2600 1719 2663 Oratoribus
1747 2601 1830 2680 tngo

1035 2700 1194 2771 Francius,
1229 2719 1343 2763 curram,
1364 2701 1419 2761 SS.
1452 2701 1575 2779 Domino
1608 2702 1728 2764 Nostro.
1765 2703 1827 2763 Post

1036 2801 1279 2863 deosculationem
1300 2804 1412 2863 solitam
1447 2800 1639 2881 praesentavit
1668 2802 1829 2883 genuflexus

1037 2913 1170 2982 patentes
1193 2903 1303 2963 litteras
1325 2904 1420 2982 regias
1442 2905 1609 2964 mandatum
1630 2922 1720 2965 strum
1742 2905 1828 2966 cotttl·

1036 3014 1158 3074 nentes,
1180 3004 1266 3080 sigilli
1286 3006 1384 3082 magni
1407 3007 1482 3083 regii
1504 3005 1676 3084 appensione
1709 3006 1830 3066 munitas

1036 3114 1064 3165 et
1086 3121 1174 3163 manu
1195 3103 1282 3180 Regis
1303 3105 1505 3184 subscriptas,
1527 3123 1599 3184 quas
1625 3089 1681 3167 suo
1708 3118 1830 3186 tempora

1037 3207 1123 3285 legit.
1139 3207 1290 3287 episcopus
1327 3205 1491 3266 Perusinas
1531 3208 1720 3269 secretarius.
1753 3207 1830 3268 Duae

1036 3307 1251 3367 commissiones
1280 3306 1400 3381 interant
1438 3310 1623 3386 propositae,
1654 3309 1752 3388 prima
1782 3328 1830 3388 pes

1037 3409 1192 3470 Dominum
1209 3408 1334 3467 Paulam
1355 3406 1390 3467 de
1412 3406 1518 3467 Pianca
1539 3408 1738 3487 proquodam
1755 3426 1825 3487 pau·

1036 3529 1104 3589 pere
1137 3508 1306 3590 presbytero
1336 3507 1496 3575 caminensi
1545 3509 1681 3570 dioecesis
1711 3510 1826 3590 ‚Spole-

1036 3619 1120 3670 tanae
1140 3610 1314 3689 depraedato
1346 3621 1376 3670 et
1412 3610 1620 3682 incarcerato,
1642 3609 1768 3672 liberato
1789 3622 1825 3670 ta·

1038 3729 1113 3782 men,
1125 3723 1226 3771 constra
1247 3728 1317 3770 suos
1335 3709 1527 3788 spoliatores,
1548 3710 1655 3789 quibus
1673 3710 1826 3790 juras-erat

1037 3831 1066 3871 se
1099 3828 1156 3870 non
1188 3810 1367 3882 leodiense,
1390 3829 1483 3890 neque
1511 3811 1723 3874 absolutionem
1758 3814 1825 3873 sella

1037 3911 1187 3981 obtinere,
1200 3921 1229 3970 et
1249 3906 1432 3986 fidejussores
1453 3912 1571 3973 dederat
1586 3955 1595 3983 ,
1610 3913 1663 3990 qui
1688 3912 1765 3974 idem
1777 3909 1825 3988 ju·

1037 4021 1180 4072 raserunt
1193 4054 1201 4082 ,
1215 4023 1245 4070 et
1265 4030 1295 4070 se
1316 4011 1521 4089 obligaverant
1543 4014 1628 4072 toties
1651 4015 1768 4090 quoties
1784 4030 1825 4092 pst

1035 4112 1149 4174 eosdem
1172 4113 1393 4190 requirerentur
1416 4113 1489 4172 cette
1523 4130 1573 4191 per
1594 4113 1735 4174 eurardem
1763 4130 1824 4174 ora·

1038 4225 1130 4274 torem
1156 4208 1200 4292 (i)
1221 4214 1288 4291 ipsis
1309 4224 1507 4293 representare
1514 4233 1524 4286 ι
1552 4223 1615 4291 post
1637 4211 1727 4289 cnjns
1748 4213 1824 4274 tinen

1038 4314 1143 4372 ivimus
1160 4331 1219 4391 pro
1246 4309 1384 4372 Oratore.
1412 4311 1574 4372 Secundam
1599 4317 1752 4393 proposuit
1775 4315 1827 4375 Da·

1038 4399 1132 4485 miuus
1154 4416 1280 4492 Angelus
1301 4413 1336 4474 de
1357 4413 1434 4485 cesis
1454 4413 1524 4473 satis
1542 4417 1640 4487 marie,
1660 4415 1749 4494 cujus
1768 4435 1824 4477 ma·

1038 4518 1143 4577 teriam
1164 4533 1221 4575 nott
1246 4506 1394 4588 intellexi;
1413 4512 1565 4595 episcopus
1583 4513 1828 4593 Glasquensissub

1037 4635 1130 4696 cappa
1167 4632 1219 4674 sua
1249 4614 1350 4683 babuit
1378 4626 1485 4685 restem
1508 4617 1544 4678 de
1564 4615 1635 4676 Tabi
1658 4618 1827 4688 ca·ernesino;

1039 4717 1116 4795 quod
1150 4715 1412 4777 inhonestissimam
1444 4718 1520 4789 suits
1543 4717 1652 4783 aaroni
1683 4732 1829 4799 propterca

1038 4821 1131 4900 ipsam
1153 4837 1188 4880 ne
1210 4817 1342 4896 deinceps
1373 4836 1441 4878 earm
1463 4838 1496 4886 en
1525 4819 1555 4878 in
1577 4818 1733 4897 publicum
1755 4818 1830 4882 reni·

1041 4929 1109 4980 reta
1125 4920 1184 4983 ,otta
1206 4919 1302 4978 omnia
1324 4929 1389 4979 acta
1410 4928 1478 4978 susat
1501 4937 1584 4978 more
1606 4919 1704 4979 solito.
1762 4957 1765 4960 ·

1080 5021 1164 5081 Feria
1186 5030 1305 5099 quarta,
1322 5021 1424 5080 ultima
1449 5021 1553 5081 ansuis
1567 5020 1760 5094 novembris,
1781 5017 1828 5080 88.

1038 5122 1179 5183 Dominus
1192 5120 1295 5183 Noster
1314 5123 1390 5184 restit
1405 5121 1441 5180 ad
1464 5122 1618 5190 Basilicam
1633 5120 1740 5189 Sancti
1759 5119 1830 5183 Petri

1039 5223 1088 5283 nbi
1110 5225 1138 5284 in
1160 5224 1288 5303 cappella
1308 5221 1633 5292 Sanctorumdndreae
1646 5234 1676 5284 et
1699 5217 1832 5302 Gregorii

1038 5324 1151 5388 audirit
1170 5324 1288 5386 liliosam
1309 5324 1477 5400 solemnem,
1494 5342 1584 5401 qaam
1605 5322 1714 5386 ibidem
1735 5320 1818 5405 ponti·
