3764 6036
181 261 239 324 teti
391 311 395 327 .
642 262 927 328 rottrttucnrus
947 260 1174 324 lNNOCENTll
1193 258 1347 323 ueratri.

178 397 352 476 Magnificus
371 399 512 462 Dominus
532 401 711 480 Augustinus
735 401 770 463 de
788 401 899 463 Vonicn
916 397 966 484 (l)

179 498 358 574 Trivisanus,
377 501 489 562 Ductor
506 514 536 564 et
557 503 664 577 miles,
683 521 774 582 usque
792 503 828 562 ud
845 502 966 583 Capito·

179 596 250 656 lium
272 616 377 677 pompa
394 617 477 661 more
498 601 582 662 solito
603 603 767 662 associatus.

219 696 305 758 Faria
327 698 443 775 quinta,
464 699 600 778 vigesima
620 703 686 762 dicti
709 703 811 762 mensis
822 702 966 778 octobris,

178 795 260 856 llius.
291 797 431 858 Dominus
451 798 578 860 lacobus
602 821 636 862 cx
658 788 873 864 Narcltionibus
905 802 966 863 Da·

180 896 313 958 densibus
332 909 397 959 unte
417 899 654 981 horampraudii
673 903 775 964 babuit
794 904 967 964 audientium

180 1015 198 1055 a
220 997 275 1064 88.
293 997 329 1057 D.
341 997 388 1072 N.,
399 998 462 1059 litt.
476 1000 538 1060 DD.
551 1002 750 1081 andegavensi
768 1015 795 1064 et
815 1005 968 1066 Benarert·

183 1106 251 1157 lano
269 1097 479 1175 cardinalibus,
490 1119 524 1162 ac
535 1101 658 1162 Domino
677 1103 806 1165 iohanne
828 1104 969 1165 Nolitaris

181 1196 411 1271 Decano,lldam
430 1201 493 1280 Frp
514 1212 630 1265 cantore
652 1203 799 1266 Ecclesiae
816 1205 971 1278 lindensis,

184 1298 228 1360 lo.
248 1288 283 1360 de
309 1299 519 1380 Perrovageusi
541 1303 629 1363 nobili
651 1304 727 1364 laico
749 1315 778 1364 ct
806 1324 852 1366 me
882 1324 970 1384 prae·

183 1400 320 1472 sentibus,
333 1399 361 1459 in
383 1418 440 1478 qua
462 1401 528 1462 iecit
548 1422 669 1482 parvam
688 1406 898 1478 ot·ntionem,et
917 1405 971 1465 be·

185 1500 270 1580 aigne
292 1520 308 1560 a
329 1500 452 1561 Sanctis.
474 1498 511 1560 D.
531 1500 565 1561 N.
586 1515 718 1582 receptus
739 1515 791 1565 est.

232 1599 359 1661 Sabbata
379 1616 473 1660 xxxa.
491 1611 520 1661 et
535 1601 638 1661 ultima
654 1604 756 1663 mensis
767 1603 904 1676 octobris,
917 1601 971 1663 SS.

188 1697 223 1757 D.
245 1697 282 1758 N.
304 1710 423 1778 paratus
446 1716 527 1760 more
554 1686 737 1762 soiitovenit
758 1703 795 1761 ad
815 1704 972 1782 cappellam

187 1797 330 1875 majorem
356 1799 454 1878 palatii
479 1801 629 1878 apostolici
653 1801 731 1882 apud
753 1803 892 1864 Sanctum
914 1802 972 1863 re-

186 1908 277 1971 trum,
300 1899 349 1959 ubi
371 1901 500 1961 interfuit
522 1903 647 1980 vesperis
667 1903 803 1981 publicis,
826 1904 973 1982 quusSua

188 1995 330 2063 Sanctitas
349 2000 471 2080 incoepit
490 2019 570 2062 mora
587 2014 731 2063 consueto.
746 2005 778 2063 ln
800 2003 905 2065 eisdem
921 2024 974 2065 ve·

188 2099 280 2177 speris
300 2097 364 2158 dedi
385 2100 480 2160 locum
496 2099 642 2178 praedicto
656 2102 817 2164 Maroltinni
835 2103 975 2178 Dadensi,

188 2207 218 2258 et
239 2196 267 2256 in
288 2197 389 2258 babitu
409 2198 536 2261 clericali
556 2201 704 2274 incedenti,
718 2203 746 2261 in
768 2221 885 2265 scamna
902 2222 976 2264 cau·

189 2295 369 2359 deteriorum
385 2297 581 2361 Cardiualium
600 2301 754 2382 incapite,
769 2322 857 2384 supra
878 2315 986 2365 omnes

192 2455 978 2482 -—-·——-——.-„.-

229 2505 269 2591 (t).
286 2530 313 2578 lu
333 2529 430 2579 Codice
455 2532 602 2593 appellatur
617 2532 772 2594 dispostione
797 2535 887 2598 quio
912 2537 977 2587 Par·

189 2607 315 2657 misenus.
327 2606 378 2657 Sed
394 2607 426 2656 da
444 2613 550 2658 nostrae
568 2611 759 2661 emendationis
776 2615 888 2664 veritate
902 2617 978 2665 testi·

190 2687 279 2734 monia
305 2685 413 2743 indubia
431 2686 558 2736 habemus
576 2690 600 2737 iu
618 2688 728 2739 historia
745 2691 910 2753 diplomatica
930 2695 977 2744 Se·

189 2767 311 2814 natorum
338 2764 419 2812 almae
436 2762 532 2823 Urbis,
551 2767 682 2816 Francisei
698 2769 804 2817 Antonii
827 2769 917 2820 Vitale.
938 2771 976 2821 Ex

190 2840 280 2890 multis
297 2841 507 2899 auctoritatibus,
525 2843 589 2893 haee
606 2848 707 2894 tautum
727 2847 753 2894 in
771 2847 829 2903 ejus
846 2848 914 2897 libro
933 2862 978 2914 se·

190 2920 331 2983 ligimuss·
349 2920 422 2970 Sotto
435 2922 522 2971 i'anno
539 2922 636 2973 istesso
653 2926 742 2984 (ttae).
760 2929 824 2975 a'tl.
837 2927 861 2976 di
874 2931 983 2978 settem-

190 2997 239 3048 bre
257 3000 273 3047 il
292 2998 388 3048 Veneto
404 2999 525 3050 Goveruo
542 3003 582 3050 eol
599 3015 675 3052 unme
692 3004 718 3053 di
736 3005 859 3067 ligustina
881 3007 979 3057 Barba·

192 3077 267 3138 rigo,
284 3077 365 3126 allora
382 3076 472 3139 Doga,
498 3078 624 3128 indirizza
647 3094 682 3130 un
708 3086 795 3146 amplo
822 3092 980 3148 passaporto

190 3154 316 3204 universis
338 3158 360 3204 et
381 3154 488 3217 sinpulis
506 3159 558 3204 tom
574 3159 667 3208 amicis
683 3172 759 3220 quom
775 3162 901 3224 fidelibus,
918 3177 981 3225 pre·

192 3232 276 3294 gando
293 3234 326 3295 gli
344 3234 419 3282 amici
436 3246 450 3282 e
468 3235 648 3285 comendando
661 3239 684 3285 ai
704 3239 801 3288 sudditi
824 3241 874 3290 cite
896 3242 979 3291 sendo

191 3337 221 3346 -
239 3311 390 3373 designatus
407 3313 496 3362 Alutae
513 3311 587 3364 Urbis
608 3315 719 3366 Senator
740 3323 825 3380 spect.
842 3320 936 3369 drictor
953 3326 980 3371 et

192 3401 288 3451 eques,
304 3401 333 3437 ac
350 3389 464 3440 dilectus
483 3390 550 3440 alvis
566 3397 661 3442 noster.
669 3396 700 3445 D.
710 3395 844 3456 Aposliaos
860 3398 889 3447 de
906 3398 982 3447 Vorti-

194 3479 234 3525 co,
245 3468 289 3529 qui
300 3467 326 3517 in
337 3467 547 3529 praesentiarum
565 3471 746 3532 proficiscitur
763 3474 796 3523 ad
812 3475 909 3525 dictum
923 3477 979 3537 eius

194 3547 376 3607 magistratum
389 3572 418 3582 -
430 3548 599 3609 gliprestiuo
616 3552 687 3611 ejulo
702 3564 717 3601 e
733 3552 833 3602 lavore.
846 3575 856 3597 ·
870 3559 982 3614 Virtus,

194 3626 253 3672 tom.
272 3623 302 3682 tt,
323 3635 350 3684 p.
367 3625 421 3684 ido,
439 3626 494 3674 tet.
517 3625 653 3686 Defuncto,
672 3642 739 3679 auno
757 3633 824 3682 tillo.
837 3633 980 3693 Augustino

192 3702 351 3764 praedicto,
367 3706 427 3764 post
452 3702 530 3752 officii
550 3704 721 3757 Senatoratus
743 3710 982 3770 confirmationem,

194 3779 252 3830 Dux
267 3780 422 3855 Barbarigus
441 3779 581 3831 Hermolao
605 3783 741 3843 Barbara,
763 3788 845 3849 legato
863 3788 981 3840 Venetia·

194 3872 251 3907 rum
270 3859 302 3908 ad
317 3858 480 3919 Pontificem,
496 3860 562 3910 lilios
579 3864 721 3923 spectabilis
733 3866 835 3915 Dootioi
849 3867 984 3929 Augustini

191 3937 221 3986 de
236 3937 327 3987 lonico
343 3938 405 3988 civis
420 3940 501 3989 nostrl
518 3938 647 3991 Tarvisiai
662 3943 774 4006 defuncti
787 3949 923 4008 postremo,
939 3948 983 3999 So·

193 4017 402 4077 mariammes,
418 4021 594 4071 commendat.

236 4093 371 4145 Postremo
396 4098 552 4163 sciendum,
571 4112 669 4163 corpus
692 4102 809 4153 defuncti
834 4104 982 4156 Tarvisium

197 4172 343 4232 traslatum‚
360 4178 386 4224 et
404 4174 483 4225 nobili
500 4183 670 4229 monumento
687 4180 858 4242 decoratum,
879 4182 928 4232 hae
945 4185 986 4232 in·

196 4252 347 4314 scriptiones

434 4390 436 4394 ·
500 4369 557 4418 beo
573 4370 687 4420 Naxium

218 4447 376 4492 Aueusrum
391 4445 499 4494 voutcn
516 4445 542 4493 V.
558 4450 585 4495 c.
602 4451 681 4499 Pium
699 4452 726 4498 ι’.
743 4452 849 4500 toarsc.
865 4455 960 4512 Equtrt

228 4519 359 4579 coutrto.
375 4525 495 4573 coneris
511 4523 541 4572 lu
557 4528 649 4574 araus
666 4531 755 4576 cisra
771 4532 947 4589 turnanuons

529 4611 655 4653 vussino

243 4679 283 4727 Du
298 4681 405 4728 Parata
422 4682 532 4728 otrtuu
550 4683 661 4732 Moatra
678 4685 728 4740 Qut
740 4687 827 4742 Quota.
844 4687 939 4734 iiountt

447 4760 568 4806 saunari
588 4757 742 4809 lurccssar

250 4824 253 4832 '
284 4837 348 4881 aaa.
365 4837 485 4883 erraris
500 4834 586 4884 qult.
605 4838 689 4883 utras.
707 4845 744 4884 rx.
762 4842 791 4886 u.
808 4839 886 4886 xttx.

197 4989 380 5038 Tanatutvrr
391 4994 466 5051 parvo
478 4992 602 5039 Garrire
619 4992 775 5041 dccccxc.
792 4997 902 5043 Pnsrar.
921 4998 983 5043 sax.

394 5071 537 5118 reuocatas.
555 5068 616 5117 vtlt.
634 5067 713 5118 Pnar.
729 5073 798 5119 Max.

275 5145 377 5191 Pttnns
394 5149 534 5194 Aurasius
550 5147 733 5195 nteaosrnns
749 5148 773 5199 F.
789 5152 911 5198 errssrur

357 5223 487 5273 bernero
503 5224 531 5272 in
549 5227 674 5273 paratura
692 5228 824 5276 corrone

491 5303 520 5352 ii.
538 5305 570 5351 tit.
587 5304 615 5353 li.
632 5304 660 5351 Ν.
677 5307 701 5352 s.

1714 259 1812 343 (itaq

1033 399 1217 461 caudatarias
1235 395 1404 458 eorumdem
1413 394 1610 455 Diaconorum
1622 394 1813 457 cardinalium

1032 511 1060 561 et
1081 498 1223 571 medicos3
1242 497 1312 558 alibi
1332 494 1393 570 sibi
1408 506 1556 572 tamquam
1578 495 1772 557 ecclesiastico
1789 509 1815 558 et

1032 599 1147 660 nullum
1168 597 1293 678 gradum
1310 597 1425 657 habenti
1444 597 1527 657 locus
1538 599 1745 659 convenienter
1761 597 1817 657 dari

1033 717 1090 759 non
1111 682 1220 779 potuit3
1239 716 1322 760 secus
1342 698 1414 756 siin
1436 696 1538 756 babitu
1557 715 1615 758 non
1636 698 1818 759 clericaliiu·

1034 799 1179 866 eedisset.
1458 786 1459 789 ¹

1077 899 1244 969 Dominica,
1260 896 1475 975 decimaquinta
1494 896 1561 957 dicti
1585 897 1692 956 mensis
1707 892 1820 957 novem·

1036 999 1106 1068 bris,
1129 1002 1156 1058 in
1180 1015 1262 1058 mane
1285 996 1339 1057 SS.
1362 996 1398 1057 D.
1422 995 1456 1057 N.
1479 998 1633 1075 equitavit,
1654 1008 1684 1058 et
1706 1015 1772 1057 curu
1791 1016 1821 1058 eo

1037 1099 1072 1158 tt.
1091 1096 1127 1159 D.
1150 1097 1309 1159 Cardinalis
1331 1096 1363 1156 S.
1384 1097 1558 1170 Anastasius,
1582 1078 1611 1157 et
1632 1097 1683 1157 aiii
1700 1107 1756 1157 etc.
1775 1114 1821 1156 us·

1037 1218 1092 1276 que
1120 1199 1157 1258 ad
1184 1188 1308 1257 fluminis
1329 1198 1421 1276 ripam
1444 1197 1537 1257 Trans
1565 1197 1754 1269 Tiberinum,
1779 1197 1822 1256 ubi

1037 1300 1133 1360 navim
1166 1299 1292 1360 ascendit
1319 1297 1414 1358 iturus
1439 1298 1476 1356 ad
1501 1299 1639 1386 lindiam
1661 1297 1825 1359 Tiberiuaui

1038 1419 1124 1460 causa
1146 1399 1239 1460 solatii
1261 1407 1290 1461 el
1311 1398 1444 1459 Portum.

1080 1500 1189 1561 Eadem
1210 1499 1359 1572 die,.itora
1372 1500 1508 1579 vigesima
1523 1499 1621 1572 tertia,
1639 1498 1677 1557 tt.
1692 1499 1823 1559 Dominus

1038 1599 1197 1662 Cardinalis
1219 1598 1370 1672 Senensis,
1391 1600 1439 1677 qui
1463 1599 1507 1659 die
1533 1586 1685 1659 undecima
1710 1599 1823 1659 anteacti

1039 1702 1202 1764 novembris
1224 1701 1288 1760 anni
1308 1700 1431 1779 proximi
1452 1699 1601 1778 praeteriti
1622 1719 1657 1762 ex
1680 1699 1762 1761 Urbe
1782 1718 1825 1759 re·

1040 1804 1133 1874 cessit,
1144 1802 1295 1862 Perusiam
1318 1803 1426 1873 iturus,
1441 1802 1494 1888 ubi
1510 1799 1637 1878 laegatus
1659 1801 1824 1859 constitutus

1024 1913 1120 1974 erat,
1133 1914 1162 1962 et
1178 1901 1242 1960 inde
1257 1901 1291 1961 de
1307 1918 1400 1961 mense
1414 1900 1530 1978 augusti
1543 1902 1588 1961 vel
1605 1900 1686 1959 eirca
1700 1897 1824 1979 proxime

1041 2001 1195 2081 praeterito
1216 2001 1253 2062 ob
1282 2003 1367 2061 terias
1391 2001 1467 2060 venit
1488 2000 1634 2071 Romam,
1663 1999 1750 2061 rediit
1767 2016 1825 2059 cum

1041 2104 1139 2185 paucis
1149 2103 1218 2176 suis,
1232 2102 1299 2179 quia
1312 2102 1381 2160 alias
1392 2101 1526 2162 onmibus
1538 2102 1722 2180 promiserat,
1735 2111 1764 2160 et
1778 2117 1825 2159 uon

1041 2204 1097 2262 luit
1117 2220 1299 2280 equaquam
1319 2213 1474 2281 receptus,
1496 2204 1543 2262 vel
1564 2202 1746 2271 associatus,
1766 2217 1826 2259 cum

1015 2303 1139 2382 mullus
1162 2299 1225 2378 ejus
1253 2302 1363 2362 reditus
1392 2301 1468 2362 diem
1496 2301 1718 2380 praesciverat3
1747 2318 1825 2378 quem

1042 2403 1114 2463 seria
1132 2401 1267 2476 secunda,
1279 2402 1389 2462 decima
1403 2412 1480 2461 sexta
1495 2399 1623 2478 ejusdem
1639 2388 1828 2479 mensis,‘post

1043 2502 1196 2582 prandium
1230 2502 1382 2561 visitarunt
1413 2502 1509 2579 primo
1529 2500 1707 2571 Aleriensls,
1736 2499 1829 2560 deiude

1044 2601 1183 2681 Neapolit.
1206 2603 1291 2663 Faria
1310 2602 1406 2674 tertia,
1417 2603 1584 2663 diedecima
1606 2603 1741 2681 septima,
1751 2602 1830 2661 etiam

1042 2714 1107 2781 post
1128 2702 1292 2781 prandium,
1315 2701 1458 2776 Sabellus,
1482 2703 1642 2776 daaliensis,
1656 2703 1690 2763 de
1705 2702 1788 2763 Faxo
1806 2713 1830 2762 et

1043 2804 1260 2865 Beneventanus
1275 2805 1326 2882 qui
1346 2808 1507 2866 successiva
1534 2815 1676 2866 venerunt
1691 2848 1701 2878 ,
1716 2816 1744 2865 et
1767 2804 1831 2863 insi-

1046 2908 1107 2966 mul
1131 2923 1228 2967 omnes
1252 2917 1449 2978 recesserunt,
1470 2906 1533 2965 aliis
1554 2905 1655 2966 diebus
1683 2905 1832 2965 visitarunt

1047 3006 1151 3085 ipsum,
1173 3016 1201 3066 et
1219 3005 1399 3083 aliiquidam
1420 3004 1598 3077 cardinales,
1617 3007 1692 3066 inter
1716 3024 1789 3083 quos
1808 3014 1833 3065 et

1046 3105 1208 3168 Cardinalis
1235 3107 1333 3166 Sancti
1355 3106 1446 3166 lilarci
1474 3110 1558 3167 venit.
1586 3105 1676 3177 ¹Curd.
1708 3105 1834 3166 Senensis

1046 3208 1165 3287 singulis
1186 3207 1301 3267 obviam
1325 3207 1450 3269 venitin
1474 3208 1610 3267 mantello
1639 3206 1727 3268 brevi
1750 3224 1833 3285 super

1048 3308 1211 3376 rochettum
1230 3306 1403 3386 etdestrper
1420 3308 1599 3387 cappuecino
1619 3318 1649 3367 et
1670 3324 1771 3367 onmes
1784 3304 1833 3365 de·

1048 3427 1154 3488 ponere
1175 3407 1245 3469 lecit
1267 3426 1371 3486 cappas
1393 3425 1460 3467 cuut
1481 3426 1515 3467 ex
1537 3426 1613 3485 equo
1624 3407 1836 3478 descenderent,

1049 3512 1094 3570 vel
1116 3510 1331 3588 cumprimum
1355 3509 1418 3567 illos
1437 3508 1590 3586 reciperet,
1605 3506 1836 3587 exceptoCurdi·

1048 3612 1111 3671 nale
1134 3609 1233 3669 Sancti
1255 3608 1420 3687 lilarci,qui
1436 3627 1555 3687 cappam
1578 3602 1724 3671 dimittere
1747 3609 1835 3669 noluit

1050 3731 1140 3789 usque
1157 3713 1185 3770 in
1201 3728 1345 3794 cameram
1364 3709 1535 3782 cardinalis,
1550 3709 1613 3783 ubi,
1624 3728 1681 3769 non
1698 3710 1833 3789 primum,

1052 3811 1198 3892 deposuit,
1215 3821 1332 3871 retento
1354 3810 1490 3871 continuo
1508 3810 1642 3870 mantello
1661 3827 1715 3889 per
1735 3808 1836 3870 Cardi-

1050 3914 1142 3973 ualem
1165 3912 1327 3995 senensem.
1793 3990 1799 4000 Ι

1093 4014 1179 4074 Faria
1193 4008 1309 4090 quarta,
1326 4012 1436 4073 decima
1454 4023 1557 4078 actara
1578 4012 1647 4072 dicti
1669 4013 1773 4073 mensis
1787 4029 1836 4072 nn·

1053 4114 1189 4187 remoris,
1209 4113 1263 4173 SS.
1285 4114 1321 4172 D.
1337 4112 1372 4173 N.
1385 4133 1419 4173 ex
1437 4113 1536 4174 Hostia
1548 4124 1576 4175 et
1587 4113 1680 4174 Portu
1694 4113 1835 4183 Tiberino,

1052 4215 1100 4274 ubi
1122 4233 1207 4275 causa
1224 4214 1317 4274 solatii
1339 4213 1404 4287 luit,
1424 4213 1508 4275 rediit
1529 4214 1557 4273 in
1578 4215 1662 4285 navi,
1677 4224 1707 4274 et
1723 4232 1792 4274 cum
1807 4229 1835 4273 oo

1051 4314 1116 4375 itit.
1155 4315 1217 4374 DD.
1245 4313 1412 4374 Cardinaies
1434 4314 1716 4388 vicecancellarius,
1745 4313 1835 4374 Sancti

1055 4415 1136 4478 Petri
1162 4415 1198 4473 ad
1223 4414 1371 4485 Vincula,
1398 4412 1632 4493 andegavensis,
1658 4426 1689 4476 et
1721 4412 1834 4479 Sanciae

1052 4516 1240 4587 Anastasius,
1260 4523 1289 4574 et
1313 4513 1432 4593 praelati
1452 4517 1638 4594 quamplures
1649 4536 1659 4586 3
1688 4515 1832 4594 prandium

1051 4616 1120 4677 iecit
1131 4617 1199 4676 olio
1218 4614 1379 4695 Moqiionn
1392 4610 1448 4696 (2),
1460 4627 1487 4675 et
1499 4614 1598 4675 deinde
1620 4615 1649 4673 in
1666 4616 1733 4674 nari
1744 4614 1831 4675 eadem

1054 4717 1129 4777 venit
1150 4713 1296 4792 usquead
1323 4715 1416 4793 ripam
1443 4715 1689 4775 Transtiberinam
1720 4714 1831 4774 ubido·

965 4826 971 4835 “
1053 4814 1163 4876 scandit
1176 4832 1216 4892 ,ex
1238 4832 1331 4886 nave,
1349 4815 1476 4875 ascendit
1494 4833 1624 4894 equum,
1643 4825 1672 4877 et
1693 4815 1776 4877 rediit
1802 4810 1830 4871 ad

115 4974 119 4977 .
195 4907 294 4958 SENAT·
311 4913 488 4961 Mtutstuaru
506 4915 640 4961 FDNGBNS
657 4916 746 4962 Vtrttl
764 4915 879 4974 QUOQUE
896 4925 983 4966 tranat

1056 4915 1193 4996 palatium
1215 4931 1300 4974 suum
1324 4915 1400 4993 apud
1422 4915 1560 4976 Sanctum
1583 4915 1716 4976 Petrum.

1093 5018 1179 5078 Faria
1199 5027 1287 5089 sextu,
1307 5015 1443 5095 vigesima
1460 5015 1527 5077 dicti
1548 5016 1649 5077 mensis
1666 5014 1829 5082 novembris,

1053 5115 1088 5176 tt.
1110 5116 1145 5177 D.
1169 5116 1331 5179 Cardiualis
1365 5117 1496 5179 Senensis
1527 5130 1591 5178 aute
1611 5117 1716 5177 horam
1741 5112 1829 5178 Consi·

1092 5303 1128 5362 (2)
1143 5296 1317 5348 Latilundium
1335 5296 1360 5345 v.
1379 5258 1480 5346 milliar.
1500 5296 1533 5345 ab
1546 5294 1612 5346 Urbe
1630 5296 1738 5348 distans.
