3780 6030
192 272 232 332 os
675 255 956 332 consulemus
978 265 1202 361 insuasum
1225 266 1380 330 aaran

99 404 101 407 ’
189 403 278 482 hujus
298 405 341 468 rei
362 405 513 466 veritatem
535 405 727 484 perquirere,
754 414 783 465 et
809 403 934 466 intellexi
955 422 972 462 a

189 509 258 581 suis,
274 507 367 586 ipsum
378 504 489 567 Ducem
509 505 538 565 in
560 506 654 584 capite
670 506 778 566 laesum
799 516 973 576 attonsum,

82 662 83 665 ,
189 605 334 685 quoddam
357 607 495 666 cirottum
522 605 629 666 habere
662 605 745 665 valde
772 604 920 676 deforme,
940 620 975 666 ex

189 728 247 786 quo
261 707 389 767 biretum
404 694 546 785 deponere
566 722 624 764 non
645 716 738 784 posset
749 726 759 777 3
772 701 861 781 jussit
874 704 975 767 deinde

189 808 319 868 Pontifex
345 805 456 866 Ducem
478 822 620 884 snt·gere,
641 816 669 866 et
692 806 790 865 locum
811 806 865 883 ipsi
887 803 952 865 dari
964 827 974 877 3

188 925 275 985 quem
290 915 353 985 post
374 903 410 964 tt.
426 904 461 964 D.
481 904 637 964 Ascanium
660 904 795 964 ultimum
814 904 974 965 Diaconum

188 1006 371 1066 Cardinalern
393 1005 423 1063 in
445 1003 575 1065 scabello
596 1005 770 1065 cardinalari
791 1004 890 1066 sedere
911 1004 975 1064 feei.

189 1103 413 1185 Quamprimum
426 1104 498 1164 Dux.
516 1122 661 1167 camermn
683 1106 815 1179 intraret,
836 1123 975 1165 surrexe·

190 1218 259 1266 runt
280 1224 378 1267 omnes
399 1205 576 1279 cardinales,
597 1217 703 1268 stantes
723 1225 875 1285 quousque
901 1205 976 1266 Daci

188 1309 271 1368 locus
299 1306 384 1366 datus
410 1317 504 1389 esset:
526 1317 595 1367 tunc
621 1306 759 1368 sederunt
784 1326 883 1368 omnes
907 1326 976 1367 cum

188 1406 289 1480 Duce3
310 1418 339 1468 et
363 1408 456 1467 rocati
478 1417 545 1467 sunt
566 1407 674 1468 nobiles
694 1407 795 1480 Ducis,
823 1408 875 1485 qui
894 1425 978 1468 sera-

188 1509 280 1587 ginta,
295 1510 340 1568 rel
358 1509 449 1581 circa,
463 1508 591 1593 fuerunt,
608 1527 707 1568 omnes
726 1509 860 1569 cathenae
874 1527 979 1569 aureas

188 1608 226 1668 ad
246 1609 358 1669 collum
378 1607 525 1681 babentes,
546 1610 598 1686 qui
616 1609 724 1687 singuli
753 1609 853 1689 pedem
873 1608 977 1669 Ponti-

190 1707 251 1769 ficis
266 1720 335 1768 sunt
347 1708 468 1768 osculati
473 1729 484 1780 3
500 1725 559 1784 quo
572 1709 660 1781 facto,
674 1718 864 1769 surrexerunt
879 1726 977 1770 ornnes

189 1808 358 1870 cardinales
373 1819 401 1868 et
417 1808 472 1868 88.
489 1808 523 1867 D.
537 1806 573 1867 Ν.
588 1809 733 1870 ordinavit
747 1810 825 1888 quod
839 1809 903 1869 lttt.
914 1810 976 1870 DD.

192 1905 347 1988 Magali
368 1919 398 1969 et
418 1908 557 1975 Ascanius
584 1909 721 1988 praedicti
748 1911 841 1989 ipsum
865 1909 977 1970 Ducem

190 2008 338 2088 usquead
361 2026 505 2069 camaram
526 2026 609 2069 suam
631 2010 685 2068 sibi
708 2010 737 2069 in
756 2009 867 2070 Palatio
887 2028 977 2089 para·

191 2121 273 2184 tam,
294 2127 370 2187 quae
390 2128 451 2171 esse
471 2111 545 2170 solet
565 2109 629 2170 llll.
650 2109 831 2184 camerarii,
850 2111 977 2172 associa·

191 2221 267 2281 rent,
281 2220 370 2288 prout
383 2208 493 2270 factum
507 2221 560 2284 est3
577 2209 624 2270 ubi
644 2210 672 2270 in
684 2223 807 2284 secreta,
822 2192 850 2272 et
865 2212 977 2286 ultima,

189 2328 249 2371 seu·
262 2309 423 2371 cubiculari
445 2327 536 2389 parva
550 2297 675 2386 camera,
694 2313 754 2391 ipso
769 2310 850 2374 Duce
872 2311 976 2374 ibidem

189 2411 316 2484 dimisso,
337 2413 391 2473 soli
413 2411 581 2473 cardinales
601 2415 661 2475 siue
683 2414 764 2477 Dure
785 2414 927 2487 exierunt,
948 2427 976 2477 et

189 2510 225 2568 ad
247 2510 346 2571 domos
366 2529 444 2582 suas,
466 2530 521 2571 una
543 2530 611 2573 cum
633 2514 766 2574 omnibus
786 2515 850 2574 aliis
870 2513 978 2575 Cardi-

190 2608 313 2681 nalibus,
333 2611 491 2672 redierunt.
514 2611 642 2700 sacrista
664 2614 759 2694 Papae
786 2614 978 2694 reprehensus

191 2710 246 2770 fuit
266 2730 283 2769 a
305 2709 516 2784 Cardinalibus,
533 2712 613 2790 quod
634 2714 777 2792 pluviale,
797 2724 825 2774 et
845 2715 900 2774 alia
923 2733 977 2793 pa·

190 2820 321 2887 ramenta
341 2809 488 2872 Pontificis
503 2825 661 2894 paraverat
674 2836 685 2887 3
706 2813 795 2875 credo
808 2825 905 2875 autem
921 2813 983 2875 bo-

190 2911 296 2972 nestius
316 2912 419 2986 fuisse,
441 2913 520 2990 quad
538 2905 617 2993 Papa
632 2914 661 2973 in
681 2916 754 2975 stola
777 2916 870 2994 ipstnn
893 2932 977 2976 rece·

190 3013 278 3090 perit,
297 3030 386 3090 quam
405 3011 433 3071 iu
452 3012 584 3090 pluviali,
603 3031 672 3074 curn
686 3016 715 3075 in
735 3015 905 3076 consistorio
919 3032 977 3075 nnn

190 3113 315 3184 venerit,
337 3129 428 3190 neque
449 3110 537 3172 suerit
559 3115 781 3187 consistorium,
802 3116 850 3175 sed
871 3115 979 3176 cardi-

191 3214 291 3281 nales,
313 3222 425 3271 tantum
452 3230 506 3289 pro
537 3212 647 3275 honore
668 3213 840 3288 Pontificis,
868 3216 978 3276 fuerint

191 3309 295 3374 ibidem
322 3315 512 3393 congregati,
542 3334 599 3376 non
625 3335 681 3395 pro
702 3316 871 3377 consistoria
890 3334 979 3395 pera·

192 3413 294 3488 gendo.
317 3411 425 3475 Omnes
451 3416 534 3476 aulae
563 3416 690 3489 Palatii,
711 3436 746 3502 ac
766 3417 868 3479 ambae
894 3419 978 3478 aulae

192 3522 417 3575 antecameram
436 3517 634 3594 apostolicam,
649 3529 679 3578 et
696 3535 811 3578 camera
828 3519 890 3598 ipsa
909 3537 977 3578 com

192 3611 256 3672 aliis
276 3614 459 3691 sequentibus
481 3615 583 3689 tribus,
605 3619 760 3696 perpulcre
778 3630 896 3697 paratae
912 3620 979 3682 fue·

193 3725 264 3772 rant
285 3714 384 3791 pannis
404 3713 445 3798 de
468 3732 585 3788 arsam,
604 3727 633 3777 et
659 3715 721 3776 aliis
748 3719 859 3797 pulcris
888 3739 979 3799 usque

192 3825 255 3891 post
276 3833 420 3876 recessum
442 3813 540 3876 Ducis.

233 3913 286 3975 Die
306 3916 456 3987 mercurii,
477 3934 527 3977 seu
549 3929 653 3995 quarta
674 3918 817 3989 serinii.
838 3923 918 3996 maii,
932 3923 979 3980 ri·

192 4016 261 4094 pilia
281 4015 460 4078 tseemtonis
481 4015 516 4077 D.
536 4015 570 4077 Ν.
590 4017 658 4078 lesu
678 4013 796 4091 Christi,
816 4018 887 4080 hora
907 4040 979 4083 coo·

190 4128 282 4188 sueta,
296 4117 416 4178 fuerunt
432 4136 568 4198 resperas
589 4119 703 4199 papales
721 4118 749 4178 in
767 4122 895 4200 cappella
914 4142 979 4183 ma-

190 4233 249 4294 gna
279 4214 393 4289 Palatii,
424 4216 502 4296 Papa
528 4229 676 4297 praesente
708 4218 779 4279 albis
808 4225 980 4299 paramentis

191 4326 305 4376 ornato.
323 4315 401 4397 Papa
425 4317 494 4378 fecit
514 4318 652 4390 officium,
676 4330 764 4397 prout
795 4320 822 4380 in
854 4324 979 4401 vesperis

191 4416 287 4478 facere
308 4417 456 4478 consuerit
468 4439 478 4490 3
500 4418 631 4478 interfuit
651 4419 737 4479 etiam
764 4421 809 4483 ΙΙΙ.
836 4421 979 4485 Hercules

191 4518 346 4579 Ferrariae
366 4517 443 4589 Dux,
456 4519 504 4596 qui
526 4519 620 4580 eundo
641 4532 669 4582 et
689 4521 834 4583 redeundo
855 4524 891 4582 ad
906 4543 979 4605 cap-

191 4619 309 4700 pellam,
325 4630 359 4680 -et
380 4619 415 4680 da
436 4618 576 4698 cappella,
596 4620 649 4679 ivit
668 4632 733 4699 post
753 4622 878 4685 Crucem
900 4626 978 4686 solus

191 4732 257 4782 ante
276 4739 375 4781 omnes
401 4719 576 4781 cardinales.
604 4720 636 4780 ln
661 4724 789 4802 cappella
816 4727 894 4785 stetit
915 4722 978 4805 post

192 4821 228 4882 ll.
243 4821 281 4883 D.
295 4821 449 4882 Ascanium
466 4820 602 4882 ultimum
615 4822 777 4883 Diaconum
785 4822 982 4884 cardinalem

190 4924 235 4983 Ad
257 4922 381 5002 gradum
403 4921 569 4982 inferiorem
591 4921 675 4994 sedis,
696 4942 761 4984 seu,
777 4924 841 4983 solii
862 4922 977 5003 Papae,

191 5043 225 5083 ex
245 5023 380 5085 mandato
398 5020 510 5102 Papae,
531 5021 595 5084 dedi
621 5023 718 5084 locum
739 5023 836 5102 Magg.
849 5022 909 5083 DD.
923 5025 977 5085 st-

192 5123 274 5186 berlo
295 5126 378 5186 fratri
399 5124 535 5186 bastando
549 5124 652 5195 Ducis,
666 5125 701 5184 D.
724 5125 864 5203 Corrigii,
883 5124 918 5186 D.
941 5126 976 5188 de

191 5224 291 5305 Carpi,
306 5225 342 5286 D.
357 5225 528 5305 Theophila,
539 5224 646 5286 Camiri
661 5224 784 5285 lobanni
807 5224 841 5286 de
856 5222 977 5302 Baiano,

192 5335 226 5386 st
241 5324 396 5387 secretario
417 5325 519 5398 Ducis,
548 5325 599 5401 qui
619 5325 705 5388 etiarn
726 5335 769 5386 est
791 5325 893 5388 nobilis
913 5329 976 5391 Do·

1726 264 1830 351 (tran

1043 403 1139 463 minus
1160 400 1499 464 castrorumhttoram
1519 411 1618 463 autem
1638 402 1780 472 militum,
1805 413 1831 463 et

1043 502 1181 580 praedicti
1213 502 1302 562 Ducis
1339 501 1463 561 familiae
1495 501 1642 560 intrarunt
1674 503 1837 581 cappellam·

1042 602 1191 679 usquead
1215 617 1420 662 numerumn.
1445 601 1489 661 vel
1512 600 1601 673 circa,
1619 617 1720 662 omnes
1743 599 1832 662 hore·

1042 703 1164 764 stisaime
1183 704 1290 774 ornati,
1311 701 1446 762 cathenae
1464 719 1570 763 aureas
1590 700 1626 760 ad
1646 702 1759 762 callum
1781 702 1833 760 ha·

1042 801 1150 875 beatas,
1172 804 1222 882 qui
1242 813 1384 863 steterunt
1405 803 1476 862 recti
1497 812 1579 863 retra
1600 801 1750 861 barchum
1772 799 1832 862 DD.

1043 902 1105 962 DD.
1133 902 1331 967 cardinalium
1358 902 1628 982 Presbyterorum3
1656 900 1726 961 alia·
1741 903 1834 961 omnia

1043 1003 1195 1065 observata
1217 1013 1286 1063 sunt
1306 1022 1388 1064 more
1409 1014 1557 1065 consueto.
1579 1003 1654 1066 cam
1677 1001 1735 1062 88.
1751 1003 1787 1061 D.
1800 1001 1833 1064 Ν.

1043 1102 1183 1184 inciperet
1213 1123 1346 1166 versum:
1370 1103 1424 1165 Sir
1451 1122 1560 1165 nomeu
1582 1104 1716 1165 Domini
1745 1104 1836 1164 bena

1046 1203 1187 1277 dictum,
1212 1223 1267 1284 pro
1288 1204 1484 1265 benedictione
1509 1203 1623 1288 danda,
1644 1202 1835 1283 gertudeetere

1045 1304 1090 1364 lll.
1113 1303 1225 1367 Ducem
1247 1305 1440 1385 praedictum,
1461 1316 1490 1365 et
1513 1303 1571 1366 hoc
1589 1304 1665 1367 idem
1686 1304 1835 1365 observari

1046 1406 1126 1466 solui
1155 1417 1214 1465 tam
1243 1406 1271 1464 in
1302 1404 1567 1477 benedictionibus,
1598 1403 1733 1464 videlicet
1760 1402 1835 1483 Papa

1045 1510 1218 1589 incipiente:
1249 1509 1423 1571 Praecidam
1450 1508 1630 1570 etmeritir
1658 1518 1728 1580 ete,
1750 1526 1834 1586 qoam

1046 1621 1109 1690 post
1130 1610 1268 1671 Missam:
1295 1609 1348 1671 Sit
1370 1629 1480 1671 stamen
1496 1608 1628 1672 Domini
1649 1621 1706 1671 etc.
1713 1631 1726 1680 3
1750 1610 1836 1671 etita

1045 1729 1143 1772 omues
1163 1711 1252 1783 laici,
1272 1711 1359 1770 etiam
1380 1711 1405 1770 si
1435 1709 1496 1772 Rex
1517 1720 1612 1782 esset,
1642 1709 1834 1789 genuflectere

1045 1810 1155 1872 debent.
1356 1808 1360 1813 ’
1791 1832 1794 1838 “

1087 1910 1196 1972 Diebus
1213 1910 1349 1990 peractis,
1363 1910 1417 1971 88.
1437 1910 1472 1971 D.
1491 1909 1525 1971 Ν.
1549 1910 1699 1971 mandavit
1718 1909 1836 1972 mihist

1044 2008 1284 2068 reformationem
1293 2006 1446 2087 cappellae
1456 2007 1488 2069 S.
1501 2008 1598 2070 Sonat.
1615 2007 1798 2079 ordinarem,
1808 2020 1832 2069 et
1856 2091 1859 2097 ¹

1045 2108 1073 2167 in
1095 2107 1208 2188 scriptis
1224 2108 1404 2187 redigerem,
1416 2127 1507 2187 quam
1525 2108 1557 2169 S.
1574 2108 1606 2169 8.
1625 2112 1654 2169 ia
1670 2111 1835 2172 consistorio

1044 2226 1206 2287 proponere
1227 2209 1439 2288 et'approbare
1466 2208 1636 2273 intendebat.
1657 2211 1730 2271 Feci
1751 2211 1834 2289 igitur

1046 2310 1125 2370 illam
1142 2309 1293 2388 registrari
1312 2309 1394 2369 tiara
1406 2311 1648 2371 caerimoniarum
1668 2329 1760 2372 manu
1779 2329 1833 2372 maa

1046 2409 1164 2488 propria
1187 2408 1312 2486 scripto,
1334 2409 1384 2469 foi.
1407 2426 1545 2473 nxxxxa
1569 2428 1656 2489 quam
1684 2411 1716 2470 S.
1746 2410 1779 2470 8.
1797 2410 1834 2471 de

1046 2510 1131 2572 lunae
1151 2510 1202 2571 il.
1225 2509 1319 2589 hujus
1336 2511 1364 2569 in
1394 2523 1506 2571 secreto
1529 2512 1704 2573 consistorio
1724 2529 1781 2592 per
1801 2509 1830 2570 ll.

1045 2611 1080 2670 D.
1099 2610 1282 2671 cardinalem
1301 2609 1456 2671 Sanamem
1471 2613 1569 2690 legere
1589 2611 1668 2683 fecit,
1683 2623 1832 2692 etappro-

1044 2710 1123 2771 bavit
1138 2711 1172 2772 de
1189 2711 1386 2772 cardinalium
1402 2728 1544 2772 conoensu
1559 2710 1593 2771 de
1609 2711 1704 2772 verbo
1714 2711 1753 2770 ad
1772 2724 1834 2773 rer·

1044 2811 1125 2884 bum,
1139 2822 1239 2890 'prout
1266 2811 1370 2872 ibidem
1393 2822 1511 2872 notatur
1538 2824 1570 2873 ct
1585 2811 1773 2873 observatur.
1795 2812 1832 2874 tls

1044 2931 1102 2990 qua
1120 2910 1236 2989 quidem
1259 2911 1463 2972 reformatione
1480 2921 1650 2985 extractum
1674 2913 1743 2984 feei,
1763 2911 1834 2975 etde

1045 3003 1182 3073 mandato
1202 3010 1234 3071 S.
1251 3011 1283 3071 8.
1304 3011 1368 3072 lili.
1387 3011 1448 3071 DD.
1467 3010 1679 3073 cardinalibus
1698 3014 1834 3076 vicecan-

1045 3116 1177 3187 cellario‚
1196 3112 1362 3185 Portuensi,
1381 3112 1656 3188 'l'usculanensi,et
1674 3112 1835 3197 ¹blisaaensi,

1044 3216 1215 3296 Episcopia
1226 3236 1236 3287 3
1258 3212 1472 3291 Mediolanensi,
1492 3213 1660 3288 Vermtensi,
1687 3213 1832 3275 Rachata·

1045 3316 1145 3390 nensi,
1167 3316 1347 3402 Turonensi,
1367 3315 1402 3382 de
1422 3314 1604 3389 Comitibas,
1624 3326 1654 3376 et
1676 3315 1832 3388 Parmensi,

1046 3417 1244 3497 Presbyteris
1254 3438 1266 3487 3
1290 3414 1420 3488 Senensi,
1438 3415 1472 3477 8.
1496 3415 1626 3496 Georgii,
1653 3414 1831 3489 camerario,

1044 3516 1080 3577 de
1098 3516 1232 3587 Sabellis,
1244 3514 1278 3577 de
1299 3514 1453 3590 Columna,
1468 3526 1497 3576 et
1516 3517 1650 3589 Ascanio,
1669 3515 1834 3588 Diocoair,

1046 3617 1102 3678 hoc
1128 3634 1210 3676 nrane
1231 3616 1419 3694 personaliter
1440 3617 1636 3696 praesentari,
1667 3618 1779 3677 tenoris
1805 3615 1834 3676 de

1047 3716 1138 3777 serbo
1151 3715 1188 3775 ad
1203 3715 1338 3787 verbum,
1352 3727 1442 3794 prout
1472 3717 1501 3776 in
1529 3716 1607 3776 dicto
1624 3716 1701 3777 libro
1721 3718 1772 3779 fol.
1790 3716 1833 3776 aa.

1046 3818 1233 3896 registratum
1239 3836 1250 3887 3
1273 3827 1405 3894 rogatus,
1422 3826 1452 3877 et
1469 3815 1505 3877 de
1524 3816 1660 3877 mandato
1675 3816 1732 3878 88.
1751 3820 1786 3878 D.
1804 3815 1833 3877 Ν.

1046 3920 1184 3978 mandans
1192 3916 1302 3995 ,quod
1330 3917 1388 3988 illa,
1416 3936 1469 3996 per
1491 3919 1647 3997 magistros
1682 3919 1833 3980 domorum

1046 4018 1306 4093 suarum,familiae
1320 4016 1462 4096 publicari
1475 4018 1615 4092 facerent,
1628 4030 1659 4080 et
1669 4038 1725 4101 per
1739 4038 1833 4082 omues

1046 4118 1196 4180 obseruari
1205 4140 1215 4190 ;
1233 4117 1310 4196 quod
1320 4118 1433 4195 singuli
1448 4136 1480 4179 se
1491 4118 1782 4182 facturos‘dixerunt

1087 4220 1172 4281 Faria
1191 4219 1303 4298 quinta,
1323 4218 1373 4278 84.
1402 4220 1505 4279 mensis
1525 4221 1593 4280 maii
1613 4221 1772 4300 praedicti,
1794 4223 1836 4284 fe·

1045 4332 1123 4382 stum
1136 4321 1316 4381 decensionis
1332 4320 1367 4380 D.
1382 4319 1417 4381 ti.
1432 4321 1500 4382 lesu
1514 4321 1635 4396 Christi,
1650 4321 1687 4381 ll.
1703 4322 1741 4383 D.
1760 4323 1835 4385 Car·

1046 4423 1148 4483 dinalis
1169 4421 1201 4482 S.
1224 4421 1380 4482 clementis
1404 4421 1482 4482 fecit-
1500 4422 1628 4482 odicium
1657 4423 1687 4481 in
1717 4423 1834 4484 basilica

1046 4523 1188 4602 Principis
1205 4523 1411 4601 Apostolorum
1426 4523 1454 4581 in
1470 4523 1645 4601 paramentis
1658 4522 1745 4595 albis,
1757 4521 1836 4603 Papa

1046 4633 1203 4704 praesente.
1219 4622 1349 4684 caudam
1365 4623 1501 4702 pluvialis
1516 4623 1612 4702 Papae
1627 4625 1759 4703 portavit
1772 4625 1839 4684 Dux

1045 4724 1198 4785 Ferrariae
1210 4722 1348 4800 usquead
1358 4721 1628 4801 scalasl’alatii3ubi
1639 4726 1720 4805 Papa
1732 4745 1837 4788 aseen-

1045 4825 1086 4886 dit
1107 4822 1298 4897 cathedram,
1319 4833 1347 4884 et
1373 4834 1507 4903 portatos
1535 4825 1590 4885 fait
1619 4826 1656 4885 ad
1686 4827 1864 4888 basilicae:

1044 4925 1222 5005 praedictam
1253 4941 1336 4985 mora
1361 4935 1506 4986 consueto.
1535 4926 1608 4987 Ante
1634 4927 1742 4988 ostium
1768 4949 1831 4991 ret

1044 5026 1180 5088 basilicae
1206 5023 1370 5104 praedictae
1397 5024 1538 5104 genuflexi
1566 5039 1650 5086 erant
1676 5027 1748 5088 nudi
1786 5029 1879 5089 du-

1044 5128 1120 5188 cives
1148 5126 1360 5198 bononienses,
1385 5143 1509 5204 quorum
1539 5127 1614 5188 alius
1642 5139 1708 5190 ante
1739 5131 1821 5210 plu
1867 5150 1881 5153 ’

1044 5246 1153 5290 menses
1181 5223 1401 5289 Confalonerius
1423 5225 1552 5304 justitiae
1581 5229 1710 5290 civitatis
1738 5231 1823 5293 Dono

1043 5331 1146 5392 niensis
1166 5316 1309 5403 existens,
1330 5329 1402 5390 duos
1422 5328 1630 5408 presbyteros,
1649 5347 1742 5391 untrm
1773 5350 1805 5391 sa
