3758 6030
176 281 238 344 282

660 271 946 337 PONTlFch‘lUS
966 271 1191 335 thuxtnnm
1211 271 1337 336 SEXTl.

1703 271 1814 356 (reon

174 416 211 475 ad
241 414 401 495 cappellam
432 411 620 493 praedictam.
643 410 717 473 Iler.
740 409 774 471 b.
796 408 959 471 cardinalis
1026 408 1054 470 ¹et
1074 424 1213 489 sperare,
1233 410 1312 488 quod
1327 406 1392 486 ejus
1410 408 1505 470 taedio
1523 429 1579 490 par
1593 410 1676 471 inter·
1691 409 1814 472 Sancti-

175 516 276 577 Saucti
298 512 453 577 clementis
474 511 544 574 lecit
559 511 685 572 officium
706 511 734 570 in
756 509 885 570 oratione
905 524 961 589 pro
1026 502 1114 571 tatem
1136 510 1229 571 Suam
1250 522 1278 572 et
1295 511 1445 572 illustriss.
1461 507 1643 573 hadaricum
1661 511 1744 572 Earii
1758 512 1813 573 istc.

174 616 351 696 lmperatore
373 613 479 674 nostro
496 611 699 672 maximiliano.
723 608 796 668 Nam
817 627 885 669 cum
906 627 960 688 ego
999 609 1004 614 ’

176 734 259 776 mane
291 733 378 794 super
409 713 464 774 hoc
486 713 661 784 dubitarem,
684 709 864 789 interrogari
894 707 958 769 ltu.

174 818 237 879 bn.
277 814 473 887 Alexandrini,
498 812 735 892 cartaginensis,
756 819 786 870 et
807 809 959 883 Senensis,

122 928 124 932 '
173 917 340 988 sententias,
355 914 405 993 qni
421 913 460 973 ita
474 913 608 974 dixerunt
623 911 776 972 dicendum
792 928 868 976 esse,
887 908 959 970 Rev.

174 1016 211 1079 D.
247 1013 441 1078 Alexandrino
476 1012 667 1093 subjungente
699 1009 777 1089 quod
818 1026 875 1068 non
906 1026 961 1086 pro

178 1119 259 1199 Rege
280 1117 328 1180 sed
360 1132 415 1196 pro
436 1115 612 1194 imperatore
644 1121 793 1187 tamquam
814 1105 961 1166 Ecclesiae

177 1221 320 1281 advocato
346 1220 383 1279 sit
413 1216 556 1278 orandum
571 1259 580 1289 ,
611 1225 640 1275 et
662 1211 741 1291 quod
774 1211 803 1270 in
831 1207 962 1270 Concilio

175 1319 387 1384 constanciensi
405 1335 474 1378 aum
498 1312 667 1377 recolendae
689 1311 845 1371 memoriae
866 1305 961 1387 Sigis-

176 1421 300 1483 mundus
333 1418 480 1478 llomanus
502 1415 564 1477 ilex
598 1411 726 1475 nondum
748 1418 905 1470 coronatus
925 1405 961 1466 ad

174 1523 296 1584 Petrum
312 1520 345 1582 de
357 1517 454 1591 Luna,
471 1516 656 1580 benedictum
671 1531 736 1575 xru
751 1519 960 1589 nuncupatum,

175 1641 231 1702 pro
255 1620 442 1699 extirpatione
456 1618 626 1678 scismatum
642 1615 818 1684 mitteretur,
832 1609 869 1669 ud
882 1606 961 1669 con-

175 1724 277 1783 cilium
293 1721 350 1794 ,in
371 1717 517 1780 Laetaniis
538 1716 637 1779 codem
659 1711 745 1775 modo
777 1730 831 1792 pro
861 1708 960 1770 codem

176 1824 269 1884 eleeto
286 1823 464 1900 Imperatore
479 1819 584 1888 orarit,
598 1826 687 1895 prout
705 1815 733 1874 in
745 1813 866 1874 sessione
878 1826 960 1871 xvn.

178 1920 306 2000 ejusdem
326 1920 446 1983 concilii
469 1920 643 1982 continetur.
662 1914 741 1995 Papa
761 1910 866 1974 obtulit
886 1927 962 1970 cru·

180 2042 242 2085 cem
262 2032 291 2083 et
308 2039 405 2083 xrtrr.
425 2020 546 2080 ducatos
565 2018 714 2098 duplices,
735 2014 834 2077 deiude
854 2010 908 2072 ivit
925 2010 960 2068 ad

180 2143 301 2205 parram
324 2125 482 2204 cappellam
502 2140 558 2203 pro
574 2116 792 2181 Sacramenta:
814 2112 961 2176 celebrans

177 2226 231 2285 ivit
252 2227 332 2286 solus
353 2236 416 2303 post
438 2222 605 2284 cardinales
626 2230 691 2280 ante
713 2216 822 2297 Papam
844 2222 873 2275 et
904 2212 961 2273 mi·

179 2326 312 2387 nistrarit
330 2326 359 2385 in
379 2342 472 2405 parra
494 2323 623 2402 cappella
644 2317 739 2399 Papae
761 2316 883 2376 calicem
903 2311 961 2372 Sa·

177 2427 340 2500 momenti,
362 2435 391 2487 ct
413 2426 497 2486 illum
528 2422 603 2503 apud
626 2422 717 2481 altare
738 2414 832 2493 majus
861 2414 898 2474 ab
927 2431 961 2473 eo

177 2530 308 2608 recepi13
330 2529 385 2587 alia
400 2527 495 2587 omnia
509 2525 662 2587 observata
681 2528 748 2580 sunt
765 2532 847 2576 nrore
865 2512 960 2574 solito.

177 2631 349 2692 Sermonem
370 2628 438 2689 lecit
458 2628 493 2686 D.
515 2624 658 2686 llartinus
679 2620 714 2681 de
735 2616 867 2679 nimtra.
892 2657 899 2672 .
922 2657 929 2672 .
952 2657 960 2672 .

179 2730 253 2793 Rev.
274 2730 311 2788 1).
333 2727 495 2791 cardinalis
514 2723 657 2786 Senensis.
696 2750 700 2762 ·

217 2831 302 2892 Faria
324 2847 364 2890 m.
386 2826 526 2899 Paschae,
548 2843 576 2905 p.
597 2822 702 2885 mensis
721 2817 831 2899 aprilis,
846 2813 902 2876 SS.
924 2812 960 2873 D.

177 2931 211 2994 lt.
235 2943 354 3012 paratus
374 2931 507 3000 amictu,
528 2926 614 2999 alba,
647 2922 785 3001 cingulo,
806 2914 962 2997 capuceino

176 3033 264 3106 albo,
296 3043 325 3092 et
345 3030 418 3091 stola
441 3027 594 3108 preciosa,
615 3021 852 3105 praecedentibus
874 3032 963 3091 cruce

176 3144 206 3194 et
226 3129 451 3203 cardinalibus,
473 3126 582 3189 medius
602 3128 678 3186 iuter
708 3121 871 3204 praedictos
896 3133 962 3176 suos

177 3245 304 3293 armatos
326 3230 404 3291 renit
435 3228 473 3289 ad
503 3226 654 3303 ecclesiam
687 3223 779 3284 dictae
801 3219 833 3281 S.
855 3216 963 3278 diarias

176 3334 322 3395 Minervae
340 3350 391 3410 per
414 3329 491 3388 viam
514 3313 615 3388 Sancti
637 3324 715 3398 Celsi
733 3320 864 3398 ,Turris
885 3316 963 3377 San·

177 3436 315 3515 guineae,
335 3433 458 3511 plateam
481 3425 604 3488 Sanctae
622 3424 731 3487 Mariae
752 3419 912 3484 Rotundae.
930 3417 962 3475 ln

177 3537 251 3596 ostio
268 3532 404 3595 eeclesiae
422 3529 476 3588 luit
497 3537 630 3607 receptus
650 3521 896 3606 processionaliter
911 3533 962 3596 per

177 3635 317 3705 Fratres,
338 3650 426 3692 cruce
448 3647 498 3705 per
523 3627 676 3689 Senensem
708 3624 745 3683 ad
773 3617 962 3683 osculandum

177 3735 231 3797 sibi
253 3744 397 3814 porrecta.
423 3730 513 3793 Facta
536 3727 666 3788 oratione
681 3725 710 3783 in
725 3718 883 3783 faldistorio
898 3725 963 3776 ante

177 3838 269 3898 altare
285 3881 293 3908 ‚
312 3831 439 3914 deposito
460 3828 600 3910 capuccio
617 3871 626 3900 ,
646 3823 757 3903 accepit
771 3818 896 3901 pluviale
917 3817 963 3875 al-

178 3939 265 4010 bum,
280 3947 309 3997 et
327 3934 395 3995 lecit
416 3929 621 3993 consessionem
637 3944 705 3986 cum
726 3922 799 3982 llev.
824 3919 859 3979 Ῑ).
885 3916 963 3979 Iseo·

179 4026 256 4100 uello
277 4037 410 4121 episcopo
436 4029 647 4095 concordiense
671 4023 863 4086 celebraturo.
877 4019 963 4079 blissa

180 4140 256 4200 dicta
276 4148 319 4199 est
340 4135 375 4196 de
394 4131 622 4195 Annuuciatione
645 4128 743 4190 beatae
761 4122 871 4184 lilariae
892 4120 963 4181 Vir·

181 4240 256 4319 ginis
277 4257 345 4300 unna
369 4235 485 4298 Gloria
498 4233 533 4294 in
552 4230 706 4302 excelsis,
722 4246 789 4306 pac
811 4225 912 4295 uobis,
935 4233 964 4282 et

181 4358 240 4401 una
256 4340 384 4400 oratione
399 4346 521 4397 tantum.
538 4332 685 4394 Praelatio
701 4330 775 4391 inira
788 4328 914 4398 lllissam,
929 4323 963 4383 da

180 4443 263 4503 beata
284 4440 412 4519 Virgine.
433 4436 574 4498 Ascanius
595 4433 759 4496 cardinalis
780 4426 963 4491 vicecancel-

180 4544 271 4605 larius
292 4541 360 4602 lecit
391 4557 442 4620 per
464 4557 510 4599 me
531 4537 587 4597 dici
621 4533 767 4598 cardinali
789 4530 821 4591 S.
843 4526 963 4606 Georgii

182 4641 324 4705 assistenti
356 4640 430 4700 bunc
463 4659 523 4701 esse
552 4637 740 4723 singularem?
761 4629 984 4694 caerimoniam¹

181 4744 217 4804 ab
238 4762 272 4805 eo
287 4761 344 4804 non
359 4739 587 4822 praecognitam,
607 4738 697 4817 quod,
717 4752 784 4796 cum
800 4732 877 4834 Papa
893 4746 964 4790 eon·

180 4844 310 4905 cordiam
332 4843 433 4904 lecerit
452 4860 519 4901 cum
540 4839 620 4920 Rege
638 4837 833 4917 Neapolitano,
849 4832 963 4894 Missam

179 4946 305 5008 celebret
318 4945 466 5024 eplscopus
477 4939 702 5005 concordiensis.
714 4939 792 5017 Papa
807 4952 889 5007 vero,
905 4931 964 4995 boc

1026 609 1138 670 Ducem
1160 620 1384 690 componeretur
1400 633 1417 686 3¹
1433 610 1510 690 qtrod
1528 630 1596 672 cum
1618 612 1728 672 luctum
1748 611 1815 672 lue

1028 709 1079 781 rit,
1100 709 1240 771 celebrari
1256 711 1470 784 lucictlllissam
1489 731 1542 793 per
1560 711 1738 792 Episcopum
1754 711 1814 772 Pa·

1028 816 1152 883 cermem3
1175 809 1209 870 de
1230 828 1288 887 qino
1310 810 1386 871 idem
1408 813 1546 873 Ascanius
1567 813 1697 873 subrisit.
1719 813 1812 872 Finita

1028 909 1127 981 blissa,
1148 920 1178 971 et
1195 909 1393 974 benedictione
1410 932 1464 992 per
1485 911 1655 974 Pontificem
1671 913 1751 985 data,
1766 931 1815 974 at·

1027 1021 1176 1072 cesserunt
1208 1011 1326 1090 quidam
1358 1013 1394 1076 de
1424 1013 1662 1076 confraternitate
1691 1015 1815 1076 Annon·

1028 1111 1119 1172 elatae
1139 1129 1207 1172 oum
1228 1112 1332 1186 bacili,
1353 1124 1381 1173 et
1399 1113 1478 1193 Papa
1499 1114 1629 1190 obtulit,
1649 1126 1685 1176 ut
1716 1117 1814 1177 existi·

1028 1206 1117 1286 mavi,
1131 1230 1210 1278 xxv.
1225 1213 1344 1275 ducatos
1365 1225 1477 1294 etpost
1499 1234 1566 1277 enm
1588 1214 1758 1278 cardinales
1778 1219 1812 1278 ad

1027 1333 1129 1376 eorum
1152 1318 1421 1389 voluntatem31um
1440 1327 1708 1381 accessernutxru.
1728 1321 1813 1399 puel·

1027 1417 1071 1477 lae
1086 1434 1155 1476 enm
1170 1415 1322 1489 matronis,
1343 1416 1451 1495 quibus
1471 1417 1593 1497 singulis
1609 1419 1715 1498 puellis
1736 1418 1810 1499 Papa

1028 1517 1105 1580 dedit
1128 1517 1247 1577 bursam
1278 1536 1346 1578 cum
1366 1522 1546 1599 septuaginta
1570 1520 1698 1598 quinque
1728 1519 1814 1582 dore

1029 1619 1072 1679 nis
1092 1637 1146 1697 pro
1177 1616 1243 1678 dote
1265 1636 1346 1679 more
1366 1619 1460 1679 solito.
1484 1619 1536 1680 Eis
1565 1620 1714 1699 peractis,
1736 1619 1811 1699 Papa

1027 1739 1080 1800 per
1095 1720 1230 1790 Sanctam
1247 1719 1368 1779 Mariam
1388 1720 1416 1778 in
1433 1720 1478 1779 via
1496 1718 1590 1793 bata,
1609 1730 1638 1781 et
1653 1719 1720 1780 inde
1738 1731 1813 1780 recta

1030 1822 1098 1892 ria,
1121 1821 1201 1881 venit
1222 1821 1258 1880 ad
1279 1821 1430 1904 ecclesiam
1452 1820 1550 1884 beatam
1570 1821 1679 1882 blariae
1701 1820 1736 1882 de
1757 1820 1815 1881 Po·

1028 1924 1119 2002 pulo,
1141 1933 1203 1982 tum
1220 1941 1272 2001 per
1288 1922 1365 1981 viam
1385 1912 1586 1983 cardinalibus
1606 1924 1701 2001 ipsum
1725 1939 1813 1999 usque

1029 2025 1107 2085 ultra
1128 2034 1242 2104 pontem
1258 2023 1357 2093 Sancti
1368 2024 1469 2104 Angeli
1485 2024 1700 2086 associantibus.
1716 2025 1812 2084 lntcr·

1028 2124 1146 2186 luerunt
1157 2142 1242 2187 xxrt.
1259 2123 1435 2197 cardinales,
1453 2125 1585 2186 videlicet
1600 2123 1812 2204 Neapolitanus,

1029 2226 1243 2300 Ulinboneusis,
1264 2225 1492 2299 Racunatensis,
1520 2225 1678 2307 Episcopi
1683 2246 1697 2296 ,·
1721 2222 1815 2284 Sancti

1029 2326 1205 2400 clementis,
1225 2326 1398 2399 Januensis,
1417 2327 1605 2401 Parmensis,
1635 2328 1815 2390 Beneventa-

1030 2446 1102 2501 nus,
1123 2427 1228 2488 Montis
1241 2428 1371 2507 Regalis,
1393 2428 1534 2502 Ursinus,
1548 2429 1648 2489 Sancti
1671 2428 1813 2509 Dionysii,

1030 2529 1249 2600 Alexandrinus,
1265 2528 1475 2609 cartaginensis
1492 2529 1675 2613 Presbyteri
1675 2553 1689 2603 ,·
1706 2529 1815 2591 aaron·

1031 2629 1081 2702 sis,
1102 2628 1299 2703 Camerarius,
1321 2627 1466 2702 Sabellus,
1486 2628 1640 2704 Columna,
1661 2630 1815 2704 Ascanius,

1031 2729 1130 2791 Sancti
1153 2729 1284 2791 Severini
1301 2774 1309 2802 ,
1325 2728 1497 2791 caesariana
1513 2775 1521 2802 ‚
1536 2730 1719 2804 Grimauus,
1739 2717 1814 2790 Far·

1032 2832 1126 2891 nesius
1160 2839 1188 2891 et
1215 2827 1328 2891 Lunata
1361 2827 1510 2891 Diaconi.
1544 2828 1659 2892 clrorus
1680 2830 1813 2893 ecclesiae

1030 2932 1178 2993 Minervae
1198 2930 1249 2993 ubi
1271 2932 1363 2992 altare
1384 2928 1480 3006 majus
1498 2931 1585 3004 situm
1607 2943 1672 3003 est,
1694 2940 1813 3011 paratus

1030 3033 1087 3094 luit
1107 3033 1143 3092 ad
1169 3032 1258 3093 instar
1292 3033 1437 3112 cappellae
1458 3042 1596 3104 nostrae,
1618 3031 1658 3098 ita
1692 3031 1770 3111 quod
1790 3030 1815 3090 in

1031 3152 1065 3196 eo
1087 3152 1184 3195 omnes
1200 3131 1375 3206 cardinales,
1389 3132 1529 3203 Praelati,
1542 3130 1704 3204 Oratores,
1722 3143 1753 3192 et
1770 3130 1815 3191 alii

1033 3233 1318 3306 collocatllnerunt,
1340 3243 1427 3312 prout
1449 3234 1542 3294 etiam
1570 3233 1640 3293 alias
1661 3231 1814 3311 aliquando

1032 3337 1142 3396 lactum
1166 3335 1231 3394 luit.

1073 3436 1159 3496 Feria
1178 3452 1234 3509 vn,
1256 3445 1360 3513 quarta
1380 3434 1449 3496 dicti
1471 3437 1575 3498 mensis
1593 3436 1706 3515 aprilis,
1722 3437 1751 3496 in
1772 3454 1815 3494 sa·

1033 3538 1129 3598 cristia
1162 3536 1325 3597 monasterii
1357 3534 1458 3597 Sancti
1489 3536 1573 3597 Pauli
1605 3547 1688 3598 entra
1719 3554 1814 3597 muros

1031 3637 1137 3710 Urbis,
1157 3635 1230 3697 licr.
1253 3636 1282 3695 in
1310 3635 1425 3698 Christo
1456 3637 1490 3696 P.
1522 3638 1558 3698 l).
1590 3635 1816 3717 christophorus

1032 3736 1191 3817 Episcopus
1210 3734 1422 3808 claudatensis‚
1438 3736 1472 3798 de
1491 3737 1626 3797 mandato
1645 3736 1702 3797 SS.
1727 3736 1763 3796 l).
1781 3732 1811 3796 N.

1032 3836 1149 3918 Papae,
1172 3846 1204 3895 ut
1223 3837 1370 3907 asseruit,
1390 3837 1444 3895 sibi
1464 3837 1563 3909 lacto,
1585 3836 1649 3896 litt.
1681 3836 1719 3897 D.
1748 3837 1813 3898 tte·

1032 3936 1173 3998 raudrum
1210 3935 1384 3997 Sanctorum
1416 3936 1512 3998 cosmi
1539 3948 1566 3998 et
1594 3936 1755 4010 Danaiani,
1785 3935 1815 3996 dc

1032 4037 1170 4098 Faruesio
1191 4047 1415 4114 nuncupatum,
1441 4036 1601 4098 Diaconum
1638 4036 1815 4100 cardinalem

1033 4140 1155 4218 primam
1171 4147 1322 4197 tonsuram
1337 4148 1449 4197 tantum
1464 4136 1626 4209 habentem,
1640 4136 1677 4196 ad
1693 4150 1815 4215 quatuor

1034 4234 1159 4315 majores
1173 4247 1239 4317 post
1254 4236 1457 4318 Kyrieleyson,
1474 4249 1503 4299 et
1521 4236 1557 4297 ad
1582 4236 1815 4299 subdiaconatum

1033 4338 1301 4419 maturationem,
1322 4349 1351 4398 et
1371 4337 1553 4419 diaconatum
1584 4350 1650 4399 ante
1682 4339 1816 4418 alleluya,

1033 4439 1179 4499 ordinarit
1200 4440 1229 4498 in
1250 4439 1343 4499 lorma
1365 4438 1511 4501 Ecclesiae
1529 4433 1683 4512 consueta,
1706 4440 1817 4501 coales-

1033 4539 1112 4600 sione
1130 4538 1213 4617 prius
1228 4557 1280 4617 per
1297 4538 1404 4617 ipsum,
1419 4539 1493 4599 inter
1510 4539 1677 4601 cardinales
1690 4539 1814 4601 medium

1033 4650 1177 4709 stantem,
1196 4639 1272 4699 lacta
1283 4661 1293 4711 3
1327 4639 1522 4718 praetermisit
1541 4640 1686 4701 orationes
1709 4641 1816 4701 iustru-

1034 4739 1140 4800 ctiones
1157 4750 1187 4798 et
1201 4738 1429 4813 admonitiones,
1450 4750 1479 4801 et
1499 4739 1557 4799 alia
1577 4739 1647 4799 lecit
1668 4758 1753 4800 more
1770 4757 1815 4799 so·

1034 4840 1095 4898 lito.
1116 4837 1159 4898 ad
1182 4836 1364 4899 offertorium
1385 4838 1552 4900 Cardinales
1574 4840 1638 4919 ipsi,
1659 4858 1738 4899 unus
1758 4849 1817 4919 post

1033 4940 1144 5013 alium,
1168 4952 1273 4999 ¹coram
1304 4939 1467 5001 celebrante
1487 4939 1629 5020 genuflexi
1653 4940 1818 5000 obtulerunt

98 5125 102 5130 ,
180 5066 208 5105 ιι·
229 5046 307 5108 dicto
344 5044 496 5107 cardinale
531 5043 696 5114 intellecto,
730 5038 799 5099 iecit
832 5053 883 5114 per
917 5052 963 5094 me
1033 5040 1057 5099 ei
1079 5038 1151 5098 ddas
1172 5039 1302 5098 succulas
1337 5050 1468 5114 tantum,
1502 5041 1570 5118 quia
1600 5058 1657 5100 nou
1689 5039 1816 5100 lecerunt

178 5148 302 5210 Ascanio
322 5145 494 5227 respondere
521 5143 550 5203 id
583 5161 639 5203 nou
661 5138 893 5221 praecogitasse,
915 5133 963 5201 sed

180 5268 197 5306 a
220 5267 288 5308 casu
306 5251 417 5310 lactum
439 5267 517 5308 esse:
541 5263 643 5306 verum
665 5262 695 5304 se
716 5241 829 5322 ingenio
855 5258 888 5297 oc
911 5236 964 5296 de·

1033 5137 1095 5199 lieri
1125 5138 1273 5199 intorticia
1292 5139 1425 5212 baridia,
1458 5149 1486 5201 et
1516 5159 1626 5221 panes,
1665 5139 1736 5200 licet
1767 5156 1818 5217 ego

1033 5240 1081 5299 illa
1103 5238 1166 5300 lieri
1197 5238 1299 5301 debere
1324 5240 1365 5300 eis
1390 5240 1471 5321 prius
1497 5240 1625 5301 dixerim.
1662 5239 1816 5302 celebrans

183 5348 298 5414 rotione
323 5347 452 5430 ejusdem
484 5347 598 5409 Ascanii
628 5343 789 5408 cardinalis
819 5339 962 5404 confidere
994 5297 998 5407 1
1033 5339 1109 5404 dedit
1129 5359 1230 5421 pacem
1249 5340 1299 5401 uni
1313 5352 1376 5423 post
1398 5344 1488 5404 alium
1507 5342 1663 5416 similiter,
1685 5351 1715 5404 et
1735 5357 1815 5403 com·
