3758 6030
183 212 245 275 m

182 349 365 429 sepulturam
388 347 479 408 bonae
492 343 649 417 memoriae
666 342 832 406 cardinalis
847 344 969 406 Tiraso·

183 450 321 521 nensis,et
332 446 435 507 babuit
447 445 522 506 duos
531 444 641 525 grados
654 455 778 505 tantum:
790 443 928 524 Episcopi
938 454 968 505 et

182 548 352 628 Presbyteri
374 546 543 608 Cardioalas
564 545 704 608 sederunt
724 544 760 604 ad
781 542 847 622 ejus
868 544 970 604 dexta-

183 667 259 722 rnm,
270 658 299 709 et
314 646 434 708 Diacani
448 644 617 707 cardinales
631 648 659 705 in
673 645 838 726 oppositum
852 662 968 718 eorum,

177 746 264 825 juxta
285 765 431 821 murum,
456 747 492 807 od
513 746 663 807 sinistram
685 746 810 826 episcopi
831 745 969 806 assisten-

187 850 245 924 tis,
273 858 306 912 et
330 840 416 910 Prior
439 847 682 928 Presbyterorum
709 847 738 908 in
765 845 892 907 scabello
914 863 969 907 suo

186 959 326 1012 consueto
341 949 416 1009 inter
435 946 544 1027 Papam
566 957 595 1008 et
608 948 727 1019 ditare,
744 943 887 1006 Oratores
902 944 970 1006 laici

184 1051 341 1112 ioseamoo
352 1048 539 1110 transversali
549 1046 633 1125 juata
647 1047 838 1108 cancelluma
852 1062 969 1105 scamno

184 1150 450 1231 Presbyterorum,
479 1160 510 1210 et
529 1147 745 1228 Episcopoaum
771 1145 970 1207 cardinalium

186 1268 281 1328 ,usqne
302 1250 338 1311 ad
359 1251 466 1315 ostium
484 1249 521 1308 ab
540 1249 598 1309 alia
613 1260 706 1328 parte:
725 1247 800 1308 inter
815 1247 921 1307 ostium
940 1253 971 1306 et

183 1369 339 1413 scamnum
361 1350 560 1412 Diacooorum
579 1349 777 1410 cardmalium
798 1347 854 1407 luit
875 1346 970 1407 simile

185 1470 336 1515 scamnum
357 1452 495 1531 positum,
518 1452 547 1510 in
569 1468 629 1528 quo
645 1449 745 1510 nullus
765 1448 849 1520 sedit,
869 1447 919 1508 sed
934 1446 970 1504 ab

169 1564 266 1629 extra
287 1553 550 1615 ibidemsteterunt
570 1552 708 1613 mulieres
723 1551 752 1610 io
774 1566 898 1610 numero
917 1565 971 1609 co·

186 1653 284 1733 piosa,
296 1670 371 1731 quae
385 1653 518 1733 perinde,
529 1663 628 1744 amoto
643 1654 721 1714 omni
740 1651 900 1723 obstaculo,
915 1669 972 1730 po·

185 1762 306 1816 tuerunt
324 1751 420 1817 videre
428 1736 605 1817 Pontificem
614 1766 642 1817 et
656 1754 753 1815 omnia
768 1771 841 1832 quae
856 1753 885 1812 in
899 1768 971 1831 eap-

186 1856 263 1933 pslla
276 1853 390 1916 liabent.
412 1849 585 1935 capitaneus
598 1853 748 1917 Ecclesiae
770 1853 836 1913 llus
857 1850 971 1926 Sorae,

184 1965 214 2017 et
231 1955 447 2021 contarenus
463 1975 552 2037 nepos
572 1957 668 2036 Papae
686 2001 696 2030 ,
714 1955 839 2017 Senator
859 1948 972 2026 Urbis,

186 2054 287 2117 cnido
318 2056 423 2119 &mes
443 2058 568 2120 Sanctae
588 2059 707 2131 Florae,
728 2056 824 2121 Julius
846 2054 972 2118 Ursinus

187 2156 277 2228 irater
296 2155 458 2219 cardinalis
477 2157 589 2233 Ursini,
609 2168 639 2219 et
660 2157 778 2236 quidam
797 2156 874 2217 alius
894 2154 972 2217 llaro

186 2254 323 2317 sederunt
347 2256 375 2318 io
397 2257 537 2336 amarius
559 2259 642 2331 solii,
664 2259 715 2319 alii
746 2255 878 2320 Berones
895 2273 972 2349 quo-

184 2373 255 2415 rum
276 2355 374 2416 adbuc
395 2357 482 2418 multi
505 2367 600 2431 erant,
621 2367 763 2419 steterunt
785 2374 853 2417 cum
874 2355 973 2434 paucis
995 2360 997 2364 “

186 2457 331 2518 scutiferis
363 2457 458 2537 Papae
480 2457 578 2517 intra:
597 2455 681 2535 juxta
713 2458 821 2519 ostium
853 2455 974 2515 cancelli

187 2556 367 2631 subdiaconi,
379 2555 531 2633 Oratores,
546 2569 576 2620 et
591 2559 698 2621 Clerici
716 2558 865 2621 Cameraes
876 2558 973 2618 Acco·

186 2656 252 2735 lyti,
273 2646 455 2718 cubicularii
475 2666 505 2725 et
525 2659 666 2719 Advocati
686 2658 822 2718 sederunt
842 2659 871 2717 in
892 2668 972 2717 terra

186 2773 270 2817 more
289 2769 438 2819 consueto.
460 2757 587 2820 Praelatl
607 2776 679 2819 raro
701 2755 843 2818 Oratores
864 2767 893 2818 et
921 2757 972 2817 alii

186 2858 309 2936 praelati
329 2859 466 2921 sederunt
490 2861 518 2919 in
539 2859 653 2921 sedibus
674 2860 703 2918 in
726 2859 817 2920 choro
830 2858 972 2919 Fratrum

185 2957 217 3018 io
236 2977 340 3020 eorum
359 2962 457 3041 cappis
472 2962 541 3022 satis
561 2962 752 3023 incommode.
773 2959 884 3021 Habuit
900 2977 973 3041 pro·

186 3068 286 3136 pterea
308 3078 423 3122 mecum
444 3063 532 3142 plura
555 3062 644 3123 verbo
668 3063 820 3142 epiecopus
840 3059 973 3121 Pacensis

189 3152 301 3219 Orator
324 3158 414 3239 liegis
434 3161 611 3241 Hispaniae,
633 3164 683 3239 qui
706 3161 734 3220 in
756 3159 849 3221 choro
877 3160 973 3240 Papae

193 3274 261 3317 cum
284 3261 458 3338 quibusdam
480 3263 541 3323 suis
562 3260 680 3341 collegis
691 3259 866 3321 Oratoribus
885 3280 974 3340 prae·

190 3356 257 3418 latis
277 3360 376 3423 sedere
398 3362 491 3424 voluit
511 3362 541 3422 in
559 3361 617 3422 alio
646 3379 765 3422 scamno
786 3362 973 3420 transversali

170 3453 273 3532 'justa
295 3462 437 3525 Diaconos
454 3463 621 3525 Cardinales
646 3465 749 3544 posito.
782 3461 925 3542 Respondi
945 3461 972 3520 id

191 3556 255 3620 fleri
283 3575 340 3622 non
367 3563 492 3637 debere,
514 3564 593 3644 quod
616 3566 670 3644 ipsi
690 3563 727 3624 ab
756 3563 819 3625 aliis
839 3563 973 3643 praelatis

188 3673 367 3740 separentur.

230 3762 326 3822 Finito
346 3774 443 3824 autem
464 3765 560 3826 allicio
580 3765 657 3826 idem
688 3764 822 3826 Pacensis
844 3766 909 3827 illos
938 3757 974 3826 de

189 3860 382 3924 Fraternltate
402 3866 561 3946 inculpavit
574 3911 584 3941 ,
597 3884 726 3929 asserens
747 3866 823 3946 ipsos
844 3865 974 3927 debuisse

188 3962 359 4039 ordinasse,
380 3966 457 4045 quod
474 3968 596 4047 praelati
617 3985 716 4029 omnes
737 3970 834 4029 locum
854 3949 973 4029 habuis·
1003 4043 1010 4059 Ι

188 4074 251 4124 seat
270 4066 300 4125 lo
322 4066 415 4128 choro
436 4086 504 4128 cnm
525 4067 681 4142 Ponticae,
704 4080 794 4149 prout
824 4087 899 4130 anno
920 4089 973 4130 su·

187 4166 294 4242 pariari
315 4185 346 4233 a.
366 4185 453 4230 oceo.
473 4187 627 4248 cxxxxiv.
650 4158 747 4232 tuerat
768 4170 972 4243 observatum,

188 4263 218 4323 in
240 4282 300 4342 quo
327 4269 394 4327 satis
416 4269 520 4329 bonam
544 4272 684 4332 rationem
707 4271 829 4346 habuit,
849 4281 878 4334 et
900 4272 972 4332 milii

187 4364 241 4443 ipsi
263 4365 587 4446 longe'convenientlns
610 4371 785 4445 videbatur,
805 4382 835 4432 et
859 4372 973 4433 videtur

189 4466 229 4525 sic
250 4461 338 4540 fieri,
359 4484 448 4544 quam
469 4470 545 4530 solos
564 4472 707 4550 praelatos
728 4491 745 4532 a
764 4472 857 4533 clioro
879 4473 974 4553 Papae

188 4584 339 4646 asperare,
361 4568 485 4629 maxime
517 4587 585 4629 cum
607 4570 717 4632 chorus
738 4574 797 4652 lpse
827 4585 885 4633 tam
908 4592 973 4634 am·

189 4670 257 4747 plus
278 4669 315 4731 sit
335 4679 363 4730 et
384 4669 526 4749 spatiosas
538 4713 547 4744 ,
569 4671 647 4748 quod
669 4672 696 4731 in
719 4691 753 4733 eo
774 4691 871 4735 omnes
889 4692 974 4735 com-

189 4770 274 4833 mode
295 4769 387 4832 locari
409 4770 526 4849 possint.
548 4770 687 4833 cantores
714 4773 805 4834 nostri
830 4783 973 4835 steterunt

188 4883 271 4934 retro
291 4873 406 4945 altare,
427 4871 548 4950 quidam
570 4891 604 4934 ex
625 4872 665 4934 eis
693 4874 724 4932 ln'
743 4873 974 4954 superpelliciis,

188 4972 307 5049 quidam
327 4974 396 5035 sine.
417 4972 514 5032 Finita
532 4972 641 5046 blissa,
663 4983 691 5036 et
713 4973 905 5035 benedictione
921 4993 973 5053 per

189 5070 297 5153 Papam
319 5073 407 5148 data,
428 5090 485 5136 non
508 5074 627 5135 luerunt
645 5074 730 5135 datae
762 5072 973 5158 indulgentiae,

188 5173 259 5246 qula
280 5174 308 5232 in
329 5186 415 5253 porta
432 5176 569 5237 ecclcsiae
591 5176 757 5256 publicatae¹
773 5173 893 5236 luerunt
908 5177 972 5256 pls·

188 5273 286 5334 nariae
306 5293 357 5354 per
380 5274 495 5335 Sistens
516 5273 626 5355 Papam
648 5273 794 5345 Quartam
823 5292 972 5340 conrasas

661 205 945 271 PON'l'lFlCATUS
966 206 1192 270 anaxaanffl
1213 205 1339 270 SEX'il.

1718 210 1828 297 (iras)

1033 364 1086 426 per
1107 345 1218 406 bullum
1246 343 1351 406 ibidem
1372 343 1494 404 affixam.
1528 343 1603 406 Tum
1633 360 1823 409 accesserunt

1034 445 1071 505 ad
1102 442 1272 509 Pontillcem
1294 445 1456 506 conirutres
1489 446 1737 508 amalratcrnitatis
1757 451 1820 509 An·

1034 545 1184 607 nunciatae
1221 562 1289 605 oum
1321 545 1422 618 bacili,
1445 545 1474 604 in
1510 564 1570 624 quo
1604 547 1684 628 Papa
1714 548 1825 612 obtulit

1034 647 1161 726 propriis
1193 644 1325 705 manibus
1358 643 1478 706 donnes
1510 664 1595 709 xxia.
1618 648 1646 707 in
1680 638 1760 710 auro
1782 650 1824 712 vcl

1034 748 1139 819 eirea,
1157 755 1189 805 et
1219 744 1254 804 O.
1276 745 1451 805 Franciscus
1482 745 1589 825 Borgia
1622 748 1823 812 cubicularius

1036 862 1107 904 suus
1132 844 1264 905 carlenos
1296 855 1413 906 centnm
1445 863 1536 907 noros
1559 847 1604 908 vel
1632 848 1726 910 eirea.
1749 848 1826 911 Oixit

1035 955 1129 1005 tamen
1151 956 1250 1024 posteo
1282 944 1357 1006 idem
1379 945 1414 1006 ll.
1437 947 1612 1009 Francircus
1639 948 1714 1010 milri
1737 950 1775 1012 ab
1794 971 1827 1014 eo

1036 1046 1154 1124 petenti,
1170 1045 1277 1125 Papam
1294 1045 1460 1113 nducatos
1481 1049 1511 1107 in
1532 1066 1609 1110 auro
1630 1050 1784 1125 obtulisse,
1797 1062 1826 1114 ct

1036 1145 1131 1225 ipsum
1159 1161 1207 1206 cc.
1232 1147 1382 1221 carlenos,
1413 1146 1490 1225 quod
1510 1167 1567 1228 ego
1597 1170 1633 1211 ea
1666 1141 1827 1229 ouantitate

1037 1262 1090 1322 per
1120 1262 1166 1306 me
1189 1245 1250 1304 visa
1273 1263 1376 1307 verum
1409 1266 1469 1308 osse
1487 1245 1622 1324 judicare
1654 1269 1714 1311 non
1736 1252 1826 1330 potui.

1036 1347 1227 1407 locauerunt
1249 1345 1349 1407 deinde
1371 1347 1455 1408 iidem
1477 1348 1640 1413 confratres
1661 1350 1700 1410 ad
1721 1351 1826 1412 cardi·

1037 1447 1138 1519 noles,
1160 1447 1210 1525 qui
1231 1446 1402 1508 obtulerunt
1418 1447 1546 1527 singull,
1567 1463 1655 1529 prout
1677 1452 1747 1532 ipsis
1761 1454 1825 1532 pla·

1038 1547 1108 1608 cuit.
1140 1547 1261 1608 interim
1281 1561 1466 1610 accesserunt
1488 1549 1546 1610 duo
1578 1552 1627 1610 alii
1662 1553 1825 1614 confratres

1038 1665 1106 1707 cum
1124 1648 1181 1707 alio
1201 1647 1289 1708 bacili
1302 1691 1312 1722 ,
1333 1658 1361 1709 et
1375 1648 1474 1708 bursis
1489 1666 1556 1711 xrs.
1570 1650 1603 1709 -in
1621 1669 1754 1729 quarum
1768 1656 1826 1714 sin·

1037 1749 1114 1827 gulis
1132 1758 1215 1808 erorrt
1235 1748 1360 1817 florenos
1375 1767 1471 1815 cxxv.
1493 1769 1629 1813 rornarrm
1645 1754 1675 1813 in
1692 1756 1822 1816 carleoos

1038 1867 1093 1928 pro
1114 1865 1182 1910 xva.
1205 1851 1309 1929 puellis
1341 1851 1532 1924 maritandis,
1563 1871 1638 1930 qnae
1662 1856 1824 1917 successive

1039 1961 1181 2011 venerunt
1200 1962 1266 2012 ante
1283 1950 1451 2013 Pontificem
1469 1970 1536 2013 cum
1550 1953 1672 2033 singulis
1688 1954 1825 2016 matronis

1039 2048 1156 2112 dextero
1171 2034 1258 2110 manu
1281 2052 1355 2131 ipsos
1380 2051 1570 2124 ducentibus,
1589 2053 1696 2130 quibus
1720 2055 1821 2134 puellis

1038 2133 1162 2230 singolis
1182 2152 1261 2232 Papa
1282 2151 1359 2212 dedit
1379 2153 1506 2232 singulas
1528 2153 1646 2226 bursas3
1663 2171 1739 2232 quaa
1761 2153 1826 2217 illae

1038 2254 1207 2332 recipientes
1236 2253 1445 2314 osculabantur
1467 2251 1568 2333 pedem
1598 2253 1695 2333 Papae
1716 2265 1828 2334 etpost

1038 2370 1087 2413 eas
1108 2352 1265 2416 Matronae.
1288 2355 1355 2426 Ouo
1376 2359 1454 2419 iacto
1474 2359 1606 2421 Pontifex
1626 2359 1698 2420 lecit
1717 2358 1827 2420 oratio·

1040 2469 1103 2512 nem
1138 2454 1168 2514 in
1199 2455 1358 2518 faldistorio
1379 2468 1445 2520 ante
1467 2461 1559 2520 altare
1570 2481 1581 2533 ;
1603 2459 1717 2533 deinde,
1740 2459 1828 2539 depo·

1039 2552 1094 2615 sito
1109 2556 1228 2638 pluviali
1242 2567 1271 2616 et
1289 2559 1394 2630 mitra,
1413 2571 1595 2639 reassumpto
1617 2560 1763 2639 capucino
1775 2559 1825 2619 sub

1038 2655 1134 2729 stola,
1157 2655 1234 2715 venit
1254 2656 1290 2715 ud
1312 2660 1472 2738 cappellam
1502 2677 1606 2720 norom
1628 2661 1824 2721 Annunciataa

1040 2772 1091 2833 per
1112 2755 1185 2816 Rev.
1207 2757 1243 2816 O.
1266 2756 1448 2821 Cardinalcm
1467 2758 1688 2841 Neapolitanum
1712 2763 1828 2822 laetam.

1040 2854 1128 2929 Tuan,
1139 2873 1257 2919 ascenso
1273 2876 1360 2935 equo,
1374 2869 1442 2920 ante
1457 2862 1563 2921 ostium
1578 2860 1769 2942 principalem
1780 2880 1826 2923 ec·

1040 2956 1142 3017 cicalae
1163 2975 1215 3036 per
1238 2957 1315 3017 aiam
1339 2957 1463 3021 Sanctae
1488 2960 1597 3022 Mariae
1624 2963 1653 3021 in
1677 2964 1726 3022 via
1740 2961 1827 3038 Lata,

1039 3056 1142 3118 deinde
1161 3058 1198 3117 ad
1216 3059 1383 3134 sinistram,
1406 3062 1452 3120 ria
1470 3073 1550 3123 recta
1577 3063 1656 3125 venit
1675 3064 1713 3123 ad
1735 3067 1825 3126 ecclc·

1040 3157 1110 3216 siam
1127 3156 1250 3220 Sanctae
1268 3159 1378 3221 llarlae
1392 3161 1427 3223 de
1448 3162 1584 3244 Populo,
1604 3182 1695 3226 cruce
1711 3176 1743 3227 et
1758 3166 1827 3228 car·

1040 3257 1185 3319 dinalibus
1206 3261 1466 3340 praecedentibus,
1493 3274 1525 3324 ut
1546 3264 1651 3343 prius:
1674 3263 1727 3325 ubi
1757 3265 1824 3325 iacta

1040 3362 1169 3421 oratione
1183 3373 1248 3422 ante
1267 3364 1371 3435 altare,
1385 3363 1490 3423 obtulit
1506 3383 1595 3445 super
1616 3365 1691 3426 illud
1712 3383 1760 3429 xv
1774 3367 1824 3425 dn·

1040 3472 1135 3535 catos,
1156 3464 1179 3521 si
1204 3462 1346 3523 Dominus
1368 3463 1673 3544 Frenetsmsttorgta
1707 3465 1826 3526 cubica·

1039 3563 1130 3622 larius
1161 3579 1232 3621 suus
1265 3580 1371 3623 rerum
1402 3563 1473 3623 milii
1506 3564 1617 3624 retulit.
1651 3564 1823 3626 Reascendit

1040 3662 1141 3722 deinde
1171 3679 1281 3740 equum
1312 3672 1341 3723 ct
1362 3681 1415 3743 per
1448 3661 1612 3724 breviorem
1634 3664 1716 3725 vium
1747 3662 1823 3741 jum

1040 3760 1146 3824 flumen
1168 3762 1254 3823 rediit
1281 3762 1318 3822 ad
1339 3763 1502 3842 palatium,
1524 3762 1731 3825 cardinalibus
1753 3769 1823 3827 circa

1040 3876 1155 3944 pontem
1177 3864 1277 3924 Sancti
1309 3865 1411 3944 lngeli
1442 3866 1607 3928 licentiatis.
1629 3867 1826 3937 interfuerunt

1039 3982 1119 4027 xvir.
1143 3963 1313 4026 cardinales
1334 3966 1468 4025 omnibns
1486 3968 1663 4045 praemissis,
1680 3967 1825 4039 videlicet,

1040 4065 1255 4146 Neapolitanus,
1271 4063 1304 4124 S.
1322 4064 1433 4127 blaciae
1449 4066 1478 4124 in
1499 4066 1632 4141 Portica,
1651 4066 1826 4129 Ulixboneo·

1039 4170 1088 4240 sis,
1109 4178 1137 4228 et
1158 4167 1394 4241 Realianatensis,
1414 4166 1585 4249 Episcopo]
1609 4166 1641 4227 S.
1664 4166 1825 4240 clementis,

1040 4268 1212 4342 leunensis,
1242 4269 1286 4330 be
1309 4268 1495 4341 comitibus,
1517 4268 1709 4342 Parmensis,
1736 4270 1822 4330 licos-

1040 4380 1196 4443 ventanus,
1217 4367 1341 4430 Sanctae
1362 4369 1666 4444 recensuerimus
1687 4368 1823 4448 Regalis,

1039 4470 1208 4542 ctUrsinas,
1221 4467 1403 4551 Presbyteri
1404 4492 1416 4541 ,·
1426 4469 1570 4543 Senensis,
1581 4469 1682 4530 Sancti
1696 4468 1823 4549 Georgii,

1040 4570 1186 4643 Sabellos,
1207 4568 1486 4646 vicecancellarius,
1508 4583 1537 4632 et
1561 4571 1662 4632 Sancti
1684 4570 1824 4643 Severini,

1040 4671 1190 4732 Diaconr‘.
1207 4670 1356 4731 intellecto
1375 4690 1427 4751 per
1449 4671 1571 4733 meineri
1588 4672 1668 4750 quod
1688 4671 1824 4733 Sanctiss.

1039 4771 1075 4830 Ι).
1098 4769 1133 4830 it.
1151 4772 1337 4849 equitaturus
1355 4784 1441 4847 erat,
1463 4777 1567 4853 rogavi
1582 4771 1656 4839 liev.
1679 4774 1716 4834 ll.
1741 4773 1823 4835 vtae·

1040 4873 1266 4946 cancellarium,
1288 4884 1321 4933 ut
1341 4874 1497 4953 providere
1514 4875 1689 4954 dignaretur
1706 4893 1743 4936 ne
1760 4873 1825 4954 gaas

1040 4973 1185 5052 armigera
1207 4972 1263 5034 SS.
1285 4973 1321 5033 b.
1344 4973 1378 5034 N.
1401 4975 1586 5054 praamderet
1606 4985 1824 5054 assequeretur

1025 5074 1069 5155 ‚in
1087 5074 1188 5140 ordine
1219 5086 1342 5149 nostro,
1375 5077 1425 5140 sed
1445 5079 1469 5138 sl
1491 5096 1546 5157 pro
1577 5092 1631 5138 sua
1649 5078 1825 5148 securitate,

1039 5194 1142 5237 corum
1163 5194 1252 5255 opera
1274 5176 1316 5236 uti
1340 5178 1440 5250 vellet,
1459 5195 1509 5238 eos
1529 5176 1565 5237 ad
1588 5178 1653 5238 loca
1674 5187 1705 5238 et
1725 5188 1825 5238 stratos

1039 5287 1185 5359 suspectas
1206 5274 1403 5357 praemltteret
1424 5286 1454 5339 et
1474 5276 1646 5359 deputaret,
1661 5278 1740 5356 qaod
1756 5274 1822 5339 idem
