3758 6030
177 233 240 294 ild
676 226 961 293 conlaudatus
982 228 1207 292 anssxtnnttt
1228 231 1353 294 suxit.

176 366 272 429 solitos
298 365 335 426 Ι).
371 363 485 427 Pisauri
518 372 583 443 post
603 362 777 424 assistentes·
798 372 863 422 ante
897 363 968 425 alios

178 467 321 547 praelatos
347 473 490 544 paratos,
516 472 546 524 et
566 462 688 543 Diapoto
714 461 878 524 immediate
904 475 968 543 post

175 566 352 629 Cardinales.
364 563 404 627 lit
419 565 486 642 quia
503 558 648 624 eontentio
663 574 727 624 crat
742 564 816 624 inter
828 562 968 625 Oratores

174 668 262 747 Regis
272 666 453 745 Hungariac,
463 675 491 724 et
506 663 594 743 Regis
608 661 798 743 Neapolitani,
811 663 968 729 Sanctissi-

175 787 241 829 mus
251 767 287 828 Ι).
300 765 335 829 Ν.
357 766 534 846 praemissos
546 762 687 827 Oratores
698 763 788 842 Regis
798 765 967 844 Hungariae

175 881 204 930 et
225 867 316 945 Regis
342 865 518 946 Neapolitani
548 865 579 924 in
611 866 675 926 loco
696 864 846 926 ordinario
867 866 967 926 vocari

175 969 254 1040 lecit,
266 970 347 1030 etci's
358 966 421 1026 dari
440 966 506 1026 lecit
526 966 623 1025 locum
639 965 667 1024 in
684 965 783 1044 gradu⁴
802 966 880 1045 plani
891 965 966 1026 'solil

176 1070 219 1130 sui
242 1088 257 1128 a
280 1067 418 1139 sinistris,
440 1085 531 1145 prope
554 1068 698 1145 praelatos
718 1068 896 1138 assistentes,
917 1055 967 1125 obi

177 1179 344 1229 manserunt
358 1185 448 1244 nsque
459 1168 603 1245 completo
622 1176 684 1228 toto
697 1167 791 1227 officio
802 1179 831 1227 et
844 1186 899 1227 non
915 1187 967 1228 ve-

176 1279 281 1330 nerunt
297 1267 332 1327 ad
348 1268 566 1346 processionem.
580 1265 659 1346 Papa
681 1266 760 1327 dedit
778 1266 968 1328 cincendelas

176 1381 241 1450 post
264 1369 409 1448 praelatos
427 1378 545 1446 paratos
564 1377 629 1427 ante
644 1366 891 1428 ‘Paenitentiarios
913 1383 967 1444 pa-

176 1474 266 1541 ratos,
290 1469 379 1530 etsie
400 1468 485 1526 etiam
508 1477 573 1528 ante
596 1484 694 1527 omnes
712 1466 784 1526 allos
802 1463 966 1537 Oratores,

176 1573 244 1634 licet
274 1568 312 1629 lbi
338 1577 433 1628 essent
464 1564 605 1628 Oratores
626 1565 741 1649 Regum
764 1565 966 1625 Romanorum

175 1685 204 1734 et
225 1671 387 1742 Franciae3
416 1687 522 1746 aquam
544 1676 609 1746 post
631 1666 864 1729 distributionem
895 1684 967 1724 can-

176 1773 308 1834 delarum
337 1768 483 1828 manibus
499 1769 593 1848 Papae
621 1767 800 1828 ministravit
823 1766 859 1827 D.
883 1766 966 1826 blm·-

177 1873 308 1953 quardns
319 1871 353 1931 de
364 1869 504 1931 Breisaeh
520 1867 631 1930 Orator
648 1867 736 1948 Regis
752 1868 966 1939 Romanorum,

177 1992 236 2053 quo
254 1973 283 2032 in
307 1972 371 2032 loco
391 1988 446 2030 suo
468 1969 624 2040 incedente,
650 1968 728 2048 Papa
750 1967 876 2028 intrante
895 1984 965 2046 cap-

176 2074 306 2153 pellam,
335 2071 370 2128 D.
394 2069 538 2129 lohannes
558 2067 593 2128 de
612 2065 724 2128 hissera
746 2065 858 2128 Orator
879 2066 967 2145 Regis

175 2170 314 2234 Franciae
327 2167 516 2248 interrogarit
531 2187 587 2241 me,
603 2171 735 2246 quianam
750 2179 823 2229 esset
837 2167 873 2228 Ι).
884 2167 967 2228 llar-

177 2273 325 2352 quardus,
345 2271 423 2349 quod
445 2270 607 2348 digniorem
630 2270 727 2330 locum
747 2268 876 2328 haberet.
905 2266 967 2327 Re·

177 2375 279 2454 spondi
292 2373 382 2452 quod,
395 2369 505 2432 Orator
514 2368 603 2447 Regis
613 2367 825 2440 Romanorum,
837 2368 886 2428 eui
902 2368 967 2446 pri-

177 2493 243 2534 mets
255 2474 338 2534 loeus
355 2471 488 2543 debetur,
504 2471 554 2548 qui
570 2469 637 2529 licet
655 2468 757 2536 luerit,
775 2462 856 2538 alias,
870 2467 967 2545 lanpe-

177 2585 274 2634 ratore
290 2589 346 2632 suo
364 2571 489 2639 virente,
500 2588 552 2648 per
564 2565 709 2629 Oratores
725 2567 813 2647 Regis
826 2568 966 2629 Francius

177 2672 299 2734 indebite
321 2681 465 2748 negatus,
487 2678 645 2728 asserentes
676 2676 746 2727 tnnc
770 2667 849 2746 ipsos
871 2668 968 2748 Ιωρε-

177 2773 268 2834 ratori
291 2781 402 2830 tantum
425 2768 526 2829 cedere
554 2767 658 2829 debere
680 2784 736 2827 non
759 2766 833 2845 Regi
855 2766 968 2828 Roma·

177 2891 283 2934 norum
316 2870 393 2949 apud
425 2886 512 2946 quem
535 2869 615 2928 nulle
636 2877 711 2928 esset
731 2867 968 2941 administratio,

177 2985 271 3034 tamea
294 2970 379 3031 modo
400 2972 499 3031 locum
531 2968 626 3046 ipsum
640 2985 830 3045 ,nequaquam
866 2967 967 3046 negari

176 3091 270 3153 posse,
291 3089 359 3129 cum
383 3067 592 3129 administratio
621 3066 739 3146 imperii
776 3066 861 3128 modo
890 3053 967 3146 dpud

178 3175 272 3252 ipsum
292 3155 402 3231 existat.
419 3168 577 3246 nequierit
600 3166 674 3241 idem
685 3167 721 3227 Ι).
737 3167 880 3230 lohannes
900 3186 969 3229 sesa

177 3274 280 3334 tentiae
299 3289 393 3340 meae,
405 3280 434 3329 et
452 3267 487 3328 Ι).
507 3266 721 3345 liat·quardum
738 3286 828 3348 supra
843 3288 873 3329 se
889 3278 968 3330 stare

177 3370 297 3453 pacilice
329 3369 469 3450 permisit.
501 3368 594 3428 Finito
620 3367 717 3429 ollicio
747 3367 782 3428 Ι).
816 3368 968 3447 episeopus

177 3470 397 3549 Foroiuliensis,
410 3471 485 3530 alter
504 3466 615 3530 Orator
637 3467 725 3547 Regis
746 3468 901 3543 Francius,
923 3489 968 3531 ma

177 3571 363 3653 reprehendit
383 3590 437 3650 pro
459 3590 494 3632 eo
508 3568 587 3647 quod
600 3566 722 3629 Oratori
745 3568 836 3648 Regis
856 3570 968 3631 Roma·

177 3690 283 3734 norum
305 3688 394 3749 snpra
425 3669 536 3730 socium
564 3686 649 3728 suum
685 3668 784 3729 locum
807 3667 969 3742 dedissem,

178 3791 309 3834 asserens
335 3769 411 3849 Regi
438 3752 638 3837 Romanorum
673 3769 770 3829 locum
801 3771 883 3830 illum
913 3788 969 3830 non

178 3874 292 3942 deberi,
314 3890 383 3937 eum
405 3869 533 3933 nondum
559 3870 594 3929 sit
616 3880 781 3930 coronatus.
802 3870 969 3948 Respondi,

178 3971 411 4035 lioaainationem
422 3970 513 4031 Suam
527 3986 648 4039 errare,
664 3968 734 4045 qttia
751 3968 834 4029 loeus
850 3969 898 4031 ille
913 3987 969 4030 non

179 4076 291 4136 ratione
307 4072 511 4145 coronationis,
522 4071 570 4133 sed
587 4069 699 4131 ratione
715 4069 791 4129 tituli
808 4069 895 4148 Regis
908 4068 970 4131 Ro·

180 4193 333 4236 manorum
356 4173 487 4244 debetur,
509 4172 578 4249 qnia
598 4171 635 4231 sit
656 4171 768 4250 primus
783 4170 845 4233 Rex
860 4168 970 4243 mundi,

179 4288 213 4336 et<
224 4278 251 4335 in
267 4277 349 4354 plena
370 4273 616 4333 administratione
635 4273 775 4351 Imperii,
790 4281 819 4332 et
842 4272 879 4332 ita
896 4271 969 4332 barte

180 4375 292 4435 curiam
315 4372 479 4433 observare.
502 4370 587 4440 Ouod
608 4373 631 4432 si
653 4390 725 4431 sutts
746 4370 819 4444 Rex,
842 4372 968 4433 nondum

180 4484 355 4557 coronatus,
377 4469 519 4532 Oratores
540 4490 608 4532 auos
627 4471 737 4543 mittat,
758 4471 864 4532 eisdem
883 4472 968 4533 etiam

180 4575 279 4635 locum
296 4570 428 4633 eumdem
451 4569 513 4631 dari
536 4571 650 4644 debere,
670 4576 725 4651 qui·
742 4572 827 4633 datm·
840 4583 869 4634 et
883 4573 970 4635 debe·

180 4685 229 4734 tor
249 4684 314 4752 post
329 4670 553 4732 coronationem.
574 4670 731 4748 acquievit
751 4682 779 4732 et
801 4672 876 4734 idem
890 4691 970 4734 neae

178 4774 355 4843 sententiae,
382 4771 446 4832 licet
477 4769 551 4829 male
579 4769 721 4842 libenter,
743 4789 871 4833 asserens
892 4771 969 4849 qnod

178 4886 332 4955 postquam
355 4872 386 4934 S.
410 4871 443 4930 Ι).
468 4868 503 4930 Ν.
525 4870 566 4930 sie
589 4867 769 4931 deridebere
786 4871 969 4942 ordinasset,

178 4976 309 5036 ordinem
343 4976 437 5053 ipsum
466 4972 532 5033 iore
553 4970 783 5033 obsecrandum:
804 4972 883 5050 quod
916 4991 969 5051 pro

178 5077 225 5135 sui
247 5074 430 5136 excusatione
455 5072 547 5145 dixit,
572 5090 640 5132 cum
664 5070 741 5150 Papa
771 5071 852 5131 eirca
881 5090 970 5152 prae·

182 5175 268 5234 atissa
291 5175 362 5234 nihil
385 5172 575 5235 ordinaverit.
599 5171 634 5232 Ι).
656 5170 774 5232 Gabriel
797 5169 970 5233 Conlalone·

184 5276 248 5336 rius
264 5275 353 5338 Urbis
365 5274 437 5334 dlxit
455 5271 536 5346 mttn,
553 5273 650 5333 locum
666 5289 753 5334 suum
773 5291 843 5347 esse,
860 5275 970 5334 ratione

1717 235 1824 318 (ism)

1038 366 1124 427 oflicii
1143 367 1189 428 sui
1214 365 1376 428 immediate
1403 375 1468 445 post
1488 367 1720 428 Cmserratores
1735 412 1744 440 ,
1762 381 1824 431 uate

1036 483 1134 527 omnes
1154 467 1226 547 alios
1246 467 1395 539 Berones,
1421 485 1507 544 quesn
1527 468 1553 528 sl
1575 467 1679 528 vellem
1716 486 1825 545 possess

1035 565 1086 626 sibi
1100 568 1256 646 assignare.
1273 565 1442 646 significari
1464 568 1494 626 id
1514 567 1569 628 SS.
1586 567 1623 628 Ι).
1639 566 1674 626 Ν.
1688 568 1742 646 qui
1757 570 1841 630 mibi·

1036 667 1180 727 commisit
1197 667 1273 745 quod
1285 667 1417 732 eumdem
1435 668 1532 728 locum
1551 669 1603 748 ipsi
1622 666 1824 731 Coraialomdo

1036 763 1147 840 darem3
1165 779 1194 827 et
1209 767 1275 828 leci:
1291 768 1386 828 otnnia
1402 767 1459 828 alia
1476 777 1542 828 acta
1561 778 1630 830 sunt
1649 785 1734 828 more
1757 784 1825 827 eort-

1010 950 1011 953 ,
1036 877 1126 927 simo.

1078 965 1286 1046 Superioribus
1316 966 1439 1039 diebus,
1461 966 1595 1028 videlieet
1624 967 1711 1028 lonae
1734 981 1825 1028 xxrtt

1035 1070 1140 1127 mensis
1152 1065 1279 1144 januarii
1292 1069 1420 1147 proxime
1434 1070 1583 1148 praeteriti
1593 1081 1623 1131 et
1638 1059 1824 1147 sequentibus

1037 1180 1178 1229 renerent
1194 1187 1284 1230 norae
1297 1169 1332 1229 ad
1344 1169 1467 1242 Urbem,
1479 1170 1558 1249 quod
1573 1170 1618 1230 die
1633 1168 1747 1230 rabbad
1754 1185 1824 1231 ω.

1035 1265 1164 1344 ejusdem
1192 1270 1295 1330 mensis
1316 1267 1396 1351 (qua
1417 1270 1602 1330 interessem
1623 1268 1824 1331 Conversioob

1036 1369 1134 1431 Sancti
1149 1369 1245 1453 Pauli)
1261 1370 1467 1431 serenissimus
1486 1369 1691 1430 Ferdinandus
1714 1368 1824 1449 Neapo-

1036 1471 1139 1531 litonus
1157 1489 1192 1531 ac
1213 1470 1328 1532 Siciliae
1348 1481 1404 1532 etc.
1424 1469 1499 1543 Rex,
1512 1469 1588 1530 diem
1605 1469 1757 1531 claruisset
1777 1489 1823 1531 ex·

1035 1581 1175 1645 tremum,
1197 1572 1247 1650 qui
1269 1572 1340 1657 obiit
1361 1572 1426 1633 alne·
1443 1572 1508 1641 lux,
1527 1570 1590 1632 slne
1609 1583 1702 1641 crux,
1721 1580 1752 1631 et
1770 1570 1824 1632 sins

1035 1669 1112 1731 Deus
1124 1670 1187 1754 (l);
1202 1682 1231 1730 et
1253 1671 1392 1733 successit
1404 1671 1432 1731 ia
1444 1670 1546 1750 Regno
1561 1669 1729 1750 dlpltonsua
1747 1667 1821 1730 lilius

1035 1787 1115 1831 suus.

1077 1871 1162 1933 Reria
1178 1881 1296 1948 quarta,-
1309 1915 1316 1928 .
1330 1915 1337 1930 .
1351 1915 1359 1930 .
1374 1869 1442 1932 dicti
1465 1870 1570 1932 mensis
1591 1870 1735 1937 tetrum-tt
1753 1870 1823 1932 venit

1034 1969 1070 2030 ad
1102 1969 1212 2034 Urbem
1241 1969 1359 2048 quidam
1388 1968 1498 2034 Orator
1530 1971 1662 2051 drogoni
1684 1971 1822 2042 Soldani,

1035 2069 1121 2147 quom
1143 2070 1325 2130 succurunt
1346 2071 1446 2149 plures
1464 2071 1499 2132 de
1520 2071 1631 2133 familia
1655 2071 1750 2134 Tucci
1780 2071 1822 2132 laic

1035 2168 1064 2229 tn
1084 2167 1165 2233 Urbe
1185 2167 1312 2241 detenti,
1333 2179 1362 2230 et
1391 2171 1521 2233 maritet-t
1545 2182 1573 2232 et
1594 2172 1647 2231 atti
1667 2170 1822 2235 familiares

1034 2267 1129 2347 Papae
1144 2264 1201 2351 (9).

1071 2369 1161 2439 ¹Reria
1180 2379 1286 2446 quarta
1308 2370 1453 2443 cinerum,
1480 2385 1537 2433 tttt.
1560 2369 1665 2430 mensis
1688 2368 1823 2430 februarii

1034 2468 1181 2548 praelatus
1196 2469 1251 2530 SS.
1272 2470 1308 2528 D.
1331 2468 1366 2529 Ν.
1386 2481 1508 2550 paratus
1530 2487 1612 2533 more
1633 2470 1734 2542 solito,
1752 2471 1824 2531 seuit

1035 2568 1071 2628 ad
1088 2570 1246 2649 cappellam
1263 2565 1418 2646 majorem,
1432 2570 1573 2632 benedixit
1586 2571 1712 2643 cineres,
1728 2569 1825 2632 deinde

1035 2667 1092 2734 illis
1107 2669 1159 2728 sibi
1177 2688 1229 2747 per
1243 2669 1316 2730 Res.
1331 2669 1366 2729 Ι).
1381 2670 1567 2732 cardinalem
1584 2670 1686 2732 Sancti
1702 2670 1824 2750 Dionysii

1035 2769 1251 2831 celebraturum
1273 2762 1435 2850 impositis,
1457 2770 1536 2850 Papa
1563 2770 1655 2833 eidem
1678 2769 1821 2834 cardinali

1035 2879 1064 2930 et
1100 2870 1163 2930 aliis
1198 2870 1335 2932 omnibus
1365 2870 1517 2950 imposuit,
1540 2867 1622 2934 more
1659 2884 1821 2934 consueto:

1035 2987 1140 3049 aquam
1163 2971 1363 3045 ministravit,
1385 2972 1519 3049 munibus
1536 2974 1682 3052 propriis,
1701 2984 1765 3055 post
1783 2974 1821 3036 ci·

1075 3244 1112 3304 (t)
1129 3264 1139 3286 ι
1157 3241 1300 3292 Essendosi
1312 3247 1320 3298 t
1331 3243 1384 3293 licor
1396 3243 1593 3303 ferdinandus)
1605 3246 1687 3296 molto
1700 3245 1822 3296 allaticato

1036 3319 1063 3370 dl
1079 3333 1172 3384 corpo,
1188 3320 1332 3371 scaldaado
1349 3335 1363 3371 e
1382 3321 1584 3383 rallreddsndo‚
1602 3338 1653 3375 non
1673 3339 1755 3377 senza
1770 3339 1822 3390 pss-

1034 3400 1104 3450 slonl
1118 3401 1146 3450 di
1164 3402 1266 3459 aalma,
1283 3401 1299 3449 ll
1317 3405 1506 3464 aoprsgglunae
1524 3416 1559 3452 ua
1576 3417 1641 3466 gran
1659 3410 1787 3465 exterra,
1803 3407 1822 3455 sl

1036 3479 1114 3541 quale
1131 3481 1317 3543 aoprsggiuuta
1329 3475 1440 3539 lebbre,
1454 3493 1504 3531 con
1516 3483 1588 3533 molti
1600 3484 1722 3557 stotomi,
1734 3485 1759 3533 sl
1770 3483 1822 3542 ssas,

1037 3559 1062 3607 sl
1073 3559 1273 3622 decimoquarto
1285 3561 1376 3622 giorno
1388 3559 1413 3609 dl
1426 3561 1522 3623 quella,
1535 3560 1593 3611 usci
1612 3562 1638 3611 di
1655 3565 1721 3621 rita,
1738 3564 1787 3614 che
1801 3564 1821 3614 lt

1038 3636 1063 3686 a’
1080 3637 1110 3687 st
1128 3637 1154 3686 di
1171 3637 1289 3700 Gennajo
1306 3639 1368 3688 stat
1385 3639 1418 3686 ad
1435 3651 1480 3689 ore
1496 3639 1544 3699 16,
1561 3639 1587 3689 di
1607 3640 1648 3690 etd
1666 3641 1693 3691 di
1712 3646 1773 3692 suoi
1791 3644 1823 3700 to,

1037 3715 1105 3767 dieat
1117 3715 1183 3766 mesi
1195 3728 1210 3765 e
1221 3716 1253 3765 28
1264 3716 1347 3778 giorni
1359 3751 1367 3773 ,
1386 3717 1491 3766 avendo
1504 3723 1612 3781 regumn
1624 3726 1687 3769 aaut
1705 3722 1749 3779 35,
1760 3721 1822 3779 ,mesi

1038 3796 1132 3859 cinqua
1150 3808 1165 3847 a
1181 3796 1265 3858 giorni
1282 3796 1322 3846 tt.
1333 3795 1428 3847 lloriil
1440 3798 1474 3847 lte
1486 3798 1613 3849 l‘orrante
1630 3798 1657 3849 di
1674 3813 1731 3855 uua
1746 3803 1823 3851 morlo

1037 3875 1188 3937 (conforme
1201 3875 1236 3924 lui
1250 3876 1272 3924 la
1285 3875 1443 3945 desiderare
1456 3883 1462 3933 l
1474 3881 1579 3943 presta,
1592 3879 1757 3942 parcioccbe
1768 3880 1821 3930 aelli

1039 3952 1156 4004 suddelti
1173 3952 1256 4013 glorni
1274 3953 1474 4003 dell'inlermitd
1486 3968 1538 4004 non
1550 3955 1577 4004 iu
1592 3957 1677 4007 molto
1692 3957 1726 4007 da
1743 3945 1822 4021 qdells

1039 4032 1213 4094 travagliato,
1228 4035 1255 4080 et
1277 4032 1293 4078 il
1317 4029 1368 4081 tine
1386 4034 1527 4083 ancoratu
1544 4036 1626 4084 molto
1643 4036 1752 4096 celere,
1769 4050 1824 4100 per·

1038 4109 1146 4161 olorone
1162 4109 1277 4160 essendo
1289 4123 1303 4159 a
1314 4111 1404 4172 quello
1419 4113 1504 4161 ricino
1515 4128 1525 4169 ·,
1543 4125 1595 4162 uon
1612 4115 1773 4178 eredendosi
1787 4128 1823 4166 os·

1039 4191 1111 4240 sarri
1121 4189 1230 4255 giumo,
1241 4191 1263 4239 st
1275 4189 1308 4239 te’
1320 4191 1492 4254 accomodare
1507 4192 1623 4255 lespelli
1639 4205 1655 4243 e
1671 4194 1696 4244 le
1709 4196 1823 4246 mascalia

1037 4268 1086 4319 che
1103 4280 1220 4330 pareano
1237 4270 1396 4318 caecasset
1418 4269 1452 4332 gli
1475 4269 1642 4331 dorassero,
1659 4285 1675 4322 e
1690 4274 1822 4325 formando

1039 4347 1131 4396 alcone
1148 4345 1233 4408 poche
1250 4346 1343 4407 parole
1366 4359 1416 4396 con
1441 4347 1469 4396 Ι).
1488 4347 1621 4414 Foderigo,
1637 4350 1688 4400 che
1705 4353 1740 4415 gli
1757 4357 1822 4404 stara

1038 4436 1182 4487 appresso,
1200 4422 1268 4472 detta
1285 4435 1348 4475 cose
1370 4424 1439 4476 delle
1461 4426 1542 4484 citii,
1562 4429 1720 4482 sectandost
1741 4431 1821 4482 adstto

1040 4503 1115 4553 veatr
1127 4513 1221 4558 meno,
1236 4500 1310 4552 disse
1322 4503 1460 4556 tremendo
1471 4508 1565 4566 queste
1577 4508 1669 4568 parole
1684 4528 1694 4550 ·
1715 4509 1821 4573 rtgttaott

1038 4581 1105 4630 sieta
1123 4579 1259 4628 benedetti
1278 4599 1288 4622 ι
1308 4592 1323 4629 o
1339 4581 1490 4632 rollandoal
1501 4583 1534 4635 ad
1544 4597 1579 4634 un
1591 4583 1744 4638 Crocellsso
1759 4588 1822 4638 disse

1040 4678 1051 4702 ι
1064 4661 1131 4712 Deus
1140 4658 1269 4720 propitios
1281 4661 1333 4708 esto
1343 4660 1408 4712 midi
1417 4663 1546 4722 peemlori
1559 4680 1578 4712 ι.
1592 4662 1612 4714 Ε
1625 4664 1717 4717 subito
1728 4668 1751 4716 ai
1761 4665 1821 4730 perti

1038 4736 1073 4788 ds
1084 4741 1179 4799 questa
1190 4741 1245 4788 vita
1261 4759 1282 4786 ι.
1297 4737 1469 4801 Soauonrs,
1486 4742 1530 4792 lat.
1547 4741 1618 4794 della
1635 4745 1701 4796 cittl
1719 4746 1821 4809 ettesn

1038 4815 1065 4866 di
1081 4816 1175 4878 Nepoti
1191 4815 1302 4879 (Nepoti
1320 4818 1398 4877 1675)
1414 4821 1478 4869 tom.
1494 4819 1534 4869 tn.
1551 4834 1610 4884 pag.
1628 4823 1687 4874 539.

1071 4916 1081 4936 ·
1093 4894 1141 4944 Die
1153 4896 1279 4958 vigesima
1290 4897 1389 4953 mensis
1399 4897 1514 4950 ianuarii
1523 4901 1710 4953 llllmortuus
1721 4902 1819 4954 tuttlsx

1037 4973 1234 5034 Fardioaodus,
1246 4978 1273 5025 et
1283 4978 1389 5026 creatus
1401 4981 1443 5028 ast
1461 4976 1519 5028 Dux
1531 4977 1672 5031 Calabriae
1688 4982 1744 5033 ilex
1760 4980 1820 5032 liet·

1037 5052 1170 5114 politanus
1184 5073 1204 5098 ι.
1222 5053 1374 5105 lassescas·
1709 5089 1723 5102 .

1078 5133 1113 5194 (tl
1131 5152 1141 5174 ι
1155 5131 1202 5182 Die
1214 5131 1245 5182 tv
1256 5134 1356 5184 mensis
1369 5133 1495 5186 februarii
1507 5140 1640 5188 venerunt
1652 5136 1819 5189 amissoru-

1018 5271 1019 5276 ,
1038 5224 1082 5262 res
1091 5211 1235 5261 Turcarum
1245 5245 1253 5270 ‚
1264 5215 1292 5262 et
1303 5211 1401 5263 dictum
1412 5220 1456 5267 eat
1465 5216 1585 5277 Magnum
1597 5216 1711 5272 Tuccam
1724 5219 1750 5269 ia
1760 5216 1818 5267 coo·

1038 5290 1208 5353 stantiaopoti
1226 5294 1357 5344 mortuum
1375 5304 1436 5344 esse
1455 5314 1476 5341 ι.
1495 5293 1651 5353 taracona.
