<?xml version="1.0" encoding="UTF-8"?>
<!DOCTYPE html PUBLIC "-//W3C//DTD XHTML 1.0 Transitional//EN"
    "http://www.w3.org/TR/xhtml1/DTD/xhtml1-transitional.dtd">
<html xmlns="http://www.w3.org/1999/xhtml" xml:lang="en" lang="en">
 <head>
  <title>
</title>
<meta http-equiv="Content-Type" content="text/html;charset=utf-8" />
  <meta name='ocr-system' content='tesseract 3.04.00' />
  <meta name='ocr-capabilities' content='ocr_page ocr_carea ocr_par ocr_line ocrx_word'/>
</head>
<body>
  <div class='ocr_page' id='page_1' title='image "./johannisburchar00genngoog/johannisburchar00genngoog_0268.png"; bbox 0 0 3758 6030; ppageno 0'>
   <div class='ocr_carea' id='block_1_1' title="bbox 26 257 139 343">
    <p class='ocr_par' dir='ltr' id='par_1_1' title="bbox 26 257 139 343">
     <span class='ocr_line' id='line_1_1' title="bbox 26 257 139 343; baseline -0.009 -23"><span class='ocrx_word' id='word_1_1' title='bbox 26 257 139 343; x_wconf 81' lang='lat' dir='ltr'><strong>(itae)</strong></span> 
     </span>
    </p>
   </div>
   <div class='ocr_carea' id='block_1_2' title="bbox 29 384 819 508">
    <p class='ocr_par' dir='ltr' id='par_1_2' title="bbox 29 384 819 508">
     <span class='ocr_line' id='line_1_2' title="bbox 29 384 819 508; baseline -0.014 -51"><span class='ocrx_word' id='word_1_2' title='bbox 29 396 160 476; x_wconf 89' lang='lat' dir='ltr'><strong>quinque</strong></span> <span class='ocrx_word' id='word_1_3' title='bbox 189 393 238 452; x_wconf 91' lang='lat' dir='ltr'><strong>aiii</strong></span> <span class='ocrx_word' id='word_1_4' title='bbox 270 389 400 462; x_wconf 88' lang='lat' dir='ltr'><strong>nobiles,</strong></span> <span class='ocrx_word' id='word_1_5' title='bbox 419 406 549 508; x_wconf 70' lang='lat' dir='ltr'><strong>quorum</strong></span> <span class='ocrx_word' id='word_1_6' title='bbox 577 405 653 447; x_wconf 86' lang='lat' dir='ltr'><strong>unns</strong></span> <span class='ocrx_word' id='word_1_7' title='bbox 681 384 819 466; x_wconf 84' lang='lat' dir='ltr'><strong>portabat</strong></span> 
     </span>
    </p>
   </div>
   <div class='ocr_carea' id='block_1_3' title="bbox 28 582 830 5366">
    <p class='ocr_par' dir='ltr' id='par_1_3' title="bbox 28 582 826 4191">
     <span class='ocr_line' id='line_1_3' title="bbox 29 582 819 647; baseline -0.019 -3"><span class='ocrx_word' id='word_1_8' title='bbox 29 595 115 644; x_wconf 87' lang='lat' dir='ltr'><strong>sulam</strong></span> <span class='ocrx_word' id='word_1_9' title='bbox 136 589 264 639; x_wconf 86' lang='lat' dir='ltr'><strong>alilrmant</strong></span> <span class='ocrx_word' id='word_1_10' title='bbox 289 584 440 647; x_wconf 87' lang='lat' dir='ltr'><strong>supradicta</strong></span> <span class='ocrx_word' id='word_1_11' title='bbox 457 583 570 645; x_wconf 84' lang='lat' dir='ltr'><strong>Hispana</strong></span> <span class='ocrx_word' id='word_1_12' title='bbox 589 583 737 632; x_wconf 77' lang='lat' dir='ltr'><strong>maioremi</strong></span> <span class='ocrx_word' id='word_1_13' title='bbox 764 582 819 629; x_wconf 90' lang='lat' dir='ltr'><strong>eius</strong></span> 
     </span>
     <span class='ocr_line' id='line_1_4' title="bbox 30 660 818 728; baseline -0.018 -8"><span class='ocrx_word' id='word_1_14' title='bbox 30 672 118 720; x_wconf 79' lang='lat' dir='ltr'><strong>incole</strong></span> <span class='ocrx_word' id='word_1_15' title='bbox 135 671 227 719; x_wconf 79' lang='lat' dir='ltr'>carent</span> <span class='ocrx_word' id='word_1_16' title='bbox 244 664 320 728; x_wconf 80' lang='lat' dir='ltr'><strong>pilis:</strong></span> <span class='ocrx_word' id='word_1_17' title='bbox 346 675 463 725; x_wconf 87' lang='lat' dir='ltr'><strong>auroque</strong></span> <span class='ocrx_word' id='word_1_18' title='bbox 481 664 550 710; x_wconf 87' lang='lat' dir='ltr'><strong>inter</strong></span> <span class='ocrx_word' id='word_1_19' title='bbox 567 661 631 709; x_wconf 88' lang='lat' dir='ltr'><strong>alias</strong></span> <span class='ocrx_word' id='word_1_20' title='bbox 657 660 818 722; x_wconf 87' lang='lat' dir='ltr'><strong>potissimum</strong></span> 
     </span>
     <span class='ocr_line' id='line_1_5' title="bbox 29 737 820 801; baseline -0.02 -2"><span class='ocrx_word' id='word_1_21' title='bbox 29 749 172 799; x_wconf 89' lang='lat' dir='ltr'><strong>exuberat.·</strong></span> <span class='ocrx_word' id='word_1_22' title='bbox 197 745 279 794; x_wconf 88' lang='lat' dir='ltr'><strong>liuius</strong></span> <span class='ocrx_word' id='word_1_23' title='bbox 301 743 384 791; x_wconf 70' lang='lat' dir='ltr'><strong>insule</strong></span> <span class='ocrx_word' id='word_1_24' title='bbox 408 746 435 789; x_wconf 91' lang='lat' dir='ltr'><strong>et</strong></span> <span class='ocrx_word' id='word_1_25' title='bbox 459 741 568 789; x_wconf 90' lang='lat' dir='ltr'><strong>aliarum</strong></span> <span class='ocrx_word' id='word_1_26' title='bbox 595 751 663 801; x_wconf 88' lang='lat' dir='ltr'><strong>quas</strong></span> <span class='ocrx_word' id='word_1_27' title='bbox 691 737 744 786; x_wconf 89' lang='lat' dir='ltr'><strong>vidi</strong></span> <span class='ocrx_word' id='word_1_28' title='bbox 766 737 820 784; x_wconf 87' lang='lat' dir='ltr'><strong>ho·</strong></span> 
     </span>
     <span class='ocr_line' id='line_1_6' title="bbox 28 818 820 885; baseline -0.016 -9"><span class='ocrx_word' id='word_1_29' title='bbox 28 828 116 877; x_wconf 91' lang='lat' dir='ltr'><strong>mines</strong></span> <span class='ocrx_word' id='word_1_30' title='bbox 144 835 243 873; x_wconf 90' lang='lat' dir='ltr'><strong>mecum</strong></span> <span class='ocrx_word' id='word_1_31' title='bbox 269 826 347 885; x_wconf 92' lang='lat' dir='ltr'><strong>porto</strong></span> <span class='ocrx_word' id='word_1_32' title='bbox 370 822 413 882; x_wconf 92' lang='lat' dir='ltr'><strong>qui</strong></span> <span class='ocrx_word' id='word_1_33' title='bbox 439 820 532 868; x_wconf 89' lang='lat' dir='ltr'><strong>horum</strong></span> <span class='ocrx_word' id='word_1_34' title='bbox 557 831 607 880; x_wconf 87' lang='lat' dir='ltr'><strong>que</strong></span> <span class='ocrx_word' id='word_1_35' title='bbox 625 818 678 883; x_wconf 82' lang='lat' dir='ltr'><strong>dixi</strong></span> <span class='ocrx_word' id='word_1_36' title='bbox 704 819 820 866; x_wconf 90' lang='lat' dir='ltr'><strong>testimo·</strong></span> 
     </span>
     <span class='ocr_line' id='line_1_7' title="bbox 28 882 823 966; baseline -0.018 -11"><span class='ocrx_word' id='word_1_37' title='bbox 28 909 102 955; x_wconf 92' lang='lat' dir='ltr'><strong>nium</strong></span> <span class='ocrx_word' id='word_1_38' title='bbox 125 903 274 966; x_wconf 89' lang='lat' dir='ltr'><strong>perhibent.</strong></span> <span class='ocrx_word' id='word_1_39' title='bbox 300 898 416 961; x_wconf 87' lang='lat' dir='ltr'><strong>Denique</strong></span> <span class='ocrx_word' id='word_1_40' title='bbox 433 905 461 947; x_wconf 91' lang='lat' dir='ltr'><strong>ut</strong></span> <span class='ocrx_word' id='word_1_41' title='bbox 478 898 560 946; x_wconf 81' lang='lat' dir='ltr'><strong>nostri</strong></span> <span class='ocrx_word' id='word_1_42' title='bbox 577 895 712 944; x_wconf 77' lang='lat' dir='ltr'>discessus</span> <span class='ocrx_word' id='word_1_43' title='bbox 728 897 755 943; x_wconf 90' lang='lat' dir='ltr'><strong>et</strong></span> <span class='ocrx_word' id='word_1_44' title='bbox 774 882 823 942; x_wconf 57' lang='lat' dir='ltr'><strong>ce)</strong></span> 
     </span>
     <span class='ocr_line' id='line_1_8' title="bbox 29 970 819 1040; baseline -0.019 -6"><span class='ocrx_word' id='word_1_45' title='bbox 29 987 94 1034; x_wconf 84' lang='lat' dir='ltr'><strong>ieris</strong></span> <span class='ocrx_word' id='word_1_46' title='bbox 111 979 273 1033; x_wconf 76' lang='lat' dir='ltr'><strong>reversionis</strong></span> <span class='ocrx_word' id='word_1_47' title='bbox 288 977 471 1040; x_wconf 82' lang='lat' dir='ltr'><strong>compendium</strong></span> <span class='ocrx_word' id='word_1_48' title='bbox 487 988 517 1024; x_wconf 92' lang='lat' dir='ltr'><strong>ac</strong></span> <span class='ocrx_word' id='word_1_49' title='bbox 540 975 744 1024; x_wconf 86' lang='lat' dir='ltr'><strong>emolumentum</strong></span> <span class='ocrx_word' id='word_1_50' title='bbox 756 970 819 1020; x_wconf 92' lang='lat' dir='ltr'><strong>bre·</strong></span> 
     </span>
     <span class='ocr_line' id='line_1_9' title="bbox 29 1049 819 1122; baseline -0.02 -10"><span class='ocrx_word' id='word_1_51' title='bbox 29 1063 110 1112; x_wconf 92' lang='lat' dir='ltr'><strong>vibns</strong></span> <span class='ocrx_word' id='word_1_52' title='bbox 128 1062 269 1122; x_wconf 72' lang='lat' dir='ltr'><strong>astringam</strong></span> <span class='ocrx_word' id='word_1_53' title='bbox 295 1057 344 1105; x_wconf 91' lang='lat' dir='ltr'><strong>boc</strong></span> <span class='ocrx_word' id='word_1_54' title='bbox 365 1057 509 1118; x_wconf 77' lang='lat' dir='ltr'><strong>polliceor=</strong></span> <span class='ocrx_word' id='word_1_55' title='bbox 530 1065 571 1102; x_wconf 88' lang='lat' dir='ltr'><strong>ms</strong></span> <span class='ocrx_word' id='word_1_56' title='bbox 591 1053 689 1102; x_wconf 90' lang='lat' dir='ltr'><strong>nostris</strong></span> <span class='ocrx_word' id='word_1_57' title='bbox 709 1049 819 1111; x_wconf 82' lang='lat' dir='ltr'><strong>Regibus</strong></span> 
     </span>
     <span class='ocr_line' id='line_1_10' title="bbox 28 1131 818 1198; baseline -0.016 -9"><span class='ocrx_word' id='word_1_58' title='bbox 28 1140 212 1191; x_wconf 74' lang='lat' dir='ltr'><strong>invictissimis</strong></span> <span class='ocrx_word' id='word_1_59' title='bbox 236 1147 320 1198; x_wconf 88' lang='lat' dir='ltr'><strong>parvo</strong></span> <span class='ocrx_word' id='word_1_60' title='bbox 342 1146 432 1183; x_wconf 89' lang='lat' dir='ltr'><strong>eorum</strong></span> <span class='ocrx_word' id='word_1_61' title='bbox 463 1133 556 1182; x_wconf 89' lang='lat' dir='ltr'><strong>iulium</strong></span> <span class='ocrx_word' id='word_1_62' title='bbox 581 1131 698 1180; x_wconf 77' lang='lat' dir='ltr'><strong>auxilio:</strong></span> <span class='ocrx_word' id='word_1_63' title='bbox 721 1132 818 1178; x_wconf 75' lang='lat' dir='ltr'><strong>unium</strong></span> 
     </span>
     <span class='ocr_line' id='line_1_11' title="bbox 29 1211 819 1276; baseline -0.019 -6"><span class='ocrx_word' id='word_1_64' title='bbox 29 1221 86 1270; x_wconf 89' lang='lat' dir='ltr'><strong>anri</strong></span> <span class='ocrx_word' id='word_1_65' title='bbox 104 1218 227 1267; x_wconf 90' lang='lat' dir='ltr'><strong>daturum</strong></span> <span class='ocrx_word' id='word_1_66' title='bbox 240 1216 370 1276; x_wconf 91' lang='lat' dir='ltr'><strong>qnantum</strong></span> <span class='ocrx_word' id='word_1_67' title='bbox 382 1214 420 1261; x_wconf 91' lang='lat' dir='ltr'><strong>eis</strong></span> <span class='ocrx_word' id='word_1_68' title='bbox 437 1211 516 1260; x_wconf 90' lang='lat' dir='ltr'><strong>inerit</strong></span> <span class='ocrx_word' id='word_1_69' title='bbox 533 1222 614 1272; x_wconf 92' lang='lat' dir='ltr'><strong>opus.</strong></span> <span class='ocrx_word' id='word_1_70' title='bbox 632 1211 732 1274; x_wconf 77' lang='lat' dir='ltr'><strong>tantuma</strong></span> <span class='ocrx_word' id='word_1_71' title='bbox 754 1216 819 1255; x_wconf 87' lang='lat' dir='ltr'><strong>vero</strong></span> 
     </span>
     <span class='ocr_line' id='line_1_12' title="bbox 29 1283 819 1350; baseline -0.022 -2"><span class='ocrx_word' id='word_1_72' title='bbox 29 1300 195 1348; x_wconf 84' lang='lat' dir='ltr'><strong>aromatum.</strong></span> <span class='ocrx_word' id='word_1_73' title='bbox 212 1283 340 1342; x_wconf 88' lang='lat' dir='ltr'><strong>bombicis</strong></span> <span class='ocrx_word' id='word_1_74' title='bbox 350 1324 356 1337; x_wconf 87' lang='lat'><strong>.</strong></span> <span class='ocrx_word' id='word_1_75' title='bbox 365 1290 480 1339; x_wconf 88' lang='lat' dir='ltr'><strong>masticis</strong></span> <span class='ocrx_word' id='word_1_76' title='bbox 490 1308 496 1335; x_wconf 72' lang='grc' dir='ltr'><strong><em>ι</em></strong></span> <span class='ocrx_word' id='word_1_77' title='bbox 508 1290 633 1350; x_wconf 89' lang='lat' dir='ltr'><strong>quantum</strong></span> <span class='ocrx_word' id='word_1_78' title='bbox 647 1285 716 1348; x_wconf 87' lang='lat' dir='ltr'><strong>apud</strong></span> <span class='ocrx_word' id='word_1_79' title='bbox 728 1283 819 1334; x_wconf 87' lang='lat' dir='ltr'><strong>Chium</strong></span> 
     </span>
     <span class='ocr_line' id='line_1_13' title="bbox 29 1366 818 1430; baseline -0.02 -3"><span class='ocrx_word' id='word_1_80' title='bbox 29 1377 160 1426; x_wconf 75' lang='lat' dir='ltr'><strong>duntaxat</strong></span> <span class='ocrx_word' id='word_1_81' title='bbox 182 1372 332 1421; x_wconf 86' lang='lat' dir='ltr'><strong>invenitur.</strong></span> <span class='ocrx_word' id='word_1_82' title='bbox 350 1372 504 1430; x_wconf 89' lang='lat' dir='ltr'><strong>tantumque</strong></span> <span class='ocrx_word' id='word_1_83' title='bbox 529 1367 589 1430; x_wconf 87' lang='lat' dir='ltr'><strong>ligni</strong></span> <span class='ocrx_word' id='word_1_84' title='bbox 613 1366 701 1414; x_wconf 87' lang='lat' dir='ltr'><strong>aloes.</strong></span> <span class='ocrx_word' id='word_1_85' title='bbox 718 1367 818 1413; x_wconf 87' lang='lat' dir='ltr'><strong>tanturn</strong></span> 
     </span>
     <span class='ocr_line' id='line_1_14' title="bbox 30 1441 821 1514; baseline -0.023 -8"><span class='ocrx_word' id='word_1_86' title='bbox 30 1466 171 1506; x_wconf 86' lang='lat' dir='ltr'><strong>servorum</strong></span> <span class='ocrx_word' id='word_1_87' title='bbox 200 1449 407 1514; x_wconf 84' lang='lat' dir='ltr'><strong>hydolatrarium</strong></span> <span class='ocrx_word' id='word_1_88' title='bbox 430 1450 439 1507; x_wconf 88' lang='lat'>(</span> <span class='ocrx_word' id='word_1_89' title='bbox 459 1446 485 1494; x_wconf 82' lang='lat' dir='ltr'><strong>iu</strong></span> <span class='ocrx_word' id='word_1_90' title='bbox 510 1443 744 1494; x_wconf 73' lang='lat' dir='ltr'><strong>alterationibus</strong></span> <span class='ocrx_word' id='word_1_91' title='bbox 770 1441 821 1504; x_wconf 83' lang='lat' dir='ltr'><strong>hy·</strong></span> 
     </span>
     <span class='ocr_line' id='line_1_15' title="bbox 31 1521 820 1597; baseline -0.015 -13"><span class='ocrx_word' id='word_1_92' title='bbox 31 1533 274 1597; x_wconf 68' lang='lat' dir='ltr'><strong>drpphilatornmtz</strong></span> <span class='ocrx_word' id='word_1_93' title='bbox 292 1529 416 1589; x_wconf 90' lang='lat' dir='ltr'><strong>qnantum</strong></span> <span class='ocrx_word' id='word_1_94' title='bbox 440 1538 530 1576; x_wconf 90' lang='lat' dir='ltr'><strong>eorum</strong></span> <span class='ocrx_word' id='word_1_95' title='bbox 558 1524 682 1579; x_wconf 89' lang='lat' dir='ltr'><strong>maiestas</strong></span> <span class='ocrx_word' id='word_1_96' title='bbox 708 1521 820 1572; x_wconf 80' lang='lat' dir='ltr'><strong>coluerit</strong></span> 
     </span>
     <span class='ocr_line' id='line_1_16' title="bbox 30 1602 819 1673; baseline -0.019 -11"><span class='ocrx_word' id='word_1_97' title='bbox 30 1616 148 1673; x_wconf 86' lang='lat' dir='ltr'><strong>exigere.</strong></span> <span class='ocrx_word' id='word_1_98' title='bbox 174 1612 237 1658; x_wconf 88' lang='lat' dir='ltr'><strong>item</strong></span> <span class='ocrx_word' id='word_1_99' title='bbox 265 1605 455 1656; x_wconf 77' lang='lat' dir='ltr'><strong>reubarbarum</strong></span> <span class='ocrx_word' id='word_1_100' title='bbox 483 1607 509 1653; x_wconf 91' lang='lat' dir='ltr'><strong>et</strong></span> <span class='ocrx_word' id='word_1_101' title='bbox 535 1604 645 1653; x_wconf 91' lang='lat' dir='ltr'><strong>aliorum</strong></span> <span class='ocrx_word' id='word_1_102' title='bbox 675 1602 819 1650; x_wconf 89' lang='lat' dir='ltr'><strong>aromatum</strong></span> 
     </span>
     <span class='ocr_line' id='line_1_17' title="bbox 31 1677 821 1753; baseline -0.019 -13"><span class='ocrx_word' id='word_1_103' title='bbox 31 1703 129 1753; x_wconf 87' lang='lat' dir='ltr'><strong>genera</strong></span> <span class='ocrx_word' id='word_1_104' title='bbox 152 1700 203 1750; x_wconf 91' lang='lat' dir='ltr'><strong>qne</strong></span> <span class='ocrx_word' id='word_1_105' title='bbox 234 1687 250 1736; x_wconf 94' lang='lat' dir='ltr'><strong>ii</strong></span> <span class='ocrx_word' id='word_1_106' title='bbox 280 1696 347 1748; x_wconf 89' lang='lat' dir='ltr'><strong>qnos</strong></span> <span class='ocrx_word' id='word_1_107' title='bbox 369 1685 396 1733; x_wconf 91' lang='lat' dir='ltr'><strong>in</strong></span> <span class='ocrx_word' id='word_1_108' title='bbox 417 1683 489 1747; x_wconf 85' lang='lat' dir='ltr'><strong>dicta</strong></span> <span class='ocrx_word' id='word_1_109' title='bbox 507 1694 571 1734; x_wconf 88' lang='lat' dir='ltr'><strong>arce</strong></span> <span class='ocrx_word' id='word_1_110' title='bbox 593 1681 685 1744; x_wconf 89' lang='lat' dir='ltr'><strong>reliqui</strong></span> <span class='ocrx_word' id='word_1_111' title='bbox 708 1680 758 1728; x_wconf 91' lang='lat' dir='ltr'><strong>ism</strong></span> <span class='ocrx_word' id='word_1_112' title='bbox 780 1677 821 1726; x_wconf 92' lang='lat' dir='ltr'><strong>in·</strong></span> 
     </span>
     <span class='ocr_line' id='line_1_18' title="bbox 31 1758 819 1828; baseline -0.013 -11"><span class='ocrx_word' id='word_1_113' title='bbox 31 1769 140 1819; x_wconf 89' lang='lat' dir='ltr'><strong>venisse</strong></span> <span class='ocrx_word' id='word_1_114' title='bbox 161 1771 239 1828; x_wconf 86' lang='lat' dir='ltr'><strong>alque</strong></span> <span class='ocrx_word' id='word_1_115' title='bbox 259 1766 411 1814; x_wconf 87' lang='lat' dir='ltr'><strong>inventuros</strong></span> <span class='ocrx_word' id='word_1_116' title='bbox 438 1762 589 1815; x_wconf 75' lang='lat' dir='ltr'><strong>existimor.</strong></span> <span class='ocrx_word' id='word_1_117' title='bbox 610 1758 819 1823; x_wconf 76' lang='lat' dir='ltr'><strong>qnandoquidem</strong></span> 
     </span>
     <span class='ocr_line' id='line_1_19' title="bbox 30 1840 822 1910; baseline -0.015 -13"><span class='ocrx_word' id='word_1_118' title='bbox 30 1859 78 1910; x_wconf 88' lang='lat' dir='ltr'><strong>ego</strong></span> <span class='ocrx_word' id='word_1_119' title='bbox 90 1845 182 1896; x_wconf 90' lang='lat' dir='ltr'><strong>nullibi</strong></span> <span class='ocrx_word' id='word_1_120' title='bbox 201 1845 282 1906; x_wconf 91' lang='lat' dir='ltr'><strong>magis</strong></span> <span class='ocrx_word' id='word_1_121' title='bbox 299 1854 357 1892; x_wconf 88' lang='lat' dir='ltr'><strong>sum</strong></span> <span class='ocrx_word' id='word_1_122' title='bbox 374 1845 492 1891; x_wconf 89' lang='lat' dir='ltr'><strong>moratus</strong></span> <span class='ocrx_word' id='word_1_123' title='bbox 516 1840 565 1889; x_wconf 90' lang='lat' dir='ltr'><strong>nisi</strong></span> <span class='ocrx_word' id='word_1_124' title='bbox 578 1842 703 1902; x_wconf 87' lang='lat' dir='ltr'><strong>quantum</strong></span> <span class='ocrx_word' id='word_1_125' title='bbox 722 1847 762 1886; x_wconf 91' lang='lat' dir='ltr'><strong>me</strong></span> <span class='ocrx_word' id='word_1_126' title='bbox 778 1848 822 1886; x_wconf 92' lang='lat' dir='ltr'><strong>co·</strong></span> 
     </span>
     <span class='ocr_line' id='line_1_20' title="bbox 30 1910 821 1988; baseline -0.014 -13"><span class='ocrx_word' id='word_1_127' title='bbox 30 1929 143 1988; x_wconf 86' lang='lat' dir='ltr'><strong>egerunt</strong></span> <span class='ocrx_word' id='word_1_128' title='bbox 163 1925 253 1973; x_wconf 82' lang='lat' dir='ltr'><strong>venti:</strong></span> <span class='ocrx_word' id='word_1_129' title='bbox 273 1910 443 1983; x_wconf 81' lang='lat' dir='ltr'><strong>preterquam</strong></span> <span class='ocrx_word' id='word_1_130' title='bbox 462 1920 489 1967; x_wconf 93' lang='lat' dir='ltr'><strong>in</strong></span> <span class='ocrx_word' id='word_1_131' title='bbox 505 1919 567 1967; x_wconf 92' lang='lat' dir='ltr'><strong>villa</strong></span> <span class='ocrx_word' id='word_1_132' title='bbox 584 1917 750 1968; x_wconf 81' lang='lat' dir='ltr'><strong>Natiuitatis:</strong></span> <span class='ocrx_word' id='word_1_133' title='bbox 762 1914 821 1964; x_wconf 89' lang='lat' dir='ltr'><strong>dum</strong></span> 
     </span>
     <span class='ocr_line' id='line_1_21' title="bbox 30 1995 822 2059; baseline -0.013 -6"><span class='ocrx_word' id='word_1_134' title='bbox 30 2005 123 2053; x_wconf 80' lang='lat' dir='ltr'><strong>arcem</strong></span> <span class='ocrx_word' id='word_1_135' title='bbox 137 2001 252 2051; x_wconf 89' lang='lat' dir='ltr'><strong>condere</strong></span> <span class='ocrx_word' id='word_1_136' title='bbox 269 2005 294 2049; x_wconf 90' lang='lat' dir='ltr'><strong>et</strong></span> <span class='ocrx_word' id='word_1_137' title='bbox 312 2003 367 2049; x_wconf 89' lang='lat' dir='ltr'><strong>tnta</strong></span> <span class='ocrx_word' id='word_1_138' title='bbox 384 1999 472 2047; x_wconf 87' lang='lat' dir='ltr'><strong>omnia</strong></span> <span class='ocrx_word' id='word_1_139' title='bbox 483 2009 541 2048; x_wconf 87' lang='lat' dir='ltr'><strong>esso</strong></span> <span class='ocrx_word' id='word_1_140' title='bbox 558 1996 670 2059; x_wconf 85' lang='lat' dir='ltr'><strong>providi.</strong></span> <span class='ocrx_word' id='word_1_141' title='bbox 685 1996 739 2056; x_wconf 85' lang='lat' dir='ltr'><strong>Qus</strong></span> <span class='ocrx_word' id='word_1_142' title='bbox 757 1999 784 2044; x_wconf 90' lang='lat' dir='ltr'><strong>et</strong></span> <span class='ocrx_word' id='word_1_143' title='bbox 800 1995 822 2044; x_wconf 89' lang='lat' dir='ltr'><strong>si</strong></span> 
     </span>
     <span class='ocr_line' id='line_1_22' title="bbox 31 2073 822 2142; baseline -0.014 -9"><span class='ocrx_word' id='word_1_144' title='bbox 31 2085 147 2133; x_wconf 81' lang='lat' dir='ltr'><strong>maxima</strong></span> <span class='ocrx_word' id='word_1_145' title='bbox 158 2084 185 2130; x_wconf 89' lang='lat' dir='ltr'><strong>ei</strong></span> <span class='ocrx_word' id='word_1_146' title='bbox 197 2079 311 2132; x_wconf 87' lang='lat' dir='ltr'><strong>inaudite</strong></span> <span class='ocrx_word' id='word_1_147' title='bbox 327 2081 406 2128; x_wconf 67' lang='lat' dir='ltr'><strong>sunta</strong></span> <span class='ocrx_word' id='word_1_148' title='bbox 422 2077 503 2129; x_wconf 86' lang='lat' dir='ltr'><strong>multo</strong></span> <span class='ocrx_word' id='word_1_149' title='bbox 514 2081 602 2142; x_wconf 87' lang='lat' dir='ltr'><strong>lamen</strong></span> <span class='ocrx_word' id='word_1_150' title='bbox 619 2076 716 2125; x_wconf 87' lang='lat' dir='ltr'><strong>maiora</strong></span> <span class='ocrx_word' id='word_1_151' title='bbox 738 2073 822 2124; x_wconf 89' lang='lat' dir='ltr'><strong>iurent</strong></span> 
     </span>
     <span class='ocr_line' id='line_1_23' title="bbox 32 2152 824 2217; baseline -0.01 -8"><span class='ocrx_word' id='word_1_152' title='bbox 32 2161 148 2209; x_wconf 82' lang='lat' dir='ltr'><strong>sineres</strong></span> <span class='ocrx_word' id='word_1_153' title='bbox 161 2157 223 2206; x_wconf 91' lang='lat' dir='ltr'><strong>mihi</strong></span> <span class='ocrx_word' id='word_1_154' title='bbox 233 2161 261 2206; x_wconf 95' lang='lat' dir='ltr'><strong>ut</strong></span> <span class='ocrx_word' id='word_1_155' title='bbox 273 2159 339 2206; x_wconf 89' lang='lat' dir='ltr'><strong>ratio</strong></span> <span class='ocrx_word' id='word_1_156' title='bbox 351 2155 431 2214; x_wconf 78' lang='lat' dir='ltr'><strong>exigit</strong></span> <span class='ocrx_word' id='word_1_157' title='bbox 443 2154 639 2217; x_wconf 88' lang='lat' dir='ltr'><strong>subvenissent.</strong></span> <span class='ocrx_word' id='word_1_158' title='bbox 652 2152 745 2200; x_wconf 83' lang='lat' dir='ltr'><strong>verum</strong></span> <span class='ocrx_word' id='word_1_159' title='bbox 755 2152 824 2201; x_wconf 87' lang='lat' dir='ltr'><strong>mul·</strong></span> 
     </span>
     <span class='ocr_line' id='line_1_24' title="bbox 32 2230 823 2292; baseline -0.008 -6"><span class='ocrx_word' id='word_1_160' title='bbox 32 2242 86 2288; x_wconf 90' lang='lat' dir='ltr'><strong>tum</strong></span> <span class='ocrx_word' id='word_1_161' title='bbox 100 2250 132 2285; x_wconf 87' lang='lat' dir='ltr'><strong>ac</strong></span> <span class='ocrx_word' id='word_1_162' title='bbox 142 2234 260 2286; x_wconf 87' lang='lat' dir='ltr'><strong>mirabile</strong></span> <span class='ocrx_word' id='word_1_163' title='bbox 269 2235 325 2283; x_wconf 81' lang='lat' dir='ltr'><strong>boc=</strong></span> <span class='ocrx_word' id='word_1_164' title='bbox 335 2244 383 2282; x_wconf 88' lang='lat' dir='ltr'><strong>nec</strong></span> <span class='ocrx_word' id='word_1_165' title='bbox 393 2233 491 2281; x_wconf 90' lang='lat' dir='ltr'><strong>nostris</strong></span> <span class='ocrx_word' id='word_1_166' title='bbox 503 2231 603 2280; x_wconf 89' lang='lat' dir='ltr'><strong>meritis</strong></span> <span class='ocrx_word' id='word_1_167' title='bbox 613 2230 823 2292; x_wconf 84' lang='lat' dir='ltr'><strong>correspondens</strong></span> 
     </span>
     <span class='ocr_line' id='line_1_25' title="bbox 32 2310 822 2379; baseline -0.014 -10"><span class='ocrx_word' id='word_1_168' title='bbox 32 2318 80 2368; x_wconf 90' lang='lat' dir='ltr'><strong>sed</strong></span> <span class='ocrx_word' id='word_1_169' title='bbox 109 2318 201 2379; x_wconf 86' lang='lat' dir='ltr'><strong>sancte</strong></span> <span class='ocrx_word' id='word_1_170' title='bbox 227 2313 376 2363; x_wconf 80' lang='lat' dir='ltr'><strong>Christiane</strong></span> <span class='ocrx_word' id='word_1_171' title='bbox 406 2312 482 2361; x_wconf 66' lang='lat' dir='ltr'><strong>fidele</strong></span> <span class='ocrx_word' id='word_1_172' title='bbox 507 2314 711 2373; x_wconf 90' lang='lat' dir='ltr'><strong>nostrorumque</strong></span> <span class='ocrx_word' id='word_1_173' title='bbox 728 2310 822 2372; x_wconf 88' lang='lat' dir='ltr'><strong>Regum</strong></span> 
     </span>
     <span class='ocr_line' id='line_1_26' title="bbox 33 2384 822 2459; baseline -0.016 -12"><span class='ocrx_word' id='word_1_174' title='bbox 33 2395 127 2459; x_wconf 89' lang='lat' dir='ltr'><strong>pietati</strong></span> <span class='ocrx_word' id='word_1_175' title='bbox 140 2384 171 2444; x_wconf 76' lang='lat' dir='ltr'><strong>a‘c</strong></span> <span class='ocrx_word' id='word_1_176' title='bbox 184 2393 316 2455; x_wconf 73' lang='lat' dir='ltr'><strong>religioni:</strong></span> <span class='ocrx_word' id='word_1_177' title='bbox 332 2393 392 2454; x_wconf 92' lang='lat' dir='ltr'><strong>quia</strong></span> <span class='ocrx_word' id='word_1_178' title='bbox 408 2389 477 2453; x_wconf 92' lang='lat' dir='ltr'><strong>qnod</strong></span> <span class='ocrx_word' id='word_1_179' title='bbox 494 2388 623 2439; x_wconf 90' lang='lat' dir='ltr'><strong>humanus</strong></span> <span class='ocrx_word' id='word_1_180' title='bbox 634 2389 759 2450; x_wconf 86' lang='lat' dir='ltr'><strong>consequi</strong></span> <span class='ocrx_word' id='word_1_181' title='bbox 772 2400 822 2436; x_wconf 92' lang='lat' dir='ltr'><strong>non</strong></span> 
     </span>
     <span class='ocr_line' id='line_1_27' title="bbox 33 2467 824 2540; baseline -0.013 -13"><span class='ocrx_word' id='word_1_182' title='bbox 33 2479 142 2540; x_wconf 90' lang='lat' dir='ltr'><strong>poterat</strong></span> <span class='ocrx_word' id='word_1_183' title='bbox 153 2475 311 2524; x_wconf 73' lang='lat' dir='ltr'><strong>intellectus</strong></span> <span class='ocrx_word' id='word_1_184' title='bbox 319 2472 346 2521; x_wconf 89' lang='lat' dir='ltr'><strong>id</strong></span> <span class='ocrx_word' id='word_1_185' title='bbox 358 2471 477 2520; x_wconf 89' lang='lat' dir='ltr'><strong>humanis</strong></span> <span class='ocrx_word' id='word_1_186' title='bbox 489 2471 618 2520; x_wconf 86' lang='lat' dir='ltr'><strong>concessit</strong></span> <span class='ocrx_word' id='word_1_187' title='bbox 630 2467 744 2518; x_wconf 81' lang='lat' dir='ltr'><strong>divinus.</strong></span> <span class='ocrx_word' id='word_1_188' title='bbox 754 2468 824 2517; x_wconf 87' lang='lat' dir='ltr'><strong>Solet</strong></span> 
     </span>
     <span class='ocr_line' id='line_1_28' title="bbox 33 2545 824 2612; baseline -0.014 -7"><span class='ocrx_word' id='word_1_189' title='bbox 33 2557 103 2604; x_wconf 89' lang='lat' dir='ltr'><strong>enim</strong></span> <span class='ocrx_word' id='word_1_190' title='bbox 122 2553 190 2602; x_wconf 83' lang='lat' dir='ltr'><strong>Deus</strong></span> <span class='ocrx_word' id='word_1_191' title='bbox 203 2562 296 2601; x_wconf 86' lang='lat' dir='ltr'><strong>seruos</strong></span> <span class='ocrx_word' id='word_1_192' title='bbox 314 2562 389 2599; x_wconf 71' lang='lat' dir='ltr'><strong>suess</strong></span> <span class='ocrx_word' id='word_1_193' title='bbox 406 2549 502 2612; x_wconf 89' lang='lat' dir='ltr'><strong>quique</strong></span> <span class='ocrx_word' id='word_1_194' title='bbox 514 2559 562 2598; x_wconf 89' lang='lat' dir='ltr'><strong>sua</strong></span> <span class='ocrx_word' id='word_1_195' title='bbox 576 2550 704 2609; x_wconf 87' lang='lat' dir='ltr'><strong>precepta</strong></span> <span class='ocrx_word' id='word_1_196' title='bbox 715 2545 824 2608; x_wconf 90' lang='lat' dir='ltr'><strong>diligunt</strong></span> 
     </span>
     <span class='ocr_line' id='line_1_29' title="bbox 30 2622 823 2694; baseline -0.015 -10"><span class='ocrx_word' id='word_1_197' title='bbox 30 2638 57 2684; x_wconf 91' lang='lat' dir='ltr'><strong>et</strong></span> <span class='ocrx_word' id='word_1_198' title='bbox 70 2635 98 2683; x_wconf 93' lang='lat' dir='ltr'><strong>in</strong></span> <span class='ocrx_word' id='word_1_199' title='bbox 117 2628 324 2694; x_wconf 87' lang='lat' dir='ltr'><strong>impossibilibus</strong></span> <span class='ocrx_word' id='word_1_200' title='bbox 342 2629 488 2679; x_wconf 77' lang='lat' dir='ltr'><strong>exaudire:</strong></span> <span class='ocrx_word' id='word_1_201' title='bbox 506 2630 534 2677; x_wconf 92' lang='lat' dir='ltr'><strong>ut</strong></span> <span class='ocrx_word' id='word_1_202' title='bbox 552 2625 629 2676; x_wconf 90' lang='lat' dir='ltr'><strong>nobis</strong></span> <span class='ocrx_word' id='word_1_203' title='bbox 647 2625 674 2674; x_wconf 97' lang='lat' dir='ltr'><strong>in</strong></span> <span class='ocrx_word' id='word_1_204' title='bbox 689 2622 823 2686; x_wconf 87' lang='lat' dir='ltr'><strong>presentia</strong></span> 
     </span>
     <span class='ocr_line' id='line_1_30' title="bbox 31 2703 824 2775; baseline -0.013 -13"><span class='ocrx_word' id='word_1_205' title='bbox 31 2711 159 2775; x_wconf 72' lang='lat' dir='ltr'><strong>contigitz</strong></span> <span class='ocrx_word' id='word_1_206' title='bbox 176 2709 220 2772; x_wconf 93' lang='lat' dir='ltr'><strong>qui</strong></span> <span class='ocrx_word' id='word_1_207' title='bbox 237 2720 266 2758; x_wconf 90' lang='lat' dir='ltr'><strong>es</strong></span> <span class='ocrx_word' id='word_1_208' title='bbox 283 2709 416 2758; x_wconf 89' lang='lat' dir='ltr'><strong>consecuti</strong></span> <span class='ocrx_word' id='word_1_209' title='bbox 433 2717 523 2759; x_wconf 92' lang='lat' dir='ltr'><strong>sumus</strong></span> <span class='ocrx_word' id='word_1_210' title='bbox 538 2716 592 2767; x_wconf 86' lang='lat' dir='ltr'><strong>que¹</strong></span> <span class='ocrx_word' id='word_1_211' title='bbox 611 2703 738 2753; x_wconf 89' lang='lat' dir='ltr'><strong>hactenus</strong></span> <span class='ocrx_word' id='word_1_212' title='bbox 757 2715 824 2752; x_wconf 93' lang='lat' dir='ltr'><strong>mor·</strong></span> 
     </span>
     <span class='ocr_line' id='line_1_31' title="bbox 33 2781 826 2848; baseline -0.015 -7"><span class='ocrx_word' id='word_1_213' title='bbox 33 2793 127 2841; x_wconf 88' lang='lat' dir='ltr'><strong>talium</strong></span> <span class='ocrx_word' id='word_1_214' title='bbox 145 2791 216 2839; x_wconf 86' lang='lat' dir='ltr'><strong>vires</strong></span> <span class='ocrx_word' id='word_1_215' title='bbox 234 2787 338 2836; x_wconf 93' lang='lat' dir='ltr'><strong>minime</strong></span> <span class='ocrx_word' id='word_1_216' title='bbox 356 2787 513 2848; x_wconf 76' lang='lat' dir='ltr'><strong>attigerant=</strong></span> <span class='ocrx_word' id='word_1_217' title='bbox 529 2796 588 2833; x_wconf 90' lang='lat' dir='ltr'><strong>nam</strong></span> <span class='ocrx_word' id='word_1_218' title='bbox 606 2785 628 2832; x_wconf 94' lang='lat' dir='ltr'><strong>si</strong></span> <span class='ocrx_word' id='word_1_219' title='bbox 645 2783 737 2831; x_wconf 89' lang='lat' dir='ltr'><strong>harum</strong></span> <span class='ocrx_word' id='word_1_220' title='bbox 755 2781 826 2830; x_wconf 92' lang='lat' dir='ltr'><strong>insu·</strong></span> 
     </span>
     <span class='ocr_line' id='line_1_32' title="bbox 35 2861 825 2930; baseline -0.014 -10"><span class='ocrx_word' id='word_1_221' title='bbox 35 2871 120 2920; x_wconf 89' lang='lat' dir='ltr'><strong>iarum</strong></span> <span class='ocrx_word' id='word_1_222' title='bbox 145 2868 266 2930; x_wconf 89' lang='lat' dir='ltr'><strong>quipiam·</strong></span> <span class='ocrx_word' id='word_1_223' title='bbox 283 2865 387 2928; x_wconf 85' lang='lat' dir='ltr'><strong>aliquid</strong></span> <span class='ocrx_word' id='word_1_224' title='bbox 412 2866 577 2926; x_wconf 87' lang='lat' dir='ltr'><strong>scripserunt</strong></span> <span class='ocrx_word' id='word_1_225' title='bbox 595 2865 639 2911; x_wconf 89' lang='lat' dir='ltr'><strong>aul</strong></span> <span class='ocrx_word' id='word_1_226' title='bbox 657 2861 735 2911; x_wconf 87' lang='lat' dir='ltr'><strong>loculi</strong></span> <span class='ocrx_word' id='word_1_227' title='bbox 751 2863 825 2910; x_wconf 73' lang='lat' dir='ltr'><strong>suuis</strong></span> 
     </span>
     <span class='ocr_line' id='line_1_33' title="bbox 34 2940 825 3009; baseline -0.014 -10"><span class='ocrx_word' id='word_1_228' title='bbox 34 2960 128 2999; x_wconf 91' lang='lat' dir='ltr'><strong>omnes</strong></span> <span class='ocrx_word' id='word_1_229' title='bbox 145 2960 194 3009; x_wconf 87' lang='lat' dir='ltr'><strong>per</strong></span> <span class='ocrx_word' id='word_1_230' title='bbox 210 2943 334 3006; x_wconf 87' lang='lat' dir='ltr'><strong>ambages</strong></span> <span class='ocrx_word' id='word_1_231' title='bbox 352 2948 379 2992; x_wconf 91' lang='lat' dir='ltr'><strong>et</strong></span> <span class='ocrx_word' id='word_1_232' title='bbox 395 2942 567 2992; x_wconf 88' lang='lat' dir='ltr'><strong>coniecturas.</strong></span> <span class='ocrx_word' id='word_1_233' title='bbox 582 2953 659 2990; x_wconf 89' lang='lat' dir='ltr'><strong>nemo</strong></span> <span class='ocrx_word' id='word_1_234' title='bbox 677 2952 706 2989; x_wconf 89' lang='lat' dir='ltr'><strong>ss</strong></span> <span class='ocrx_word' id='word_1_235' title='bbox 723 2951 768 2988; x_wconf 89' lang='lat' dir='ltr'><strong>eas</strong></span> <span class='ocrx_word' id='word_1_236' title='bbox 786 2940 825 2989; x_wconf 87' lang='lat' dir='ltr'><strong>ri·</strong></span> 
     </span>
     <span class='ocr_line' id='line_1_34' title="bbox 36 3018 825 3084; baseline -0.013 -7"><span class='ocrx_word' id='word_1_237' title='bbox 36 3028 108 3077; x_wconf 87' lang='lat' dir='ltr'><strong>disse</strong></span> <span class='ocrx_word' id='word_1_238' title='bbox 131 3025 241 3074; x_wconf 83' lang='lat' dir='ltr'><strong>asserit:</strong></span> <span class='ocrx_word' id='word_1_239' title='bbox 258 3024 327 3073; x_wconf 89' lang='lat' dir='ltr'><strong>unde</strong></span> <span class='ocrx_word' id='word_1_240' title='bbox 352 3033 435 3084; x_wconf 88' lang='lat' dir='ltr'><strong>prope</strong></span> <span class='ocrx_word' id='word_1_241' title='bbox 456 3019 597 3070; x_wconf 88' lang='lat' dir='ltr'><strong>videbatur</strong></span> <span class='ocrx_word' id='word_1_242' title='bbox 624 3019 721 3068; x_wconf 85' lang='lat' dir='ltr'><strong>iabnla.</strong></span> <span class='ocrx_word' id='word_1_243' title='bbox 745 3018 825 3081; x_wconf 84' lang='lat' dir='ltr'><strong>Igitur</strong></span> 
     </span>
     <span class='ocr_line' id='line_1_35' title="bbox 35 3096 825 3165; baseline -0.014 -9"><span class='ocrx_word' id='word_1_244' title='bbox 35 3107 97 3156; x_wconf 84' lang='lat' dir='ltr'><strong>Rex</strong></span> <span class='ocrx_word' id='word_1_245' title='bbox 117 3110 144 3154; x_wconf 91' lang='lat' dir='ltr'><strong>et</strong></span> <span class='ocrx_word' id='word_1_246' title='bbox 173 3103 269 3165; x_wconf 85' lang='lat' dir='ltr'><strong>Regina</strong></span> <span class='ocrx_word' id='word_1_247' title='bbox 296 3104 474 3164; x_wconf 82' lang='lat' dir='ltr'><strong>princepsque</strong></span> <span class='ocrx_word' id='word_1_248' title='bbox 499 3112 529 3148; x_wconf 91' lang='lat' dir='ltr'><strong>ac</strong></span> <span class='ocrx_word' id='word_1_249' title='bbox 556 3111 648 3150; x_wconf 90' lang='lat' dir='ltr'><strong>eorum</strong></span> <span class='ocrx_word' id='word_1_250' title='bbox 675 3109 752 3160; x_wconf 90' lang='lat' dir='ltr'><strong>regua</strong></span> <span class='ocrx_word' id='word_1_251' title='bbox 785 3096 825 3146; x_wconf 91' lang='lat' dir='ltr'><strong>ie·</strong></span> 
     </span>
     <span class='ocr_line' id='line_1_36' title="bbox 35 3176 824 3244; baseline -0.009 -10"><span class='ocrx_word' id='word_1_252' title='bbox 35 3186 162 3236; x_wconf 87' lang='lat' dir='ltr'><strong>licisslms</strong></span> <span class='ocrx_word' id='word_1_253' title='bbox 197 3185 343 3244; x_wconf 87' lang='lat' dir='ltr'><strong>cuncteque</strong></span> <span class='ocrx_word' id='word_1_254' title='bbox 371 3182 420 3230; x_wconf 87' lang='lat' dir='ltr'><strong>alie</strong></span> <span class='ocrx_word' id='word_1_255' title='bbox 452 3178 661 3230; x_wconf 86' lang='lat' dir='ltr'><strong>Christianorum</strong></span> <span class='ocrx_word' id='word_1_256' title='bbox 691 3176 824 3240; x_wconf 87' lang='lat' dir='ltr'><strong>provincie</strong></span> 
     </span>
     <span class='ocr_line' id='line_1_37' title="bbox 32 3246 825 3321; baseline -0.011 -9"><span class='ocrx_word' id='word_1_257' title='bbox 32 3246 162 3312; x_wconf 79' lang='lat' dir='ltr'><strong>salvatori</strong></span> <span class='ocrx_word' id='word_1_258' title='bbox 185 3260 295 3321; x_wconf 87' lang='lat' dir='ltr'><strong>Domino</strong></span> <span class='ocrx_word' id='word_1_259' title='bbox 320 3264 411 3309; x_wconf 92' lang='lat' dir='ltr'><strong>nostro</strong></span> <span class='ocrx_word' id='word_1_260' title='bbox 426 3256 489 3308; x_wconf 86' lang='lat' dir='ltr'><strong>iesu</strong></span> <span class='ocrx_word' id='word_1_261' title='bbox 507 3256 612 3313; x_wconf 81' lang='lat' dir='ltr'><strong>Christo</strong></span> <span class='ocrx_word' id='word_1_262' title='bbox 636 3267 743 3318; x_wconf 89' lang='lat' dir='ltr'><strong>agamus</strong></span> <span class='ocrx_word' id='word_1_263' title='bbox 764 3268 825 3316; x_wconf 91' lang='lat' dir='ltr'><strong>gra·</strong></span> 
     </span>
     <span class='ocr_line' id='line_1_38' title="bbox 37 3334 825 3402; baseline -0.01 -12"><span class='ocrx_word' id='word_1_264' title='bbox 37 3344 105 3391; x_wconf 65' lang='lat' dir='ltr'><strong>tissa</strong></span> <span class='ocrx_word' id='word_1_265' title='bbox 119 3344 163 3402; x_wconf 91' lang='lat' dir='ltr'><strong>qui</strong></span> <span class='ocrx_word' id='word_1_266' title='bbox 181 3342 253 3388; x_wconf 87' lang='lat' dir='ltr'><strong>lente</strong></span> <span class='ocrx_word' id='word_1_267' title='bbox 269 3350 318 3387; x_wconf 92' lang='lat' dir='ltr'><strong>nos</strong></span> <span class='ocrx_word' id='word_1_268' title='bbox 336 3337 446 3386; x_wconf 89' lang='lat' dir='ltr'><strong>victoria</strong></span> <span class='ocrx_word' id='word_1_269' title='bbox 461 3348 623 3399; x_wconf 90' lang='lat' dir='ltr'><strong>munereque</strong></span> <span class='ocrx_word' id='word_1_270' title='bbox 640 3334 766 3384; x_wconf 79' lang='lat' dir='ltr'><strong>donavit:</strong></span> <span class='ocrx_word' id='word_1_271' title='bbox 783 3346 825 3383; x_wconf 90' lang='lat' dir='ltr'><strong>ce·</strong></span> 
     </span>
     <span class='ocr_line' id='line_1_39' title="bbox 36 3416 823 3480; baseline -0.011 -10"><span class='ocrx_word' id='word_1_272' title='bbox 36 3421 175 3471; x_wconf 91' lang='lat' dir='ltr'><strong>lebrentnr</strong></span> <span class='ocrx_word' id='word_1_273' title='bbox 190 3430 390 3480; x_wconf 81' lang='lat' dir='ltr'><strong>processiones.</strong></span> <span class='ocrx_word' id='word_1_274' title='bbox 408 3421 568 3478; x_wconf 90' lang='lat' dir='ltr'><strong>peregantur</strong></span> <span class='ocrx_word' id='word_1_275' title='bbox 584 3416 711 3465; x_wconf 86' lang='lat' dir='ltr'><strong>solemnia</strong></span> <span class='ocrx_word' id='word_1_276' title='bbox 733 3425 823 3464; x_wconf 72' lang='lat' dir='ltr'><strong>sacras</strong></span> 
     </span>
     <span class='ocr_line' id='line_1_40' title="bbox 35 3493 824 3562; baseline -0.011 -12"><span class='ocrx_word' id='word_1_277' title='bbox 35 3501 157 3562; x_wconf 89' lang='lat' dir='ltr'><strong>iestaque</strong></span> <span class='ocrx_word' id='word_1_278' title='bbox 183 3498 275 3548; x_wconf 91' lang='lat' dir='ltr'><strong>ironds</strong></span> <span class='ocrx_word' id='word_1_279' title='bbox 299 3499 421 3546; x_wconf 78' lang='lat' dir='ltr'><strong>velentur</strong></span> <span class='ocrx_word' id='word_1_280' title='bbox 441 3495 565 3545; x_wconf 85' lang='lat' dir='ltr'><strong>delubra.</strong></span> <span class='ocrx_word' id='word_1_281' title='bbox 582 3496 682 3544; x_wconf 86' lang='lat' dir='ltr'><strong>exultet</strong></span> <span class='ocrx_word' id='word_1_282' title='bbox 705 3493 824 3542; x_wconf 87' lang='lat' dir='ltr'><strong>Christus</strong></span> 
     </span>
     <span class='ocr_line' id='line_1_41' title="bbox 40 3562 826 3640; baseline -0.009 -13"><span class='ocrx_word' id='word_1_283' title='bbox 40 3580 67 3627; x_wconf 93' lang='lat' dir='ltr'><strong>in</strong></span> <span class='ocrx_word' id='word_1_284' title='bbox 92 3578 173 3627; x_wconf 89' lang='lat' dir='ltr'><strong>terris</strong></span> <span class='ocrx_word' id='word_1_285' title='bbox 195 3575 414 3640; x_wconf 89' lang='lat' dir='ltr'><strong>quemadmodum</strong></span> <span class='ocrx_word' id='word_1_286' title='bbox 441 3575 466 3623; x_wconf 93' lang='lat' dir='ltr'><strong>in</strong></span> <span class='ocrx_word' id='word_1_287' title='bbox 490 3574 554 3623; x_wconf 90' lang='lat' dir='ltr'><strong>celis</strong></span> <span class='ocrx_word' id='word_1_288' title='bbox 577 3562 762 3632; x_wconf 68' lang='lat' dir='ltr'><strong>excitamque</strong></span> <span class='ocrx_word' id='word_1_289' title='bbox 789 3575 826 3620; x_wconf 92' lang='lat' dir='ltr'><strong>toi</strong></span> 
     </span>
     <span class='ocr_line' id='line_1_42' title="bbox 37 3650 824 3720; baseline -0.011 -12"><span class='ocrx_word' id='word_1_290' title='bbox 37 3659 196 3720; x_wconf 87' lang='lat' dir='ltr'><strong>populorum</strong></span> <span class='ocrx_word' id='word_1_291' title='bbox 223 3656 341 3718; x_wconf 89' lang='lat' dir='ltr'><strong>perditas</strong></span> <span class='ocrx_word' id='word_1_292' title='bbox 366 3657 427 3704; x_wconf 88' lang='lat' dir='ltr'><strong>ante</strong></span> <span class='ocrx_word' id='word_1_293' title='bbox 452 3653 500 3702; x_wconf 90' lang='lat' dir='ltr'><strong>hac</strong></span> <span class='ocrx_word' id='word_1_294' title='bbox 525 3654 625 3701; x_wconf 89' lang='lat' dir='ltr'><strong>animas</strong></span> <span class='ocrx_word' id='word_1_295' title='bbox 643 3652 771 3709; x_wconf 82' lang='lat' dir='ltr'><strong>salvatum</strong></span> <span class='ocrx_word' id='word_1_296' title='bbox 793 3650 824 3699; x_wconf 92' lang='lat' dir='ltr'><strong>iri</strong></span> 
     </span>
     <span class='ocr_line' id='line_1_43' title="bbox 37 3729 825 3798; baseline -0.013 -11"><span class='ocrx_word' id='word_1_297' title='bbox 37 3737 166 3798; x_wconf 76' lang='lat' dir='ltr'><strong>presidet</strong></span> <span class='ocrx_word' id='word_1_298' title='bbox 194 3733 317 3784; x_wconf 85' lang='lat' dir='ltr'><strong>Letemur</strong></span> <span class='ocrx_word' id='word_1_299' title='bbox 338 3738 365 3783; x_wconf 90' lang='lat' dir='ltr'><strong>et</strong></span> <span class='ocrx_word' id='word_1_300' title='bbox 382 3744 446 3782; x_wconf 78' lang='lat' dir='ltr'><strong>nos:</strong></span> <span class='ocrx_word' id='word_1_301' title='bbox 469 3745 527 3781; x_wconf 91' lang='lat' dir='ltr'><strong>cum</strong></span> <span class='ocrx_word' id='word_1_302' title='bbox 551 3735 661 3794; x_wconf 89' lang='lat' dir='ltr'><strong>propter</strong></span> <span class='ocrx_word' id='word_1_303' title='bbox 687 3729 825 3780; x_wconf 90' lang='lat' dir='ltr'><strong>exaltatio·</strong></span> 
     </span>
     <span class='ocr_line' id='line_1_44' title="bbox 35 3808 823 3873; baseline -0.011 -10"><span class='ocrx_word' id='word_1_304' title='bbox 35 3828 94 3863; x_wconf 86' lang='lat' dir='ltr'><strong>aem</strong></span> <span class='ocrx_word' id='word_1_305' title='bbox 120 3816 211 3863; x_wconf 87' lang='lat' dir='ltr'><strong>nostre</strong></span> <span class='ocrx_word' id='word_1_306' title='bbox 235 3811 310 3861; x_wconf 87' lang='lat' dir='ltr'><strong>lidsi.</strong></span> <span class='ocrx_word' id='word_1_307' title='bbox 330 3815 384 3861; x_wconf 87' lang='lat' dir='ltr'><strong>turn</strong></span> <span class='ocrx_word' id='word_1_308' title='bbox 401 3814 512 3873; x_wconf 90' lang='lat' dir='ltr'><strong>propter</strong></span> <span class='ocrx_word' id='word_1_309' title='bbox 530 3821 616 3858; x_wconf 91' lang='lat' dir='ltr'><strong>rernm</strong></span> <span class='ocrx_word' id='word_1_310' title='bbox 641 3808 823 3870; x_wconf 81' lang='lat' dir='ltr'><strong>temporalium</strong></span> 
     </span>
     <span class='ocr_line' id='line_1_45' title="bbox 35 3884 824 3953; baseline -0.008 -13"><span class='ocrx_word' id='word_1_311' title='bbox 35 3895 216 3942; x_wconf 77' lang='lat' dir='ltr'><strong>incrementa:</strong></span> <span class='ocrx_word' id='word_1_312' title='bbox 232 3901 355 3953; x_wconf 88' lang='lat' dir='ltr'><strong>quorum.</strong></span> <span class='ocrx_word' id='word_1_313' title='bbox 369 3901 421 3938; x_wconf 92' lang='lat' dir='ltr'><strong>non</strong></span> <span class='ocrx_word' id='word_1_314' title='bbox 446 3891 529 3937; x_wconf 89' lang='lat' dir='ltr'><strong>solnm</strong></span> <span class='ocrx_word' id='word_1_315' title='bbox 557 3887 679 3949; x_wconf 82' lang='lat' dir='ltr'><strong>Hispania</strong></span> <span class='ocrx_word' id='word_1_316' title='bbox 700 3884 748 3935; x_wconf 89' lang='lat' dir='ltr'><strong>sed</strong></span> <span class='ocrx_word' id='word_1_317' title='bbox 768 3885 824 3935; x_wconf 92' lang='lat' dir='ltr'><strong>uni·</strong></span> 
     </span>
     <span class='ocr_line' id='line_1_46' title="bbox 35 3964 825 4029; baseline -0.01 -9"><span class='ocrx_word' id='word_1_318' title='bbox 35 3984 115 4020; x_wconf 87' lang='lat' dir='ltr'><strong>versa</strong></span> <span class='ocrx_word' id='word_1_319' title='bbox 134 3969 316 4019; x_wconf 77' lang='lat' dir='ltr'><strong>christianitas</strong></span> <span class='ocrx_word' id='word_1_320' title='bbox 334 3972 375 4018; x_wconf 89' lang='lat' dir='ltr'><strong>est</strong></span> <span class='ocrx_word' id='word_1_321' title='bbox 391 3968 477 4018; x_wconf 86' lang='lat' dir='ltr'><strong>lutura</strong></span> <span class='ocrx_word' id='word_1_322' title='bbox 496 3968 639 4029; x_wconf 86' lang='lat' dir='ltr'><strong>particeps.</strong></span> <span class='ocrx_word' id='word_1_323' title='bbox 665 3964 717 4014; x_wconf 86' lang='lat' dir='ltr'><strong>ileo</strong></span> <span class='ocrx_word' id='word_1_324' title='bbox 734 3968 761 4013; x_wconf 93' lang='lat' dir='ltr'><strong>ul</strong></span> <span class='ocrx_word' id='word_1_325' title='bbox 778 3977 825 4026; x_wconf 88' lang='lat' dir='ltr'><strong>ge-</strong></span> 
     </span>
     <span class='ocr_line' id='line_1_47' title="bbox 36 4043 824 4105; baseline -0.006 -7"><span class='ocrx_word' id='word_1_326' title='bbox 36 4054 76 4098; x_wconf 90' lang='lat' dir='ltr'><strong>sta</strong></span> <span class='ocrx_word' id='word_1_327' title='bbox 95 4052 157 4099; x_wconf 87' lang='lat' dir='ltr'><strong>sunt</strong></span> <span class='ocrx_word' id='word_1_328' title='bbox 174 4049 212 4097; x_wconf 90' lang='lat' dir='ltr'><strong>sic</strong></span> <span class='ocrx_word' id='word_1_329' title='bbox 229 4047 348 4097; x_wconf 87' lang='lat' dir='ltr'><strong>breviter</strong></span> <span class='ocrx_word' id='word_1_330' title='bbox 365 4050 495 4096; x_wconf 88' lang='lat' dir='ltr'><strong>enarrata.</strong></span> <span class='ocrx_word' id='word_1_331' title='bbox 512 4045 581 4094; x_wconf 88' lang='lat' dir='ltr'><strong>Vale.</strong></span> <span class='ocrx_word' id='word_1_332' title='bbox 600 4043 719 4094; x_wconf 89' lang='lat' dir='ltr'><strong>Ulisbone</strong></span> <span class='ocrx_word' id='word_1_333' title='bbox 738 4043 824 4105; x_wconf 89' lang='lat' dir='ltr'><strong>pridie</strong></span> 
     </span>
     <span class='ocr_line' id='line_1_48' title="bbox 36 4125 475 4191; baseline -0.014 -18"><span class='ocrx_word' id='word_1_334' title='bbox 36 4125 96 4176; x_wconf 91' lang='lat' dir='ltr'><strong>idus</strong></span> <span class='ocrx_word' id='word_1_335' title='bbox 114 4126 211 4191; x_wconf 81' lang='lat' dir='ltr'><strong>Martii.</strong></span> <span class='ocrx_word' id='word_1_336' title='bbox 473 4141 475 4145; x_wconf 83' lang='lat'><strong>.</strong></span> 
     </span>
    </p>

    <p class='ocr_par' dir='ltr' id='par_1_4' title="bbox 77 4200 762 4258">
     <span class='ocr_line' id='line_1_49' title="bbox 77 4200 762 4258; baseline -0.004 -6"><span class='ocrx_word' id='word_1_337' title='bbox 77 4203 238 4258; x_wconf 87' lang='lat' dir='ltr'><strong>Cristoiorus</strong></span> <span class='ocrx_word' id='word_1_338' title='bbox 255 4202 344 4253; x_wconf 89' lang='lat' dir='ltr'><strong>Colom</strong></span> <span class='ocrx_word' id='word_1_339' title='bbox 361 4203 466 4253; x_wconf 86' lang='lat' dir='ltr'><strong>oceane</strong></span> <span class='ocrx_word' id='word_1_340' title='bbox 482 4202 576 4252; x_wconf 88' lang='lat' dir='ltr'><strong>classis</strong></span> <span class='ocrx_word' id='word_1_341' title='bbox 593 4200 727 4252; x_wconf 81' lang='lat' dir='ltr'><strong>Proiectus</strong></span> <span class='ocrx_word' id='word_1_342' title='bbox 741 4220 762 4244; x_wconf 79' lang='grc' dir='ltr'><strong>ι.</strong></span> 
     </span>
    </p>

    <p class='ocr_par' dir='ltr' id='par_1_5' title="bbox 35 4278 830 5366">
     <span class='ocr_line' id='line_1_50' title="bbox 79 4278 824 4342; baseline -0.004 -11"><span class='ocrx_word' id='word_1_343' title='bbox 79 4284 160 4331; x_wconf 90' lang='lat' dir='ltr'><strong>Simul</strong></span> <span class='ocrx_word' id='word_1_344' title='bbox 186 4295 217 4330; x_wconf 90' lang='lat' dir='ltr'><strong>ao</strong></span> <span class='ocrx_word' id='word_1_345' title='bbox 241 4282 273 4332; x_wconf 87' lang='lat' dir='ltr'><strong>de</strong></span> <span class='ocrx_word' id='word_1_346' title='bbox 291 4283 397 4337; x_wconf 87' lang='lat' dir='ltr'><strong>noviter</strong></span> <span class='ocrx_word' id='word_1_347' title='bbox 421 4283 538 4332; x_wconf 88' lang='lat' dir='ltr'><strong>inventis</strong></span> <span class='ocrx_word' id='word_1_348' title='bbox 563 4281 681 4342; x_wconf 86' lang='lat' dir='ltr'><strong>imperiis</strong></span> <span class='ocrx_word' id='word_1_349' title='bbox 705 4278 824 4329; x_wconf 86' lang='lat' dir='ltr'><strong>nuntium</strong></span> 
     </span>
     <span class='ocr_line' id='line_1_51' title="bbox 36 4359 825 4425; baseline -0.008 -10"><span class='ocrx_word' id='word_1_350' title='bbox 36 4363 98 4424; x_wconf 83' lang='lat' dir='ltr'><strong>Regi</strong></span> <span class='ocrx_word' id='word_1_351' title='bbox 115 4364 141 4411; x_wconf 91' lang='lat' dir='ltr'><strong>et</strong></span> <span class='ocrx_word' id='word_1_352' title='bbox 158 4360 270 4422; x_wconf 88' lang='lat' dir='ltr'><strong>Reginae</strong></span> <span class='ocrx_word' id='word_1_353' title='bbox 288 4361 428 4423; x_wconf 86' lang='lat' dir='ltr'><strong>Hispaniae</strong></span> <span class='ocrx_word' id='word_1_354' title='bbox 446 4362 581 4425; x_wconf 84' lang='lat' dir='ltr'><strong>pervenit,</strong></span> <span class='ocrx_word' id='word_1_355' title='bbox 597 4373 645 4424; x_wconf 88' lang='lat' dir='ltr'><strong>pro</strong></span> <span class='ocrx_word' id='word_1_356' title='bbox 658 4359 825 4423; x_wconf 89' lang='lat' dir='ltr'><strong>legitimanda</strong></span> 
     </span>
     <span class='ocr_line' id='line_1_52' title="bbox 35 4438 824 4502; baseline -0.006 -11"><span class='ocrx_word' id='word_1_357' title='bbox 35 4454 125 4491; x_wconf 89' lang='lat' dir='ltr'><strong>rorum</strong></span> <span class='ocrx_word' id='word_1_358' title='bbox 143 4441 331 4502; x_wconf 89' lang='lat' dir='ltr'><strong>acquisitarum</strong></span> <span class='ocrx_word' id='word_1_359' title='bbox 343 4441 518 4502; x_wconf 87' lang='lat' dir='ltr'><strong>possessione</strong></span> <span class='ocrx_word' id='word_1_360' title='bbox 543 4441 576 4489; x_wconf 93' lang='lat' dir='ltr'><strong>ad</strong></span> <span class='ocrx_word' id='word_1_361' title='bbox 592 4438 742 4490; x_wconf 83' lang='lat' dir='ltr'><strong>Pontiiicem</strong></span> <span class='ocrx_word' id='word_1_362' title='bbox 765 4449 824 4486; x_wconf 89' lang='lat' dir='ltr'><strong>sese</strong></span> 
     </span>
     <span class='ocr_line' id='line_1_53' title="bbox 37 4516 825 4581; baseline -0.006 -11"><span class='ocrx_word' id='word_1_363' title='bbox 37 4525 194 4577; x_wconf 89' lang='lat' dir='ltr'><strong>verterunt,</strong></span> <span class='ocrx_word' id='word_1_364' title='bbox 210 4520 313 4581; x_wconf 82' lang='lat' dir='ltr'><strong>Legatis</strong></span> <span class='ocrx_word' id='word_1_365' title='bbox 327 4519 426 4574; x_wconf 87' lang='lat' dir='ltr'><strong>Romae</strong></span> <span class='ocrx_word' id='word_1_366' title='bbox 444 4519 624 4569; x_wconf 89' lang='lat' dir='ltr'><strong>residentibus</strong></span> <span class='ocrx_word' id='word_1_367' title='bbox 649 4531 696 4581; x_wconf 87' lang='lat' dir='ltr'><strong>pro</strong></span> <span class='ocrx_word' id='word_1_368' title='bbox 722 4519 761 4566; x_wconf 89' lang='lat' dir='ltr'><strong>eis</strong></span> <span class='ocrx_word' id='word_1_369' title='bbox 782 4516 825 4565; x_wconf 91' lang='lat' dir='ltr'><strong>di·</strong></span> 
     </span>
     <span class='ocr_line' id='line_1_54' title="bbox 37 4595 825 4663; baseline -0.008 -13"><span class='ocrx_word' id='word_1_370' title='bbox 37 4604 152 4663; x_wconf 85' lang='lat' dir='ltr'><strong>plomata</strong></span> <span class='ocrx_word' id='word_1_371' title='bbox 173 4600 346 4649; x_wconf 86' lang='lat' dir='ltr'><strong>investiturae</strong></span> <span class='ocrx_word' id='word_1_372' title='bbox 366 4599 580 4661; x_wconf 84' lang='lat' dir='ltr'><strong>implorantibus.</strong></span> <span class='ocrx_word' id='word_1_373' title='bbox 592 4600 657 4651; x_wconf 88' lang='lat' dir='ltr'><strong>Nam</strong></span> <span class='ocrx_word' id='word_1_374' title='bbox 670 4601 731 4659; x_wconf 90' lang='lat' dir='ltr'><strong>post</strong></span> <span class='ocrx_word' id='word_1_375' title='bbox 747 4595 825 4645; x_wconf 89' lang='lat' dir='ltr'><strong>Chri·</strong></span> 
     </span>
     <span class='ocr_line' id='line_1_55' title="bbox 38 4677 825 4737; baseline -0.008 -7"><span class='ocrx_word' id='word_1_376' title='bbox 38 4680 132 4730; x_wconf 89' lang='lat' dir='ltr'><strong>stoiori</strong></span> <span class='ocrx_word' id='word_1_377' title='bbox 159 4678 278 4729; x_wconf 84' lang='lat' dir='ltr'><strong>columbi</strong></span> <span class='ocrx_word' id='word_1_378' title='bbox 306 4677 441 4737; x_wconf 91' lang='lat' dir='ltr'><strong>reditum,</strong></span> <span class='ocrx_word' id='word_1_379' title='bbox 463 4679 496 4728; x_wconf 90' lang='lat' dir='ltr'><strong>ds</strong></span> <span class='ocrx_word' id='word_1_380' title='bbox 527 4679 589 4728; x_wconf 89' lang='lat' dir='ltr'><strong>novi</strong></span> <span class='ocrx_word' id='word_1_381' title='bbox 617 4677 690 4729; x_wconf 91' lang='lat' dir='ltr'><strong>orbis</strong></span> <span class='ocrx_word' id='word_1_382' title='bbox 714 4677 825 4737; x_wconf 89' lang='lat' dir='ltr'><strong>imperio</strong></span> 
     </span>
     <span class='ocr_line' id='line_1_56' title="bbox 39 4745 824 4807; baseline -0.005 0"><span class='ocrx_word' id='word_1_383' title='bbox 39 4759 138 4807; x_wconf 87' lang='lat' dir='ltr'><strong>acriter</strong></span> <span class='ocrx_word' id='word_1_384' title='bbox 154 4756 307 4806; x_wconf 89' lang='lat' dir='ltr'><strong>certabatur</strong></span> <span class='ocrx_word' id='word_1_385' title='bbox 324 4757 392 4804; x_wconf 92' lang='lat' dir='ltr'><strong>iuter</strong></span> <span class='ocrx_word' id='word_1_386' title='bbox 409 4745 585 4806; x_wconf 84' lang='lat' dir='ltr'><strong>Cas&#39;tellannm</strong></span> <span class='ocrx_word' id='word_1_387' title='bbox 615 4759 642 4806; x_wconf 92' lang='lat' dir='ltr'><strong>et</strong></span> <span class='ocrx_word' id='word_1_388' title='bbox 674 4754 824 4805; x_wconf 84' lang='lat' dir='ltr'><strong>Lusitanum</strong></span> 
     </span>
     <span class='ocr_line' id='line_1_57' title="bbox 39 4833 826 4898; baseline -0.001 -13"><span class='ocrx_word' id='word_1_389' title='bbox 39 4838 129 4898; x_wconf 81' lang='lat' dir='ltr'><strong>Reges</strong></span> <span class='ocrx_word' id='word_1_390' title='bbox 153 4834 199 4884; x_wconf 86' lang='lat' dir='ltr'><strong>iiic</strong></span> <span class='ocrx_word' id='word_1_391' title='bbox 216 4836 284 4883; x_wconf 85' lang='lat' dir='ltr'><strong>enim</strong></span> <span class='ocrx_word' id='word_1_392' title='bbox 303 4835 402 4883; x_wconf 87' lang='lat' dir='ltr'><strong>insulas</strong></span> <span class='ocrx_word' id='word_1_393' title='bbox 420 4846 434 4882; x_wconf 89' lang='lat' dir='ltr'><strong>a</strong></span> <span class='ocrx_word' id='word_1_394' title='bbox 451 4833 579 4885; x_wconf 87' lang='lat' dir='ltr'><strong>Columbo</strong></span> <span class='ocrx_word' id='word_1_395' title='bbox 597 4837 718 4884; x_wconf 86' lang='lat' dir='ltr'><strong>inventas</strong></span> <span class='ocrx_word' id='word_1_396' title='bbox 744 4833 777 4883; x_wconf 90' lang='lat' dir='ltr'><strong>ad</strong></span> <span class='ocrx_word' id='word_1_397' title='bbox 796 4847 826 4884; x_wconf 90' lang='lat' dir='ltr'><strong>se</strong></span> 
     </span>
     <span class='ocr_line' id='line_1_58' title="bbox 40 4912 826 4976; baseline -0.003 -12"><span class='ocrx_word' id='word_1_398' title='bbox 40 4918 167 4976; x_wconf 89' lang='lat' dir='ltr'><strong>spectare</strong></span> <span class='ocrx_word' id='word_1_399' title='bbox 193 4912 391 4972; x_wconf 86' lang='lat' dir='ltr'><strong>contendebat,</strong></span> <span class='ocrx_word' id='word_1_400' title='bbox 418 4913 605 4974; x_wconf 90' lang='lat' dir='ltr'><strong>diplomatibus</strong></span> <span class='ocrx_word' id='word_1_401' title='bbox 632 4912 772 4975; x_wconf 79' lang='lat' dir='ltr'><strong>pontificiis</strong></span> <span class='ocrx_word' id='word_1_402' title='bbox 801 4914 826 4962; x_wconf 89' lang='lat' dir='ltr'><strong>in</strong></span> 
     </span>
     <span class='ocr_line' id='line_1_59' title="bbox 41 4991 829 5054; baseline -0.004 -11"><span class='ocrx_word' id='word_1_403' title='bbox 41 4992 279 5050; x_wconf 71' lang='lat' dir='ltr'><strong>mediunisliatis,</strong></span> <span class='ocrx_word' id='word_1_404' title='bbox 295 4991 408 5054; x_wconf 90' lang='lat' dir='ltr'><strong>quibus,</strong></span> <span class='ocrx_word' id='word_1_405' title='bbox 424 4991 641 5042; x_wconf 88' lang='lat' dir='ltr'><strong>concessionibus</strong></span> <span class='ocrx_word' id='word_1_406' title='bbox 658 4992 829 5052; x_wconf 88' lang='lat' dir='ltr'><strong>apostolicis.</strong></span> 
     </span>
     <span class='ocr_line' id='line_1_60' title="bbox 41 5067 830 5137; baseline -0.004 -17"><span class='ocrx_word' id='word_1_407' title='bbox 41 5072 65 5120; x_wconf 92' lang='lat' dir='ltr'><strong>ei</strong></span> <span class='ocrx_word' id='word_1_408' title='bbox 83 5067 252 5119; x_wconf 85' lang='lat' dir='ltr'><strong>donabantur</strong></span> <span class='ocrx_word' id='word_1_409' title='bbox 270 5068 495 5137; x_wconf 78' lang='lat' dir='ltr'><strong>indiscriminatim</strong></span> <span class='ocrx_word' id='word_1_410' title='bbox 515 5075 603 5119; x_wconf 87' lang='lat' dir='ltr'><strong>terrae</strong></span> <span class='ocrx_word' id='word_1_411' title='bbox 621 5072 647 5118; x_wconf 90' lang='lat' dir='ltr'><strong>et</strong></span> <span class='ocrx_word' id='word_1_412' title='bbox 665 5070 765 5118; x_wconf 89' lang='lat' dir='ltr'><strong>insulae</strong></span> <span class='ocrx_word' id='word_1_413' title='bbox 788 5071 830 5117; x_wconf 92' lang='lat' dir='ltr'><strong>in·</strong></span> 
     </span>
     <span class='ocr_line' id='line_1_61' title="bbox 41 5148 828 5210; baseline 0.001 -14"><span class='ocrx_word' id='word_1_414' title='bbox 41 5154 136 5200; x_wconf 82' lang='lat' dir='ltr'><strong>ventas</strong></span> <span class='ocrx_word' id='word_1_415' title='bbox 153 5154 180 5198; x_wconf 84' lang='lat' dir='ltr'><strong>si</strong></span> <span class='ocrx_word' id='word_1_416' title='bbox 196 5151 353 5198; x_wconf 88' lang='lat' dir='ltr'><strong>inventurae</strong></span> <span class='ocrx_word' id='word_1_417' title='bbox 371 5149 395 5197; x_wconf 93' lang='lat' dir='ltr'><strong>in</strong></span> <span class='ocrx_word' id='word_1_418' title='bbox 412 5148 534 5210; x_wconf 88' lang='lat' dir='ltr'><strong>pertibus</strong></span> <span class='ocrx_word' id='word_1_419' title='bbox 551 5148 675 5203; x_wconf 68' lang='lat' dir='ltr'><strong>siricae,</strong></span> <span class='ocrx_word' id='word_1_420' title='bbox 692 5148 828 5208; x_wconf 84' lang='lat' dir='ltr'><strong>Gulussa,</strong></span> 
     </span>
     <span class='ocr_line' id='line_1_62' title="bbox 41 5224 827 5288; baseline -0.003 -11"><span class='ocrx_word' id='word_1_421' title='bbox 41 5241 72 5277; x_wconf 87' lang='lat' dir='ltr'><strong>ac</strong></span> <span class='ocrx_word' id='word_1_422' title='bbox 90 5229 207 5278; x_wconf 79' lang='lat' dir='ltr'><strong>Minerae</strong></span> <span class='ocrx_word' id='word_1_423' title='bbox 224 5228 289 5283; x_wconf 90' lang='lat' dir='ltr'><strong>anri,</strong></span> <span class='ocrx_word' id='word_1_424' title='bbox 306 5230 331 5276; x_wconf 88' lang='lat' dir='ltr'><strong>el</strong></span> <span class='ocrx_word' id='word_1_425' title='bbox 350 5225 427 5275; x_wconf 79' lang='lat' dir='ltr'><strong>alibi:</strong></span> <span class='ocrx_word' id='word_1_426' title='bbox 444 5226 557 5288; x_wconf 87' lang='lat' dir='ltr'><strong>negabat</strong></span> <span class='ocrx_word' id='word_1_427' title='bbox 572 5227 626 5276; x_wconf 87' lang='lat' dir='ltr'><strong>Rex</strong></span> <span class='ocrx_word' id='word_1_428' title='bbox 644 5224 827 5284; x_wconf 85' lang='lat' dir='ltr'><strong>Castellanns,</strong></span> 
     </span>
     <span class='ocr_line' id='line_1_63' title="bbox 39 5304 827 5366; baseline -0.006 -5"><span class='ocrx_word' id='word_1_429' title='bbox 39 5306 86 5361; x_wconf 80' lang='lat' dir='ltr'><strong>ted</strong></span> <span class='ocrx_word' id='word_1_430' title='bbox 103 5305 138 5357; x_wconf 86' lang='lat' dir='ltr'><strong>ad</strong></span> <span class='ocrx_word' id='word_1_431' title='bbox 154 5317 238 5358; x_wconf 85' lang='lat' dir='ltr'><strong>novas</strong></span> <span class='ocrx_word' id='word_1_432' title='bbox 249 5304 440 5356; x_wconf 87' lang='lat' dir='ltr'><strong>dominationes</strong></span> <span class='ocrx_word' id='word_1_433' title='bbox 453 5307 545 5356; x_wconf 88' lang='lat' dir='ltr'><strong>melius</strong></span> <span class='ocrx_word' id='word_1_434' title='bbox 557 5304 715 5366; x_wconf 81' lang='lat' dir='ltr'><strong>firmandas,</strong></span> <span class='ocrx_word' id='word_1_435' title='bbox 733 5308 827 5356; x_wconf 88' lang='lat' dir='ltr'><strong>aucto·</strong></span> 
     </span>
    </p>
   </div>
   <div class='ocr_carea' id='block_1_4' title="bbox 492 244 1169 314">
    <p class='ocr_par' dir='ltr' id='par_1_6' title="bbox 492 244 1169 314">
     <span class='ocr_line' id='line_1_64' title="bbox 492 244 1169 314; baseline -0.006 -5"><span class='ocrx_word' id='word_1_436' title='bbox 492 246 775 314; x_wconf 75' lang='lat' dir='ltr'><strong>constrictius</strong></span> <span class='ocrx_word' id='word_1_437' title='bbox 795 245 1020 312; x_wconf 74' lang='lat' dir='ltr'><strong>inexilium</strong></span> <span class='ocrx_word' id='word_1_438' title='bbox 1041 244 1169 308; x_wconf 74' lang='lat' dir='ltr'><strong>sexul.</strong></span> 
     </span>
    </p>
   </div>
   <div class='ocr_carea' id='block_1_5' title="bbox 1608 244 1672 307">
    <p class='ocr_par' dir='ltr' id='par_1_7' title="bbox 1608 244 1672 307">
     <span class='ocr_line' id='line_1_65' title="bbox 1608 244 1672 307; baseline 0 0"><span class='ocrx_word' id='word_1_439' title='bbox 1608 244 1672 307; x_wconf 69' lang='lat'><strong>255</strong></span> 
     </span>
    </p>
   </div>
   <div class='ocr_carea' id='block_1_6' title="bbox 888 381 1671 463">
    <p class='ocr_par' dir='ltr' id='par_1_8' title="bbox 888 381 1671 463">
     <span class='ocr_line' id='line_1_66' title="bbox 888 381 1671 463; baseline 0.003 -19"><span class='ocrx_word' id='word_1_440' title='bbox 888 384 1010 463; x_wconf 89' lang='lat' dir='ltr'><strong>galeam,</strong></span> <span class='ocrx_word' id='word_1_441' title='bbox 1030 383 1104 443; x_wconf 89' lang='lat' dir='ltr'><strong>alius</strong></span> <span class='ocrx_word' id='word_1_442' title='bbox 1124 398 1230 463; x_wconf 74' lang='lat' dir='ltr'><strong>arma,</strong></span> <span class='ocrx_word' id='word_1_443' title='bbox 1244 381 1320 441; x_wconf 91' lang='lat' dir='ltr'><strong>alius</strong></span> <span class='ocrx_word' id='word_1_444' title='bbox 1341 381 1461 462; x_wconf 77' lang='lat' dir='ltr'><strong>insignia</strong></span> <span class='ocrx_word' id='word_1_445' title='bbox 1482 400 1548 445; x_wconf 89' lang='lat' dir='ltr'><strong>cum</strong></span> <span class='ocrx_word' id='word_1_446' title='bbox 1569 394 1671 458; x_wconf 89' lang='lat' dir='ltr'><strong>scuto,</strong></span> 
     </span>
    </p>
   </div>
   <div class='ocr_carea' id='block_1_7' title="bbox 887 576 1760 5371">
    <p class='ocr_par' dir='ltr' id='par_1_9' title="bbox 888 576 1680 1033">
     <span class='ocr_line' id='line_1_67' title="bbox 889 576 1674 641; baseline 0.006 -15"><span class='ocrx_word' id='word_1_447' title='bbox 889 579 966 627; x_wconf 87' lang='lat' dir='ltr'><strong>ritate</strong></span> <span class='ocrx_word' id='word_1_448' title='bbox 984 576 1117 641; x_wconf 81' lang='lat' dir='ltr'><strong>pontilicis</strong></span> <span class='ocrx_word' id='word_1_449' title='bbox 1143 576 1228 627; x_wconf 88' lang='lat' dir='ltr'><strong>iulcirl</strong></span> <span class='ocrx_word' id='word_1_450' title='bbox 1255 576 1397 627; x_wconf 86' lang='lat' dir='ltr'><strong>nitebatur.</strong></span> <span class='ocrx_word' id='word_1_451' title='bbox 1417 579 1584 641; x_wconf 87' lang='lat' dir='ltr'><strong>Quapropter</strong></span> <span class='ocrx_word' id='word_1_452' title='bbox 1607 581 1674 631; x_wconf 89' lang='lat' dir='ltr'><strong>Ora·</strong></span> 
     </span>
     <span class='ocr_line' id='line_1_68' title="bbox 889 655 1675 716; baseline 0.006 -11"><span class='ocrx_word' id='word_1_453' title='bbox 889 657 991 706; x_wconf 92' lang='lat' dir='ltr'><strong>toribus</strong></span> <span class='ocrx_word' id='word_1_454' title='bbox 1008 657 1034 705; x_wconf 93' lang='lat' dir='ltr'><strong>ln</strong></span> <span class='ocrx_word' id='word_1_455' title='bbox 1058 655 1311 716; x_wconf 18' lang='lat' dir='ltr'><strong>Urbe-manentibus</strong></span> <span class='ocrx_word' id='word_1_456' title='bbox 1337 667 1433 706; x_wconf 89' lang='lat' dir='ltr'><strong>novum</strong></span> <span class='ocrx_word' id='word_1_457' title='bbox 1457 661 1533 707; x_wconf 87' lang='lat' dir='ltr'><strong>extra</strong></span> <span class='ocrx_word' id='word_1_458' title='bbox 1555 659 1675 710; x_wconf 87' lang='lat' dir='ltr'><strong>ordinem</strong></span> 
     </span>
     <span class='ocr_line' id='line_1_69' title="bbox 889 734 1673 799; baseline 0.006 -16"><span class='ocrx_word' id='word_1_459' title='bbox 889 734 1011 798; x_wconf 86' lang='lat' dir='ltr'><strong>Legatum</strong></span> <span class='ocrx_word' id='word_1_460' title='bbox 1024 735 1137 784; x_wconf 88' lang='lat' dir='ltr'><strong>adiicere</strong></span> <span class='ocrx_word' id='word_1_461' title='bbox 1158 737 1308 783; x_wconf 86' lang='lat' dir='ltr'><strong>statuerunt</strong></span> <span class='ocrx_word' id='word_1_462' title='bbox 1325 746 1373 796; x_wconf 88' lang='lat' dir='ltr'><strong>pro</strong></span> <span class='ocrx_word' id='word_1_463' title='bbox 1390 735 1439 786; x_wconf 88' lang='lat' dir='ltr'><strong>hab</strong></span> <span class='ocrx_word' id='word_1_464' title='bbox 1456 737 1566 799; x_wconf 91' lang='lat' dir='ltr'><strong>aliisque</strong></span> <span class='ocrx_word' id='word_1_465' title='bbox 1583 739 1673 788; x_wconf 88' lang='lat' dir='ltr'><strong>rebus.</strong></span> 
     </span>
     <span class='ocr_line' id='line_1_70' title="bbox 888 812 1680 878; baseline 0.004 -17"><span class='ocrx_word' id='word_1_466' title='bbox 888 814 993 861; x_wconf 88' lang='lat' dir='ltr'><strong>interim</strong></span> <span class='ocrx_word' id='word_1_467' title='bbox 1007 812 1157 862; x_wconf 79' lang='lat' dir='ltr'><strong>Alexander</strong></span> <span class='ocrx_word' id='word_1_468' title='bbox 1169 812 1287 861; x_wconf 80' lang='lat' dir='ltr'><strong>Pontifex</strong></span> <span class='ocrx_word' id='word_1_469' title='bbox 1300 814 1453 876; x_wconf 89' lang='lat' dir='ltr'><strong>priusquam</strong></span> <span class='ocrx_word' id='word_1_470' title='bbox 1468 813 1580 877; x_wconf 86' lang='lat' dir='ltr'><strong>Legatos</strong></span> <span class='ocrx_word' id='word_1_471' title='bbox 1588 817 1680 878; x_wconf 79' lang='lat' dir='ltr'><strong>Rispa-</strong></span> 
     </span>
     <span class='ocr_line' id='line_1_71' title="bbox 889 890 1678 956; baseline 0.004 -15"><span class='ocrx_word' id='word_1_472' title='bbox 889 904 939 942; x_wconf 92' lang='lat' dir='ltr'><strong>nus</strong></span> <span class='ocrx_word' id='word_1_473' title='bbox 956 890 1050 943; x_wconf 88' lang='lat' dir='ltr'><strong>Urbem</strong></span> <span class='ocrx_word' id='word_1_474' title='bbox 1068 894 1221 942; x_wconf 88' lang='lat' dir='ltr'><strong>solemniter</strong></span> <span class='ocrx_word' id='word_1_475' title='bbox 1238 891 1368 952; x_wconf 88' lang='lat' dir='ltr'><strong>intraret,</strong></span> <span class='ocrx_word' id='word_1_476' title='bbox 1385 895 1434 942; x_wconf 92' lang='lat' dir='ltr'><strong>hoo</strong></span> <span class='ocrx_word' id='word_1_477' title='bbox 1450 893 1592 956; x_wconf 90' lang='lat' dir='ltr'><strong>diplomate</strong></span> <span class='ocrx_word' id='word_1_478' title='bbox 1609 895 1678 944; x_wconf 72' lang='lat' dir='ltr'><strong>inter</strong></span> 
     </span>
     <span class='ocr_line' id='line_1_72' title="bbox 889 971 1271 1033; baseline 0 -14"><span class='ocrx_word' id='word_1_479' title='bbox 889 971 955 1020; x_wconf 89' lang='lat' dir='ltr'><strong>duos</strong></span> <span class='ocrx_word' id='word_1_480' title='bbox 973 984 1049 1033; x_wconf 88' lang='lat' dir='ltr'><strong>reges</strong></span> <span class='ocrx_word' id='word_1_481' title='bbox 1066 974 1139 1020; x_wconf 90' lang='lat' dir='ltr'><strong>litem</strong></span> <span class='ocrx_word' id='word_1_482' title='bbox 1156 971 1271 1021; x_wconf 89' lang='lat' dir='ltr'><strong>diremit.</strong></span> 
     </span>
    </p>

    <p class='ocr_par' dir='ltr' id='par_1_10' title="bbox 932 1048 1679 1114">
     <span class='ocr_line' id='line_1_73' title="bbox 932 1048 1679 1114; baseline 0.004 -17"><span class='ocrx_word' id='word_1_483' title='bbox 932 1069 942 1091; x_wconf 85' lang='lat'><strong>·</strong></span> <span class='ocrx_word' id='word_1_484' title='bbox 962 1048 1122 1100; x_wconf 80' lang='lat' dir='ltr'><strong>Clarissimo</strong></span> <span class='ocrx_word' id='word_1_485' title='bbox 1140 1064 1164 1099; x_wconf 86' lang='lat' dir='ltr'><strong>in</strong></span> <span class='ocrx_word' id='word_1_486' title='bbox 1181 1049 1286 1099; x_wconf 87' lang='lat' dir='ltr'><strong>Christo</strong></span> <span class='ocrx_word' id='word_1_487' title='bbox 1303 1049 1355 1100; x_wconf 87' lang='lat' dir='ltr'><strong>illio</strong></span> <span class='ocrx_word' id='word_1_488' title='bbox 1374 1050 1539 1100; x_wconf 67' lang='lat' dir='ltr'><strong>ferdinando</strong></span> <span class='ocrx_word' id='word_1_489' title='bbox 1567 1051 1626 1114; x_wconf 89' lang='lat' dir='ltr'><strong>Regi</strong></span> <span class='ocrx_word' id='word_1_490' title='bbox 1652 1055 1679 1100; x_wconf 93' lang='lat' dir='ltr'><strong>et</strong></span> 
     </span>
    </p>

    <p class='ocr_par' dir='ltr' id='par_1_11' title="bbox 887 1126 1737 3245">
     <span class='ocr_line' id='line_1_74' title="bbox 888 1126 1680 1198; baseline 0.006 -25"><span class='ocrx_word' id='word_1_491' title='bbox 888 1126 1101 1179; x_wconf 84' lang='lat' dir='ltr'><strong>charissimasin</strong></span> <span class='ocrx_word' id='word_1_492' title='bbox 1117 1128 1226 1186; x_wconf 38' lang='lat' dir='ltr'><strong>Christo.</strong></span> <span class='ocrx_word' id='word_1_493' title='bbox 1245 1127 1313 1178; x_wconf 87' lang='lat' dir='ltr'><strong>tiliae</strong></span> <span class='ocrx_word' id='word_1_494' title='bbox 1341 1128 1473 1178; x_wconf 86' lang='lat' dir='ltr'><strong>Elisabeth</strong></span> <span class='ocrx_word' id='word_1_495' title='bbox 1495 1130 1608 1198; x_wconf 88' lang='lat' dir='ltr'><strong>Reginae</strong></span> <span class='ocrx_word' id='word_1_496' title='bbox 1630 1128 1680 1178; x_wconf 90' lang='lat' dir='ltr'><strong>Ca·</strong></span> 
     </span>
     <span class='ocr_line' id='line_1_75' title="bbox 888 1206 1680 1272; baseline 0.008 -19"><span class='ocrx_word' id='word_1_497' title='bbox 888 1207 999 1266; x_wconf 90' lang='lat' dir='ltr'><strong>stellae,</strong></span> <span class='ocrx_word' id='word_1_498' title='bbox 1014 1206 1132 1270; x_wconf 81' lang='lat' dir='ltr'><strong>Legionis</strong></span> <span class='ocrx_word' id='word_1_499' title='bbox 1143 1244 1151 1268; x_wconf 99' lang='lat'><strong>,</strong></span> <span class='ocrx_word' id='word_1_500' title='bbox 1161 1209 1329 1272; x_wconf 70' lang='lat' dir='ltr'><strong>aragonum,</strong></span> <span class='ocrx_word' id='word_1_501' title='bbox 1346 1213 1373 1259; x_wconf 91' lang='lat' dir='ltr'><strong>et</strong></span> <span class='ocrx_word' id='word_1_502' title='bbox 1389 1208 1519 1259; x_wconf 86' lang='lat' dir='ltr'><strong>Granatas</strong></span> <span class='ocrx_word' id='word_1_503' title='bbox 1532 1208 1680 1259; x_wconf 87' lang='lat' dir='ltr'><strong>illustribus</strong></span> 
     </span>
     <span class='ocr_line' id='line_1_76' title="bbox 887 1285 1148 1347; baseline 0.011 -16"><span class='ocrx_word' id='word_1_504' title='bbox 887 1285 1075 1347; x_wconf 73' lang='lat' dir='ltr'><strong>salutemetc.</strong></span> <span class='ocrx_word' id='word_1_505' title='bbox 1145 1313 1148 1317; x_wconf 77' lang='lat'><em>,</em></span> 
     </span>
     <span class='ocr_line' id='line_1_77' title="bbox 892 1364 1680 1429; baseline 0.003 -15"><span class='ocrx_word' id='word_1_506' title='bbox 892 1372 898 1429; x_wconf 58' lang='grc' dir='ltr'><strong>ζ</strong></span> <span class='ocrx_word' id='word_1_507' title='bbox 932 1384 942 1406; x_wconf 79' lang='grc' dir='ltr'>ι</span> <span class='ocrx_word' id='word_1_508' title='bbox 962 1364 1077 1416; x_wconf 80' lang='lat' dir='ltr'><strong>Eximiae</strong></span> <span class='ocrx_word' id='word_1_509' title='bbox 1100 1364 1249 1418; x_wconf 90' lang='lat' dir='ltr'><strong>devotionis</strong></span> <span class='ocrx_word' id='word_1_510' title='bbox 1266 1368 1407 1417; x_wconf 88' lang='lat' dir='ltr'><strong>sinceritas</strong></span> <span class='ocrx_word' id='word_1_511' title='bbox 1432 1370 1458 1415; x_wconf 88' lang='lat' dir='ltr'><strong>at</strong></span> <span class='ocrx_word' id='word_1_512' title='bbox 1482 1368 1583 1428; x_wconf 88' lang='lat' dir='ltr'><strong>integra</strong></span> <span class='ocrx_word' id='word_1_513' title='bbox 1599 1365 1680 1426; x_wconf 82' lang='lat' dir='ltr'><strong>illies,</strong></span> 
     </span>
     <span class='ocr_line' id='line_1_78' title="bbox 888 1439 1678 1511; baseline 0.001 -18"><span class='ocrx_word' id='word_1_514' title='bbox 888 1443 983 1504; x_wconf 88' lang='lat' dir='ltr'><strong>quibus</strong></span> <span class='ocrx_word' id='word_1_515' title='bbox 1006 1457 1055 1494; x_wconf 94' lang='lat' dir='ltr'><strong>nos</strong></span> <span class='ocrx_word' id='word_1_516' title='bbox 1072 1449 1098 1495; x_wconf 91' lang='lat' dir='ltr'><strong>et</strong></span> <span class='ocrx_word' id='word_1_517' title='bbox 1122 1446 1262 1496; x_wconf 86' lang='lat' dir='ltr'><strong>Romanam</strong></span> <span class='ocrx_word' id='word_1_518' title='bbox 1281 1447 1438 1496; x_wconf 88' lang='lat' dir='ltr'><strong>reveremini</strong></span> <span class='ocrx_word' id='word_1_519' title='bbox 1460 1439 1603 1511; x_wconf 82' lang='lat' dir='ltr'><strong>Ecclesiam</strong></span> <span class='ocrx_word' id='word_1_520' title='bbox 1627 1458 1678 1494; x_wconf 94' lang='lat' dir='ltr'><strong>non</strong></span> 
     </span>
     <span class='ocr_line' id='line_1_79' title="bbox 889 1521 1680 1584; baseline 0.006 -16"><span class='ocrx_word' id='word_1_521' title='bbox 889 1521 993 1584; x_wconf 89' lang='lat' dir='ltr'><strong>indigne</strong></span> <span class='ocrx_word' id='word_1_522' title='bbox 1011 1525 1159 1583; x_wconf 89' lang='lat' dir='ltr'><strong>merentur,</strong></span> <span class='ocrx_word' id='word_1_523' title='bbox 1181 1528 1210 1573; x_wconf 94' lang='lat' dir='ltr'><strong>nt</strong></span> <span class='ocrx_word' id='word_1_524' title='bbox 1227 1526 1276 1579; x_wconf 79' lang='lat' dir='ltr'><strong>illa.</strong></span> <span class='ocrx_word' id='word_1_525' title='bbox 1287 1523 1374 1574; x_wconf 88' lang='lat' dir='ltr'><strong>vobis·</strong></span> <span class='ocrx_word' id='word_1_526' title='bbox 1388 1523 1569 1574; x_wconf 72' lang='lat' dir='ltr'><strong>favorabiliter</strong></span> <span class='ocrx_word' id='word_1_527' title='bbox 1585 1533 1680 1573; x_wconf 87' lang='lat' dir='ltr'><strong>conce-</strong></span> 
     </span>
     <span class='ocr_line' id='line_1_80' title="bbox 889 1599 1678 1667; baseline 0.003 -19"><span class='ocrx_word' id='word_1_528' title='bbox 889 1599 1002 1660; x_wconf 84' lang='lat' dir='ltr'><strong>damus,</strong></span> <span class='ocrx_word' id='word_1_529' title='bbox 1020 1612 1069 1663; x_wconf 90' lang='lat' dir='ltr'><strong>per</strong></span> <span class='ocrx_word' id='word_1_530' title='bbox 1089 1614 1157 1663; x_wconf 91' lang='lat' dir='ltr'><strong>qnae</strong></span> <span class='ocrx_word' id='word_1_531' title='bbox 1182 1605 1301 1667; x_wconf 79' lang='lat' dir='ltr'><strong>sanctum</strong></span> <span class='ocrx_word' id='word_1_532' title='bbox 1319 1607 1346 1653; x_wconf 89' lang='lat' dir='ltr'><strong>el</strong></span> <span class='ocrx_word' id='word_1_533' title='bbox 1362 1602 1493 1652; x_wconf 87' lang='lat' dir='ltr'><strong>laudabile</strong></span> <span class='ocrx_word' id='word_1_534' title='bbox 1515 1603 1678 1665; x_wconf 90' lang='lat' dir='ltr'><strong>propositum</strong></span> 
     </span>
     <span class='ocr_line' id='line_1_81' title="bbox 889 1680 1679 1746; baseline 0.001 -18"><span class='ocrx_word' id='word_1_535' title='bbox 889 1683 1006 1729; x_wconf 88' lang='lat' dir='ltr'><strong>vestrum</strong></span> <span class='ocrx_word' id='word_1_536' title='bbox 1024 1684 1132 1742; x_wconf 91' lang='lat' dir='ltr'><strong>etopus</strong></span> <span class='ocrx_word' id='word_1_537' title='bbox 1150 1680 1301 1746; x_wconf 88' lang='lat' dir='ltr'><strong>incoeptum</strong></span> <span class='ocrx_word' id='word_1_538' title='bbox 1323 1681 1349 1730; x_wconf 92' lang='lat' dir='ltr'><strong>in</strong></span> <span class='ocrx_word' id='word_1_539' title='bbox 1365 1681 1525 1744; x_wconf 78' lang='lat' dir='ltr'><strong>quaerendis</strong></span> <span class='ocrx_word' id='word_1_540' title='bbox 1547 1681 1632 1731; x_wconf 86' lang='lat' dir='ltr'><strong>terris</strong></span> <span class='ocrx_word' id='word_1_541' title='bbox 1652 1689 1679 1729; x_wconf 88' lang='lat' dir='ltr'><strong>et</strong></span> 
     </span>
     <span class='ocr_line' id='line_1_82' title="bbox 890 1757 1678 1822; baseline 0.001 -18"><span class='ocrx_word' id='word_1_542' title='bbox 890 1757 984 1808; x_wconf 85' lang='lat' dir='ltr'><strong>insulis</strong></span> <span class='ocrx_word' id='word_1_543' title='bbox 1000 1759 1109 1808; x_wconf 90' lang='lat' dir='ltr'><strong>remotis</strong></span> <span class='ocrx_word' id='word_1_544' title='bbox 1127 1771 1156 1807; x_wconf 90' lang='lat' dir='ltr'><strong>ac</strong></span> <span class='ocrx_word' id='word_1_545' title='bbox 1173 1760 1312 1822; x_wconf 85' lang='lat' dir='ltr'><strong>incognitis</strong></span> <span class='ocrx_word' id='word_1_546' title='bbox 1328 1760 1354 1809; x_wconf 94' lang='lat' dir='ltr'><strong>in</strong></span> <span class='ocrx_word' id='word_1_547' title='bbox 1371 1759 1428 1810; x_wconf 91' lang='lat' dir='ltr'><strong>dies</strong></span> <span class='ocrx_word' id='word_1_548' title='bbox 1446 1759 1539 1809; x_wconf 88' lang='lat' dir='ltr'><strong>meiius</strong></span> <span class='ocrx_word' id='word_1_549' title='bbox 1563 1763 1589 1808; x_wconf 92' lang='lat' dir='ltr'><strong>et</strong></span> <span class='ocrx_word' id='word_1_550' title='bbox 1608 1758 1678 1807; x_wconf 61' lang='lat' dir='ltr'><strong>‘iaci-</strong></span> 
     </span>
     <span class='ocr_line' id='line_1_83' title="bbox 889 1835 1678 1900; baseline -0.001 -15"><span class='ocrx_word' id='word_1_551' title='bbox 889 1837 939 1887; x_wconf 89' lang='lat' dir='ltr'><strong>lius</strong></span> <span class='ocrx_word' id='word_1_552' title='bbox 956 1838 990 1887; x_wconf 90' lang='lat' dir='ltr'><strong>ad</strong></span> <span class='ocrx_word' id='word_1_553' title='bbox 1007 1837 1132 1886; x_wconf 90' lang='lat' dir='ltr'><strong>honorem</strong></span> <span class='ocrx_word' id='word_1_554' title='bbox 1148 1840 1335 1900; x_wconf 87' lang='lat' dir='ltr'><strong>omnipotentis</strong></span> <span class='ocrx_word' id='word_1_555' title='bbox 1358 1838 1421 1896; x_wconf 87' lang='lat' dir='ltr'><strong>Dei,</strong></span> <span class='ocrx_word' id='word_1_556' title='bbox 1437 1840 1464 1888; x_wconf 89' lang='lat' dir='ltr'><strong>at</strong></span> <span class='ocrx_word' id='word_1_557' title='bbox 1481 1837 1584 1900; x_wconf 90' lang='lat' dir='ltr'><strong>imperii</strong></span> <span class='ocrx_word' id='word_1_558' title='bbox 1604 1835 1678 1885; x_wconf 89' lang='lat' dir='ltr'><strong>Chri-</strong></span> 
     </span>
     <span class='ocr_line' id='line_1_84' title="bbox 890 1915 1678 1979; baseline -0.004 -13"><span class='ocrx_word' id='word_1_559' title='bbox 890 1915 968 1967; x_wconf 90' lang='lat' dir='ltr'><strong>stiani</strong></span> <span class='ocrx_word' id='word_1_560' title='bbox 991 1919 1225 1979; x_wconf 88' lang='lat' dir='ltr'><strong>propagationem,</strong></span> <span class='ocrx_word' id='word_1_561' title='bbox 1242 1929 1273 1966; x_wconf 91' lang='lat' dir='ltr'><strong>ac</strong></span> <span class='ocrx_word' id='word_1_562' title='bbox 1289 1916 1516 1967; x_wconf 73' lang='lat' dir='ltr'><strong>lidei‘catholicae</strong></span> <span class='ocrx_word' id='word_1_563' title='bbox 1538 1915 1678 1965; x_wconf 81' lang='lat' dir='ltr'><strong>exaltatio·</strong></span> 
     </span>
     <span class='ocr_line' id='line_1_85' title="bbox 891 1995 1681 2060; baseline -0.001 -14"><span class='ocrx_word' id='word_1_564' title='bbox 891 2009 951 2046; x_wconf 90' lang='lat' dir='ltr'><strong>nem</strong></span> <span class='ocrx_word' id='word_1_565' title='bbox 975 1997 1100 2058; x_wconf 89' lang='lat' dir='ltr'><strong>prosequi</strong></span> <span class='ocrx_word' id='word_1_566' title='bbox 1126 1997 1246 2046; x_wconf 88' lang='lat' dir='ltr'><strong>valeatis.</strong></span> <span class='ocrx_word' id='word_1_567' title='bbox 1269 1995 1352 2046; x_wconf 86' lang='lat' dir='ltr'><strong>lindie</strong></span> <span class='ocrx_word' id='word_1_568' title='bbox 1381 1995 1511 2060; x_wconf 89' lang='lat' dir='ltr'><strong>siqnidem</strong></span> <span class='ocrx_word' id='word_1_569' title='bbox 1539 2006 1630 2044; x_wconf 91' lang='lat' dir='ltr'><strong>omnes</strong></span> <span class='ocrx_word' id='word_1_570' title='bbox 1653 2000 1681 2045; x_wconf 88' lang='lat' dir='ltr'><strong>et</strong></span> 
     </span>
     <span class='ocr_line' id='line_1_86' title="bbox 891 2072 1679 2137; baseline -0.003 -13"><span class='ocrx_word' id='word_1_571' title='bbox 891 2074 1007 2137; x_wconf 89' lang='lat' dir='ltr'><strong>singulas</strong></span> <span class='ocrx_word' id='word_1_572' title='bbox 1022 2075 1119 2124; x_wconf 84' lang='lat' dir='ltr'><strong>Terras</strong></span> <span class='ocrx_word' id='word_1_573' title='bbox 1131 2072 1230 2124; x_wconf 78' lang='lat' dir='ltr'><strong>Firmas</strong></span> <span class='ocrx_word' id='word_1_574' title='bbox 1255 2076 1281 2124; x_wconf 91' lang='lat' dir='ltr'><strong>et</strong></span> <span class='ocrx_word' id='word_1_575' title='bbox 1303 2075 1402 2124; x_wconf 90' lang='lat' dir='ltr'><strong>insulas</strong></span> <span class='ocrx_word' id='word_1_576' title='bbox 1423 2079 1539 2125; x_wconf 90' lang='lat' dir='ltr'><strong>remotas</strong></span> <span class='ocrx_word' id='word_1_577' title='bbox 1553 2077 1584 2124; x_wconf 91' lang='lat' dir='ltr'><strong>et</strong></span> <span class='ocrx_word' id='word_1_578' title='bbox 1604 2075 1679 2123; x_wconf 91' lang='lat' dir='ltr'><strong>inco·</strong></span> 
     </span>
     <span class='ocr_line' id='line_1_87' title="bbox 892 2146 1683 2225; baseline 0.001 -23"><span class='ocrx_word' id='word_1_579' title='bbox 892 2155 980 2225; x_wconf 76' lang='lat' dir='ltr'><strong>gnitss</strong></span> <span class='ocrx_word' id='word_1_580' title='bbox 993 2165 1088 2202; x_wconf 87' lang='lat' dir='ltr'><strong>versus</strong></span> <span class='ocrx_word' id='word_1_581' title='bbox 1105 2156 1196 2223; x_wconf 86' lang='lat' dir='ltr'><strong>paries</strong></span> <span class='ocrx_word' id='word_1_582' title='bbox 1214 2146 1391 2203; x_wconf 87' lang='lat' dir='ltr'><strong>occidentales</strong></span> <span class='ocrx_word' id='word_1_583' title='bbox 1408 2157 1434 2203; x_wconf 90' lang='lat' dir='ltr'><strong>et</strong></span> <span class='ocrx_word' id='word_1_584' title='bbox 1451 2165 1524 2203; x_wconf 89' lang='lat' dir='ltr'><strong>mare</strong></span> <span class='ocrx_word' id='word_1_585' title='bbox 1547 2152 1683 2203; x_wconf 89' lang='lat' dir='ltr'><strong>Oceanum</strong></span> 
     </span>
     <span class='ocr_line' id='line_1_88' title="bbox 892 2230 1680 2293; baseline 0 -12"><span class='ocrx_word' id='word_1_586' title='bbox 892 2233 1066 2282; x_wconf 87' lang='lat' dir='ltr'><strong>consistentes</strong></span> <span class='ocrx_word' id='word_1_587' title='bbox 1089 2244 1138 2293; x_wconf 93' lang='lat' dir='ltr'><strong>per</strong></span> <span class='ocrx_word' id='word_1_588' title='bbox 1162 2243 1226 2286; x_wconf 87' lang='lat' dir='ltr'><strong>vos,</strong></span> <span class='ocrx_word' id='word_1_589' title='bbox 1252 2243 1298 2281; x_wconf 89' lang='lat' dir='ltr'><strong>seu</strong></span> <span class='ocrx_word' id='word_1_590' title='bbox 1320 2230 1428 2282; x_wconf 87' lang='lat' dir='ltr'><strong>nuntios</strong></span> <span class='ocrx_word' id='word_1_591' title='bbox 1453 2237 1575 2289; x_wconf 84' lang='lat' dir='ltr'><strong>vestros,</strong></span> <span class='ocrx_word' id='word_1_592' title='bbox 1598 2231 1631 2281; x_wconf 92' lang='lat' dir='ltr'><strong>ad</strong></span> <span class='ocrx_word' id='word_1_593' title='bbox 1654 2231 1680 2281; x_wconf 94' lang='lat' dir='ltr'><strong>id</strong></span> 
     </span>
     <span class='ocr_line' id='line_1_89' title="bbox 892 2310 1737 2374; baseline -0.001 -13"><span class='ocrx_word' id='word_1_594' title='bbox 892 2314 1035 2374; x_wconf 89' lang='lat' dir='ltr'><strong>propterea</strong></span> <span class='ocrx_word' id='word_1_595' title='bbox 1053 2323 1104 2363; x_wconf 92' lang='lat' dir='ltr'><strong>non</strong></span> <span class='ocrx_word' id='word_1_596' title='bbox 1120 2311 1294 2373; x_wconf 88' lang='lat' dir='ltr'><strong>sinemagnis</strong></span> <span class='ocrx_word' id='word_1_597' title='bbox 1312 2310 1467 2370; x_wconf 87' lang='lat' dir='ltr'><strong>laboribus,</strong></span> <span class='ocrx_word' id='word_1_598' title='bbox 1485 2311 1630 2373; x_wconf 82' lang='lat' dir='ltr'><strong>periculis,</strong></span> <span class='ocrx_word' id='word_1_599' title='bbox 1654 2314 1681 2360; x_wconf 90' lang='lat' dir='ltr'><strong>et</strong></span> <span class='ocrx_word' id='word_1_600' title='bbox 1734 2321 1737 2330; x_wconf 94' lang='grc'><em>·</em></span> 
     </span>
     <span class='ocr_line' id='line_1_90' title="bbox 892 2389 1682 2453; baseline -0.004 -13"><span class='ocrx_word' id='word_1_601' title='bbox 892 2391 1019 2453; x_wconf 89' lang='lat' dir='ltr'><strong>impensis</strong></span> <span class='ocrx_word' id='word_1_602' title='bbox 1036 2389 1200 2449; x_wconf 89' lang='lat' dir='ltr'><strong>destinatos,</strong></span> <span class='ocrx_word' id='word_1_603' title='bbox 1217 2391 1380 2452; x_wconf 89' lang='lat' dir='ltr'><strong>reperisset</strong></span> <span class='ocrx_word' id='word_1_604' title='bbox 1397 2389 1568 2451; x_wconf 81' lang='lat' dir='ltr'><strong>reperiendae</strong></span> <span class='ocrx_word' id='word_1_605' title='bbox 1584 2391 1610 2438; x_wconf 90' lang='lat' dir='ltr'><strong>in</strong></span> <span class='ocrx_word' id='word_1_606' title='bbox 1632 2401 1682 2452; x_wconf 92' lang='lat' dir='ltr'><strong>po·</strong></span> 
     </span>
     <span class='ocr_line' id='line_1_91' title="bbox 893 2468 1682 2538; baseline -0.001 -18"><span class='ocrx_word' id='word_1_607' title='bbox 893 2476 1010 2528; x_wconf 89' lang='lat' dir='ltr'><strong>storum,</strong></span> <span class='ocrx_word' id='word_1_608' title='bbox 1026 2481 1094 2532; x_wconf 92' lang='lat' dir='ltr'><strong>quas</strong></span> <span class='ocrx_word' id='word_1_609' title='bbox 1111 2468 1161 2518; x_wconf 93' lang='lat' dir='ltr'><strong>sub</strong></span> <span class='ocrx_word' id='word_1_610' title='bbox 1179 2468 1275 2538; x_wconf 85' lang='lat' dir='ltr'><strong>actuali</strong></span> <span class='ocrx_word' id='word_1_611' title='bbox 1294 2469 1409 2519; x_wconf 88' lang='lat' dir='ltr'><strong>dominio</strong></span> <span class='ocrx_word' id='word_1_612' title='bbox 1426 2469 1564 2530; x_wconf 88' lang='lat' dir='ltr'><strong>temporali</strong></span> <span class='ocrx_word' id='word_1_613' title='bbox 1578 2469 1682 2534; x_wconf 89' lang='lat' dir='ltr'><strong>aliquo·</strong></span> 
     </span>
     <span class='ocr_line' id='line_1_92' title="bbox 893 2548 1683 2611; baseline -0.005 -10"><span class='ocrx_word' id='word_1_614' title='bbox 893 2564 950 2601; x_wconf 88' lang='lat' dir='ltr'><strong>rum</strong></span> <span class='ocrx_word' id='word_1_615' title='bbox 969 2551 1136 2601; x_wconf 90' lang='lat' dir='ltr'><strong>dominorum</strong></span> <span class='ocrx_word' id='word_1_616' title='bbox 1154 2549 1363 2602; x_wconf 83' lang='lat' dir='ltr'><strong>Christianorum</strong></span> <span class='ocrx_word' id='word_1_617' title='bbox 1378 2551 1544 2611; x_wconf 37' lang='lat' dir='ltr'><strong>,constitutae</strong></span> <span class='ocrx_word' id='word_1_618' title='bbox 1567 2548 1622 2598; x_wconf 77' lang='lat' dir='ltr'><strong>non&#39;</strong></span> <span class='ocrx_word' id='word_1_619' title='bbox 1638 2560 1683 2597; x_wconf 87' lang='lat' dir='ltr'><strong>es·</strong></span> 
     </span>
     <span class='ocr_line' id='line_1_93' title="bbox 893 2626 1683 2689; baseline -0.008 -9"><span class='ocrx_word' id='word_1_620' title='bbox 893 2634 968 2689; x_wconf 91' lang='lat' dir='ltr'><strong>seni,</strong></span> <span class='ocrx_word' id='word_1_621' title='bbox 994 2641 1054 2679; x_wconf 90' lang='lat' dir='ltr'><strong>cum</strong></span> <span class='ocrx_word' id='word_1_622' title='bbox 1077 2628 1199 2678; x_wconf 88' lang='lat' dir='ltr'><strong>omnibus</strong></span> <span class='ocrx_word' id='word_1_623' title='bbox 1227 2627 1330 2678; x_wconf 87' lang='lat' dir='ltr'><strong>lilarurn</strong></span> <span class='ocrx_word' id='word_1_624' title='bbox 1355 2626 1494 2686; x_wconf 86' lang='lat' dir='ltr'><strong>dominiis,</strong></span> <span class='ocrx_word' id='word_1_625' title='bbox 1511 2626 1683 2685; x_wconf 88' lang='lat' dir='ltr'><strong>civitatibus,</strong></span> 
     </span>
     <span class='ocr_line' id='line_1_94' title="bbox 893 2705 1682 2769; baseline -0.006 -11"><span class='ocrx_word' id='word_1_626' title='bbox 893 2711 1004 2768; x_wconf 88' lang='lat' dir='ltr'><strong>castris,</strong></span> <span class='ocrx_word' id='word_1_627' title='bbox 1027 2709 1110 2768; x_wconf 88' lang='lat' dir='ltr'><strong>locis,</strong></span> <span class='ocrx_word' id='word_1_628' title='bbox 1135 2709 1226 2767; x_wconf 79' lang='lat' dir='ltr'><strong>villis,</strong></span> <span class='ocrx_word' id='word_1_629' title='bbox 1251 2707 1374 2767; x_wconf 90' lang='lat' dir='ltr'><strong>iuribus,</strong></span> <span class='ocrx_word' id='word_1_630' title='bbox 1402 2710 1427 2758; x_wconf 93' lang='lat' dir='ltr'><strong>el</strong></span> <span class='ocrx_word' id='word_1_631' title='bbox 1453 2705 1682 2769; x_wconf 76' lang='lat' dir='ltr'><strong>iurisdictionibus</strong></span> 
     </span>
     <span class='ocr_line' id='line_1_95' title="bbox 892 2785 1683 2849; baseline -0.005 -11"><span class='ocrx_word' id='word_1_632' title='bbox 892 2788 1042 2845; x_wconf 85' lang='lat' dir='ltr'><strong>universis,</strong></span> <span class='ocrx_word' id='word_1_633' title='bbox 1065 2786 1160 2846; x_wconf 90' lang='lat' dir='ltr'><strong>vobis,</strong></span> <span class='ocrx_word' id='word_1_634' title='bbox 1185 2785 1400 2849; x_wconf 86' lang='lat' dir='ltr'><strong>heredibusque,</strong></span> <span class='ocrx_word' id='word_1_635' title='bbox 1428 2789 1455 2836; x_wconf 93' lang='lat' dir='ltr'><strong>et</strong></span> <span class='ocrx_word' id='word_1_636' title='bbox 1482 2785 1683 2837; x_wconf 84' lang='lat' dir='ltr'><strong>successoribus</strong></span> 
     </span>
     <span class='ocr_line' id='line_1_96' title="bbox 893 2865 1681 2929; baseline -0.001 -14"><span class='ocrx_word' id='word_1_637' title='bbox 893 2867 993 2918; x_wconf 88' lang='lat' dir='ltr'><strong>vestris</strong></span> <span class='ocrx_word' id='word_1_638' title='bbox 1008 2866 1138 2916; x_wconf 81' lang='lat' dir='ltr'><strong>Castaliae</strong></span> <span class='ocrx_word' id='word_1_639' title='bbox 1155 2869 1181 2915; x_wconf 90' lang='lat' dir='ltr'><strong>el</strong></span> <span class='ocrx_word' id='word_1_640' title='bbox 1198 2865 1319 2928; x_wconf 84' lang='lat' dir='ltr'><strong>Legionis</strong></span> <span class='ocrx_word' id='word_1_641' title='bbox 1346 2865 1461 2929; x_wconf 84' lang='lat' dir='ltr'><strong>Regibus</strong></span> <span class='ocrx_word' id='word_1_642' title='bbox 1480 2867 1505 2915; x_wconf 93' lang='lat' dir='ltr'><strong>ln</strong></span> <span class='ocrx_word' id='word_1_643' title='bbox 1523 2869 1681 2928; x_wconf 86' lang='lat' dir='ltr'><strong>perpetuum</strong></span> 
     </span>
     <span class='ocr_line' id='line_1_97' title="bbox 893 2944 1683 3015; baseline -0.001 -20"><span class='ocrx_word' id='word_1_644' title='bbox 893 2949 965 3015; x_wconf 79' lang='lat' dir='ltr'><strong>proin</strong></span> <span class='ocrx_word' id='word_1_645' title='bbox 980 2945 1090 3008; x_wconf 91' lang='lat' dir='ltr'><strong>proprio</strong></span> <span class='ocrx_word' id='word_1_646' title='bbox 1108 2947 1134 2994; x_wconf 89' lang='lat' dir='ltr'><strong>et</strong></span> <span class='ocrx_word' id='word_1_647' title='bbox 1151 2957 1184 2994; x_wconf 89' lang='lat' dir='ltr'><strong>ex</strong></span> <span class='ocrx_word' id='word_1_648' title='bbox 1201 2948 1275 2995; x_wconf 86' lang='lat' dir='ltr'><strong>certa</strong></span> <span class='ocrx_word' id='word_1_649' title='bbox 1293 2947 1418 3001; x_wconf 86' lang='lat' dir='ltr'><strong>scientie,</strong></span> <span class='ocrx_word' id='word_1_650' title='bbox 1430 2957 1460 2994; x_wconf 88' lang='lat' dir='ltr'><strong>uc</strong></span> <span class='ocrx_word' id='word_1_651' title='bbox 1476 2944 1510 2994; x_wconf 89' lang='lat' dir='ltr'><strong>de</strong></span> <span class='ocrx_word' id='word_1_652' title='bbox 1522 2945 1683 3006; x_wconf 86' lang='lat' dir='ltr'><strong>apostolicae</strong></span> 
     </span>
     <span class='ocr_line' id='line_1_98' title="bbox 893 3023 1683 3091; baseline -0.003 -16"><span class='ocrx_word' id='word_1_653' title='bbox 893 3024 1034 3088; x_wconf 85' lang='lat' dir='ltr'><strong>potestatis</strong></span> <span class='ocrx_word' id='word_1_654' title='bbox 1061 3023 1224 3085; x_wconf 88' lang='lat' dir='ltr'><strong>plenitudine</strong></span> <span class='ocrx_word' id='word_1_655' title='bbox 1253 3023 1426 3083; x_wconf 86' lang='lat' dir='ltr'><strong>donavimus,</strong></span> <span class='ocrx_word' id='word_1_656' title='bbox 1449 3025 1629 3091; x_wconf 85' lang='lat' dir='ltr'><strong>concessimus</strong></span> <span class='ocrx_word' id='word_1_657' title='bbox 1656 3026 1683 3073; x_wconf 92' lang='lat' dir='ltr'><strong>et</strong></span> 
     </span>
     <span class='ocr_line' id='line_1_99' title="bbox 894 3102 1683 3165; baseline 0 -13"><span class='ocrx_word' id='word_1_658' title='bbox 894 3103 1103 3165; x_wconf 60' lang='lat' dir='ltr'><strong>assignavlmnsr</strong></span> <span class='ocrx_word' id='word_1_659' title='bbox 1119 3105 1198 3163; x_wconf 89' lang='lat' dir='ltr'><strong>prout</strong></span> <span class='ocrx_word' id='word_1_660' title='bbox 1216 3104 1241 3151; x_wconf 93' lang='lat' dir='ltr'><strong>in</strong></span> <span class='ocrx_word' id='word_1_661' title='bbox 1259 3104 1359 3152; x_wconf 88' lang='lat' dir='ltr'><strong>nostris</strong></span> <span class='ocrx_word' id='word_1_662' title='bbox 1376 3102 1436 3152; x_wconf 86' lang='lat' dir='ltr'><strong>inde</strong></span> <span class='ocrx_word' id='word_1_663' title='bbox 1453 3102 1580 3152; x_wconf 87' lang='lat' dir='ltr'><strong>coniectis</strong></span> <span class='ocrx_word' id='word_1_664' title='bbox 1597 3102 1683 3153; x_wconf 90' lang='lat' dir='ltr'><strong>literis</strong></span> 
     </span>
     <span class='ocr_line' id='line_1_100' title="bbox 893 3180 1302 3245; baseline 0 -15"><span class='ocrx_word' id='word_1_665' title='bbox 893 3184 995 3245; x_wconf 88' lang='lat' dir='ltr'><strong>plenius</strong></span> <span class='ocrx_word' id='word_1_666' title='bbox 1013 3182 1171 3232; x_wconf 86' lang='lat' dir='ltr'><strong>continetur.</strong></span> <span class='ocrx_word' id='word_1_667' title='bbox 1300 3180 1302 3184; x_wconf 54' lang='lat'><strong>⁴</strong></span> 
     </span>
    </p>

    <p class='ocr_par' dir='ltr' id='par_1_12' title="bbox 889 3258 1760 5371">
     <span class='ocr_line' id='line_1_101' title="bbox 934 3258 1679 3324; baseline 0 -14"><span class='ocrx_word' id='word_1_668' title='bbox 934 3261 997 3310; x_wconf 86' lang='lat' dir='ltr'><strong>Cum</strong></span> <span class='ocrx_word' id='word_1_669' title='bbox 1016 3266 1104 3310; x_wconf 89' lang='lat' dir='ltr'><strong>aulem</strong></span> <span class='ocrx_word' id='word_1_670' title='bbox 1122 3261 1185 3310; x_wconf 87' lang='lat' dir='ltr'><strong>alias</strong></span> <span class='ocrx_word' id='word_1_671' title='bbox 1211 3260 1341 3311; x_wconf 91' lang='lat' dir='ltr'><strong>nonnullis</strong></span> <span class='ocrx_word' id='word_1_672' title='bbox 1359 3260 1530 3324; x_wconf 80' lang='lat' dir='ltr'><strong>Portngalliae</strong></span> <span class='ocrx_word' id='word_1_673' title='bbox 1545 3258 1679 3323; x_wconf 87' lang='lat' dir='ltr'><strong>Regibus,</strong></span> 
     </span>
     <span class='ocr_line' id='line_1_102' title="bbox 892 3339 1683 3402; baseline 0.001 -14"><span class='ocrx_word' id='word_1_674' title='bbox 892 3341 978 3401; x_wconf 92' lang='lat' dir='ltr'><strong>quiin</strong></span> <span class='ocrx_word' id='word_1_675' title='bbox 995 3340 1115 3402; x_wconf 89' lang='lat' dir='ltr'><strong>partibus</strong></span> <span class='ocrx_word' id='word_1_676' title='bbox 1139 3339 1261 3396; x_wconf 79' lang='lat' dir='ltr'><strong>Alrlcae,</strong></span> <span class='ocrx_word' id='word_1_677' title='bbox 1277 3339 1410 3399; x_wconf 87' lang='lat' dir='ltr'><strong>Guineae,</strong></span> <span class='ocrx_word' id='word_1_678' title='bbox 1427 3343 1453 3390; x_wconf 89' lang='lat' dir='ltr'><strong>et</strong></span> <span class='ocrx_word' id='word_1_679' title='bbox 1469 3340 1582 3391; x_wconf 87' lang='lat' dir='ltr'><strong>biinerae</strong></span> <span class='ocrx_word' id='word_1_680' title='bbox 1606 3340 1683 3399; x_wconf 89' lang='lat' dir='ltr'><strong>auri,</strong></span> 
     </span>
     <span class='ocr_line' id='line_1_103' title="bbox 893 3417 1681 3486; baseline 0 -20"><span class='ocrx_word' id='word_1_681' title='bbox 893 3431 922 3467; x_wconf 91' lang='lat' dir='ltr'><strong>ac</strong></span> <span class='ocrx_word' id='word_1_682' title='bbox 947 3419 1011 3468; x_wconf 89' lang='lat' dir='ltr'><strong>alias</strong></span> <span class='ocrx_word' id='word_1_683' title='bbox 1036 3418 1137 3468; x_wconf 88' lang='lat' dir='ltr'><strong>insulas</strong></span> <span class='ocrx_word' id='word_1_684' title='bbox 1161 3420 1240 3486; x_wconf 86' lang='lat' dir='ltr'><strong>etlapr</strong></span> <span class='ocrx_word' id='word_1_685' title='bbox 1263 3418 1288 3479; x_wconf 88' lang='lat' dir='ltr'><strong>in</strong></span> <span class='ocrx_word' id='word_1_686' title='bbox 1306 3417 1437 3467; x_wconf 91' lang='lat' dir='ltr'><strong>similibus</strong></span> <span class='ocrx_word' id='word_1_687' title='bbox 1460 3419 1632 3468; x_wconf 87' lang='lat' dir='ltr'><strong>concessione</strong></span> <span class='ocrx_word' id='word_1_688' title='bbox 1655 3422 1681 3467; x_wconf 90' lang='lat' dir='ltr'><strong>et</strong></span> 
     </span>
     <span class='ocr_line' id='line_1_104' title="bbox 893 3490 1680 3560; baseline -0.001 -13"><span class='ocrx_word' id='word_1_689' title='bbox 893 3499 1033 3548; x_wconf 84' lang='lat' dir='ltr'><strong>donatione</strong></span> <span class='ocrx_word' id='word_1_690' title='bbox 1045 3490 1190 3558; x_wconf 84' lang='lat' dir='ltr'><strong>apostolica</strong></span> <span class='ocrx_word' id='word_1_691' title='bbox 1207 3498 1245 3546; x_wconf 88' lang='lat' dir='ltr'><strong>eis</strong></span> <span class='ocrx_word' id='word_1_692' title='bbox 1263 3497 1331 3546; x_wconf 91' lang='lat' dir='ltr'><strong>iacta</strong></span> <span class='ocrx_word' id='word_1_693' title='bbox 1345 3501 1503 3559; x_wconf 84' lang='lat' dir='ltr'><strong>repererunt</strong></span> <span class='ocrx_word' id='word_1_694' title='bbox 1520 3501 1546 3547; x_wconf 90' lang='lat' dir='ltr'><strong>et</strong></span> <span class='ocrx_word' id='word_1_695' title='bbox 1564 3497 1680 3560; x_wconf 87' lang='lat' dir='ltr'><strong>acquisi-</strong></span> 
     </span>
     <span class='ocr_line' id='line_1_105' title="bbox 894 3575 1682 3641; baseline 0.004 -17"><span class='ocrx_word' id='word_1_696' title='bbox 894 3579 1005 3632; x_wconf 90' lang='lat' dir='ltr'><strong>verunt,</strong></span> <span class='ocrx_word' id='word_1_697' title='bbox 1021 3588 1069 3638; x_wconf 90' lang='lat' dir='ltr'><strong>per</strong></span> <span class='ocrx_word' id='word_1_698' title='bbox 1084 3575 1178 3624; x_wconf 88' lang='lat' dir='ltr'><strong>Sedem</strong></span> <span class='ocrx_word' id='word_1_699' title='bbox 1204 3575 1382 3637; x_wconf 79' lang='lat' dir='ltr'><strong>Apostolicam</strong></span> <span class='ocrx_word' id='word_1_700' title='bbox 1400 3576 1506 3626; x_wconf 89' lang='lat' dir='ltr'><strong>diversa</strong></span> <span class='ocrx_word' id='word_1_701' title='bbox 1528 3578 1682 3641; x_wconf 89' lang='lat' dir='ltr'><strong>privilegis,</strong></span> 
     </span>
     <span class='ocr_line' id='line_1_106' title="bbox 892 3652 1684 3717; baseline 0.001 -14"><span class='ocrx_word' id='word_1_702' title='bbox 892 3655 1012 3717; x_wconf 91' lang='lat' dir='ltr'><strong>gratiae,</strong></span> <span class='ocrx_word' id='word_1_703' title='bbox 1030 3652 1185 3712; x_wconf 89' lang='lat' dir='ltr'><strong>libertates,</strong></span> <span class='ocrx_word' id='word_1_704' title='bbox 1205 3655 1403 3714; x_wconf 89' lang='lat' dir='ltr'><strong>immunitates,</strong></span> <span class='ocrx_word' id='word_1_705' title='bbox 1428 3654 1627 3717; x_wconf 88' lang='lat' dir='ltr'><strong>exemptiones,</strong></span> <span class='ocrx_word' id='word_1_706' title='bbox 1643 3655 1684 3704; x_wconf 89' lang='lat' dir='ltr'><strong>is·</strong></span> 
     </span>
     <span class='ocr_line' id='line_1_107' title="bbox 891 3721 1681 3796; baseline 0.001 -13"><span class='ocrx_word' id='word_1_707' title='bbox 891 3721 1021 3796; x_wconf 81' lang='lat' dir='ltr'><strong>unitates,</strong></span> <span class='ocrx_word' id='word_1_708' title='bbox 1039 3734 1148 3791; x_wconf 88' lang='lat' dir='ltr'><strong>literae,</strong></span> <span class='ocrx_word' id='word_1_709' title='bbox 1169 3738 1195 3783; x_wconf 89' lang='lat' dir='ltr'><strong>et</strong></span> <span class='ocrx_word' id='word_1_710' title='bbox 1220 3734 1319 3783; x_wconf 87' lang='lat' dir='ltr'><strong>indulta</strong></span> <span class='ocrx_word' id='word_1_711' title='bbox 1346 3726 1473 3785; x_wconf 87' lang='lat' dir='ltr'><strong>concessa</strong></span> <span class='ocrx_word' id='word_1_712' title='bbox 1490 3735 1606 3794; x_wconf 89' lang='lat' dir='ltr'><strong>inerint,</strong></span> <span class='ocrx_word' id='word_1_713' title='bbox 1634 3747 1681 3785; x_wconf 91' lang='lat' dir='ltr'><strong>nos</strong></span> 
     </span>
     <span class='ocr_line' id='line_1_108' title="bbox 892 3796 1681 3875; baseline 0.001 -13"><span class='ocrx_word' id='word_1_714' title='bbox 892 3796 1012 3863; x_wconf 62' lang='lat' dir='ltr'><strong>volentes</strong></span> <span class='ocrx_word' id='word_1_715' title='bbox 1030 3813 1125 3871; x_wconf 86' lang='lat' dir='ltr'><strong>etiem,</strong></span> <span class='ocrx_word' id='word_1_716' title='bbox 1141 3818 1220 3875; x_wconf 91' lang='lat' dir='ltr'><strong>prout</strong></span> <span class='ocrx_word' id='word_1_717' title='bbox 1237 3814 1342 3875; x_wconf 86' lang='lat' dir='ltr'><strong>dignum</strong></span> <span class='ocrx_word' id='word_1_718' title='bbox 1359 3819 1385 3864; x_wconf 93' lang='lat' dir='ltr'><strong>el</strong></span> <span class='ocrx_word' id='word_1_719' title='bbox 1402 3816 1563 3864; x_wconf 83' lang='lat' dir='ltr'><strong>conveniens</strong></span> <span class='ocrx_word' id='word_1_720' title='bbox 1579 3815 1681 3872; x_wconf 87' lang='lat' dir='ltr'><strong>existit,</strong></span> 
     </span>
     <span class='ocr_line' id='line_1_109' title="bbox 890 3893 1677 3955; baseline -0.001 -12"><span class='ocrx_word' id='word_1_721' title='bbox 890 3906 939 3943; x_wconf 84' lang='lat' dir='ltr'><strong>vos</strong></span> <span class='ocrx_word' id='word_1_722' title='bbox 965 3893 1130 3955; x_wconf 89' lang='lat' dir='ltr'><strong>heredesque</strong></span> <span class='ocrx_word' id='word_1_723' title='bbox 1154 3896 1180 3943; x_wconf 92' lang='lat' dir='ltr'><strong>et</strong></span> <span class='ocrx_word' id='word_1_724' title='bbox 1205 3904 1376 3953; x_wconf 84' lang='lat' dir='ltr'><strong>successores</strong></span> <span class='ocrx_word' id='word_1_725' title='bbox 1397 3898 1500 3943; x_wconf 83' lang='lat' dir='ltr'><strong>vestros</strong></span> <span class='ocrx_word' id='word_1_726' title='bbox 1523 3893 1677 3955; x_wconf 89' lang='lat' dir='ltr'><strong>praedictos</strong></span> 
     </span>
     <span class='ocr_line' id='line_1_110' title="bbox 892 3970 1680 4033; baseline -0.001 -13"><span class='ocrx_word' id='word_1_727' title='bbox 892 3983 943 4020; x_wconf 90' lang='lat' dir='ltr'><strong>non</strong></span> <span class='ocrx_word' id='word_1_728' title='bbox 969 3972 1115 4021; x_wconf 90' lang='lat' dir='ltr'><strong>minoribus</strong></span> <span class='ocrx_word' id='word_1_729' title='bbox 1140 3974 1246 4033; x_wconf 89' lang='lat' dir='ltr'><strong>gratiis,</strong></span> <span class='ocrx_word' id='word_1_730' title='bbox 1264 3972 1470 4033; x_wconf 82' lang='lat' dir='ltr'><strong>praerogativis,</strong></span> <span class='ocrx_word' id='word_1_731' title='bbox 1492 3974 1519 4020; x_wconf 90' lang='lat' dir='ltr'><strong>et</strong></span> <span class='ocrx_word' id='word_1_732' title='bbox 1543 3970 1680 4019; x_wconf 87' lang='lat' dir='ltr'><strong>iavoribus</strong></span> 
     </span>
     <span class='ocr_line' id='line_1_111' title="bbox 891 4049 1679 4116; baseline -0.003 -16"><span class='ocrx_word' id='word_1_733' title='bbox 891 4053 1030 4114; x_wconf 90' lang='lat' dir='ltr'><strong>prosequi,</strong></span> <span class='ocrx_word' id='word_1_734' title='bbox 1048 4055 1119 4099; x_wconf 89' lang='lat' dir='ltr'><strong>motu</strong></span> <span class='ocrx_word' id='word_1_735' title='bbox 1137 4050 1232 4107; x_wconf 91' lang='lat' dir='ltr'><strong>simili,</strong></span> <span class='ocrx_word' id='word_1_736' title='bbox 1249 4062 1299 4098; x_wconf 93' lang='lat' dir='ltr'><strong>non</strong></span> <span class='ocrx_word' id='word_1_737' title='bbox 1318 4049 1351 4098; x_wconf 88' lang='lat' dir='ltr'><strong>ed</strong></span> <span class='ocrx_word' id='word_1_738' title='bbox 1370 4050 1546 4099; x_wconf 88' lang='lat' dir='ltr'><strong>vestram.vei</strong></span> <span class='ocrx_word' id='word_1_739' title='bbox 1570 4049 1679 4116; x_wconf 87' lang='lat' dir='ltr'><strong>alterius</strong></span> 
     </span>
     <span class='ocr_line' id='line_1_112' title="bbox 892 4121 1685 4192; baseline -0.003 -14"><span class='ocrx_word' id='word_1_740' title='bbox 892 4121 941 4192; x_wconf 57' lang='lat' dir='ltr'><strong>p&#39;ro</strong></span> <span class='ocrx_word' id='word_1_741' title='bbox 958 4129 1036 4179; x_wconf 86' lang='lat' dir='ltr'><strong>vohis</strong></span> <span class='ocrx_word' id='word_1_742' title='bbox 1054 4128 1130 4178; x_wconf 89' lang='lat' dir='ltr'><strong>nobis</strong></span> <span class='ocrx_word' id='word_1_743' title='bbox 1148 4140 1229 4190; x_wconf 87' lang='lat' dir='ltr'><strong>super</strong></span> <span class='ocrx_word' id='word_1_744' title='bbox 1248 4127 1296 4177; x_wconf 91' lang='lat' dir='ltr'><strong>hoc</strong></span> <span class='ocrx_word' id='word_1_745' title='bbox 1313 4127 1416 4176; x_wconf 87' lang='lat' dir='ltr'><strong>oblatae</strong></span> <span class='ocrx_word' id='word_1_746' title='bbox 1434 4128 1568 4190; x_wconf 80' lang='lat' dir='ltr'><strong>petitionis</strong></span> <span class='ocrx_word' id='word_1_747' title='bbox 1584 4128 1685 4177; x_wconf 89' lang='lat' dir='ltr'><strong>instan-</strong></span> 
     </span>
     <span class='ocr_line' id='line_1_113' title="bbox 891 4204 1681 4268; baseline -0.004 -10"><span class='ocrx_word' id='word_1_748' title='bbox 891 4211 971 4268; x_wconf 91' lang='lat' dir='ltr'><strong>tiam,</strong></span> <span class='ocrx_word' id='word_1_749' title='bbox 991 4208 1038 4258; x_wconf 89' lang='lat' dir='ltr'><strong>sed</strong></span> <span class='ocrx_word' id='word_1_750' title='bbox 1060 4207 1094 4257; x_wconf 89' lang='lat' dir='ltr'><strong>de</strong></span> <span class='ocrx_word' id='word_1_751' title='bbox 1118 4210 1210 4255; x_wconf 88' lang='lat' dir='ltr'><strong>nostra</strong></span> <span class='ocrx_word' id='word_1_752' title='bbox 1233 4217 1305 4255; x_wconf 92' lang='lat' dir='ltr'><strong>mara</strong></span> <span class='ocrx_word' id='word_1_753' title='bbox 1328 4206 1502 4266; x_wconf 89' lang='lat' dir='ltr'><strong>liberalitate,</strong></span> <span class='ocrx_word' id='word_1_754' title='bbox 1527 4219 1557 4256; x_wconf 89' lang='lat' dir='ltr'><strong>oc</strong></span> <span class='ocrx_word' id='word_1_755' title='bbox 1581 4204 1681 4256; x_wconf 91' lang='lat' dir='ltr'><strong>eisdem</strong></span> 
     </span>
     <span class='ocr_line' id='line_1_114' title="bbox 889 4284 1684 4348; baseline -0.003 -11"><span class='ocrx_word' id='word_1_756' title='bbox 889 4289 1001 4338; x_wconf 89' lang='lat' dir='ltr'><strong>scientia</strong></span> <span class='ocrx_word' id='word_1_757' title='bbox 1025 4291 1052 4336; x_wconf 88' lang='lat' dir='ltr'><strong>et</strong></span> <span class='ocrx_word' id='word_1_758' title='bbox 1069 4285 1229 4348; x_wconf 89' lang='lat' dir='ltr'><strong>apostolicae</strong></span> <span class='ocrx_word' id='word_1_759' title='bbox 1247 4286 1388 4347; x_wconf 89' lang='lat' dir='ltr'><strong>potestatis</strong></span> <span class='ocrx_word' id='word_1_760' title='bbox 1405 4284 1585 4348; x_wconf 87' lang='lat' dir='ltr'><strong>plenitudine,</strong></span> <span class='ocrx_word' id='word_1_761' title='bbox 1607 4285 1684 4335; x_wconf 90' lang='lat' dir='ltr'><strong>vobis</strong></span> 
     </span>
     <span class='ocr_line' id='line_1_115' title="bbox 892 4363 1684 4426; baseline -0.005 -11"><span class='ocrx_word' id='word_1_762' title='bbox 892 4379 921 4415; x_wconf 89' lang='lat' dir='ltr'><strong>ao</strong></span> <span class='ocrx_word' id='word_1_763' title='bbox 940 4364 1081 4415; x_wconf 89' lang='lat' dir='ltr'><strong>heredibus</strong></span> <span class='ocrx_word' id='word_1_764' title='bbox 1099 4367 1125 4412; x_wconf 91' lang='lat' dir='ltr'><strong>et</strong></span> <span class='ocrx_word' id='word_1_765' title='bbox 1142 4363 1347 4422; x_wconf 80' lang='lat' dir='ltr'><strong>successoribus</strong></span> <span class='ocrx_word' id='word_1_766' title='bbox 1364 4364 1463 4413; x_wconf 87' lang='lat' dir='ltr'><strong>vestris</strong></span> <span class='ocrx_word' id='word_1_767' title='bbox 1480 4363 1624 4426; x_wconf 90' lang='lat' dir='ltr'><strong>praedictis</strong></span> <span class='ocrx_word' id='word_1_768' title='bbox 1637 4364 1684 4422; x_wconf 91' lang='lat' dir='ltr'><strong>,nt</strong></span> 
     </span>
     <span class='ocr_line' id='line_1_116' title="bbox 892 4443 1686 4505; baseline -0.005 -10"><span class='ocrx_word' id='word_1_769' title='bbox 892 4448 917 4495; x_wconf 91' lang='lat' dir='ltr'><strong>in</strong></span> <span class='ocrx_word' id='word_1_770' title='bbox 935 4447 1026 4496; x_wconf 89' lang='lat' dir='ltr'><strong>insulis</strong></span> <span class='ocrx_word' id='word_1_771' title='bbox 1045 4448 1071 4495; x_wconf 88' lang='lat' dir='ltr'><strong>et</strong></span> <span class='ocrx_word' id='word_1_772' title='bbox 1088 4443 1167 4493; x_wconf 88' lang='lat' dir='ltr'><strong>terris</strong></span> <span class='ocrx_word' id='word_1_773' title='bbox 1191 4454 1240 4505; x_wconf 86' lang='lat' dir='ltr'><strong>per</strong></span> <span class='ocrx_word' id='word_1_774' title='bbox 1265 4455 1314 4492; x_wconf 87' lang='lat' dir='ltr'><strong>vos</strong></span> <span class='ocrx_word' id='word_1_775' title='bbox 1337 4455 1385 4492; x_wconf 87' lang='lat' dir='ltr'><strong>sen</strong></span> <span class='ocrx_word' id='word_1_776' title='bbox 1409 4444 1514 4493; x_wconf 90' lang='lat' dir='ltr'><strong>nomino</strong></span> <span class='ocrx_word' id='word_1_777' title='bbox 1531 4447 1620 4494; x_wconf 89' lang='lat' dir='ltr'><strong>vestro</strong></span> <span class='ocrx_word' id='word_1_778' title='bbox 1637 4443 1686 4492; x_wconf 87' lang='lat' dir='ltr'><strong>hs·</strong></span> 
     </span>
     <span class='ocr_line' id='line_1_117' title="bbox 891 4520 1685 4585; baseline -0.005 -11"><span class='ocrx_word' id='word_1_779' title='bbox 891 4528 984 4574; x_wconf 87' lang='lat' dir='ltr'><strong>ctenus</strong></span> <span class='ocrx_word' id='word_1_780' title='bbox 1012 4524 1127 4585; x_wconf 90' lang='lat' dir='ltr'><strong>repertis</strong></span> <span class='ocrx_word' id='word_1_781' title='bbox 1155 4520 1306 4578; x_wconf 85' lang='lat' dir='ltr'><strong>hujusmodi</strong></span> <span class='ocrx_word' id='word_1_782' title='bbox 1325 4527 1351 4571; x_wconf 91' lang='lat' dir='ltr'><strong>et</strong></span> <span class='ocrx_word' id='word_1_783' title='bbox 1369 4523 1534 4585; x_wconf 88' lang='lat' dir='ltr'><strong>reperiendis</strong></span> <span class='ocrx_word' id='word_1_784' title='bbox 1550 4523 1576 4571; x_wconf 90' lang='lat' dir='ltr'><strong>in</strong></span> <span class='ocrx_word' id='word_1_785' title='bbox 1592 4526 1685 4585; x_wconf 86' lang='lat' dir='ltr'><strong>poste·</strong></span> 
     </span>
     <span class='ocr_line' id='line_1_118' title="bbox 893 4600 1684 4664; baseline -0.005 -12"><span class='ocrx_word' id='word_1_786' title='bbox 893 4615 969 4660; x_wconf 89' lang='lat' dir='ltr'><strong>rum,</strong></span> <span class='ocrx_word' id='word_1_787' title='bbox 985 4600 1108 4652; x_wconf 89' lang='lat' dir='ltr'><strong>omnibus</strong></span> <span class='ocrx_word' id='word_1_788' title='bbox 1125 4603 1151 4648; x_wconf 91' lang='lat' dir='ltr'><strong>et</strong></span> <span class='ocrx_word' id='word_1_789' title='bbox 1168 4600 1276 4661; x_wconf 90' lang='lat' dir='ltr'><strong>singulis</strong></span> <span class='ocrx_word' id='word_1_790' title='bbox 1293 4601 1400 4663; x_wconf 86' lang='lat' dir='ltr'><strong>gratiis,</strong></span> <span class='ocrx_word' id='word_1_791' title='bbox 1420 4601 1564 4664; x_wconf 87' lang='lat' dir='ltr'><strong>privilegiis</strong></span> <span class='ocrx_word' id='word_1_792' title='bbox 1575 4636 1581 4654; x_wconf 85' lang='grc'>,</span> <span class='ocrx_word' id='word_1_793' title='bbox 1594 4612 1684 4649; x_wconf 88' lang='lat' dir='ltr'><strong>exem·</strong></span> 
     </span>
     <span class='ocr_line' id='line_1_119' title="bbox 892 4679 1684 4743; baseline -0.005 -12"><span class='ocrx_word' id='word_1_794' title='bbox 892 4681 1042 4743; x_wconf 82' lang='lat' dir='ltr'><strong>ptionibus,</strong></span> <span class='ocrx_word' id='word_1_795' title='bbox 1060 4680 1245 4739; x_wconf 91' lang='lat' dir='ltr'><strong>libertatibus,</strong></span> <span class='ocrx_word' id='word_1_796' title='bbox 1262 4679 1446 4737; x_wconf 89' lang='lat' dir='ltr'><strong>iacnltatlbus,</strong></span> <span class='ocrx_word' id='word_1_797' title='bbox 1463 4679 1684 4739; x_wconf 83' lang='lat' dir='ltr'><strong>immunitatibus,</strong></span> 
     </span>
     <span class='ocr_line' id='line_1_120' title="bbox 893 4757 1686 4820; baseline -0.001 -14"><span class='ocrx_word' id='word_1_798' title='bbox 893 4760 984 4816; x_wconf 90' lang='lat' dir='ltr'><strong>literis,</strong></span> <span class='ocrx_word' id='word_1_799' title='bbox 996 4764 1022 4807; x_wconf 89' lang='lat' dir='ltr'><strong>et</strong></span> <span class='ocrx_word' id='word_1_800' title='bbox 1040 4757 1148 4807; x_wconf 92' lang='lat' dir='ltr'><strong>indultis</strong></span> <span class='ocrx_word' id='word_1_801' title='bbox 1165 4757 1278 4819; x_wconf 88' lang='lat' dir='ltr'><strong>Regibus</strong></span> <span class='ocrx_word' id='word_1_802' title='bbox 1295 4759 1467 4820; x_wconf 66' lang='lat' dir='ltr'><strong>portugalliae</strong></span> <span class='ocrx_word' id='word_1_803' title='bbox 1484 4759 1619 4807; x_wconf 87' lang='lat' dir='ltr'><strong>concessis</strong></span> <span class='ocrx_word' id='word_1_804' title='bbox 1637 4758 1686 4806; x_wconf 93' lang='lat' dir='ltr'><strong>hu·</strong></span> 
     </span>
     <span class='ocr_line' id='line_1_121' title="bbox 890 4835 1688 4900; baseline -0.005 -11"><span class='ocrx_word' id='word_1_805' title='bbox 890 4837 1022 4900; x_wconf 81' lang='lat' dir='ltr'><strong>jusmodi,</strong></span> <span class='ocrx_word' id='word_1_806' title='bbox 1039 4849 1152 4900; x_wconf 88' lang='lat' dir='ltr'><strong>quorum</strong></span> <span class='ocrx_word' id='word_1_807' title='bbox 1170 4838 1286 4886; x_wconf 92' lang='lat' dir='ltr'><strong>omnium</strong></span> <span class='ocrx_word' id='word_1_808' title='bbox 1306 4841 1412 4886; x_wconf 89' lang='lat' dir='ltr'><strong>tenores</strong></span> <span class='ocrx_word' id='word_1_809' title='bbox 1430 4848 1459 4885; x_wconf 89' lang='lat' dir='ltr'><strong>ec</strong></span> <span class='ocrx_word' id='word_1_810' title='bbox 1478 4838 1498 4884; x_wconf 91' lang='lat' dir='ltr'><strong>si</strong></span> <span class='ocrx_word' id='word_1_811' title='bbox 1511 4835 1543 4884; x_wconf 91' lang='lat' dir='ltr'><strong>de</strong></span> <span class='ocrx_word' id='word_1_812' title='bbox 1556 4835 1639 4884; x_wconf 90' lang='lat' dir='ltr'><strong>verbo</strong></span> <span class='ocrx_word' id='word_1_813' title='bbox 1653 4836 1688 4885; x_wconf 90' lang='lat' dir='ltr'><strong>od</strong></span> 
     </span>
     <span class='ocr_line' id='line_1_122' title="bbox 894 4906 1760 4981; baseline 0.001 -16"><span class='ocrx_word' id='word_1_814' title='bbox 894 4917 1005 4967; x_wconf 82' lang='lat' dir='ltr'><strong>verbnm</strong></span> <span class='ocrx_word' id='word_1_815' title='bbox 1027 4916 1211 4978; x_wconf 89' lang='lat' dir='ltr'><strong>praesentibus</strong></span> <span class='ocrx_word' id='word_1_816' title='bbox 1236 4915 1420 4981; x_wconf 76' lang='lat' dir='ltr'><strong>insererentur</strong></span> <span class='ocrx_word' id='word_1_817' title='bbox 1446 4915 1538 4964; x_wconf 89' lang='lat' dir='ltr'><strong>baberi</strong></span> <span class='ocrx_word' id='word_1_818' title='bbox 1561 4916 1685 4966; x_wconf 90' lang='lat' dir='ltr'><strong>volumus</strong></span> <span class='ocrx_word' id='word_1_819' title='bbox 1759 4906 1760 4909; x_wconf 28' lang='lat'>¹</span> 
     </span>
     <span class='ocr_line' id='line_1_123' title="bbox 894 4994 1684 5058; baseline -0.003 -12"><span class='ocrx_word' id='word_1_820' title='bbox 894 5008 942 5058; x_wconf 92' lang='lat' dir='ltr'><strong>pro</strong></span> <span class='ocrx_word' id='word_1_821' title='bbox 960 4995 1119 5045; x_wconf 88' lang='lat' dir='ltr'><strong>sullicienter</strong></span> <span class='ocrx_word' id='word_1_822' title='bbox 1136 4996 1271 5056; x_wconf 86' lang='lat' dir='ltr'><strong>expressis</strong></span> <span class='ocrx_word' id='word_1_823' title='bbox 1288 4998 1314 5042; x_wconf 85' lang='lat' dir='ltr'><strong>et</strong></span> <span class='ocrx_word' id='word_1_824' title='bbox 1332 4994 1450 5052; x_wconf 89' lang='lat' dir='ltr'><strong>insertis,</strong></span> <span class='ocrx_word' id='word_1_825' title='bbox 1467 4994 1521 5051; x_wconf 88' lang='lat' dir='ltr'><strong>nti,</strong></span> <span class='ocrx_word' id='word_1_826' title='bbox 1537 4994 1635 5056; x_wconf 90' lang='lat' dir='ltr'><strong>potiri,</strong></span> <span class='ocrx_word' id='word_1_827' title='bbox 1656 4999 1684 5044; x_wconf 90' lang='lat' dir='ltr'><strong>et</strong></span> 
     </span>
     <span class='ocr_line' id='line_1_124' title="bbox 894 5072 1684 5136; baseline -0.001 -13"><span class='ocrx_word' id='word_1_828' title='bbox 894 5075 1009 5136; x_wconf 88' lang='lat' dir='ltr'><strong>gaudere</strong></span> <span class='ocrx_word' id='word_1_829' title='bbox 1029 5074 1112 5124; x_wconf 88' lang='lat' dir='ltr'><strong>libere</strong></span> <span class='ocrx_word' id='word_1_830' title='bbox 1129 5078 1156 5123; x_wconf 90' lang='lat' dir='ltr'><strong>et</strong></span> <span class='ocrx_word' id='word_1_831' title='bbox 1174 5074 1242 5121; x_wconf 89' lang='lat' dir='ltr'><strong>liciis</strong></span> <span class='ocrx_word' id='word_1_832' title='bbox 1257 5073 1365 5133; x_wconf 90' lang='lat' dir='ltr'><strong>possitis</strong></span> <span class='ocrx_word' id='word_1_833' title='bbox 1383 5077 1409 5122; x_wconf 90' lang='lat' dir='ltr'><strong>et</strong></span> <span class='ocrx_word' id='word_1_834' title='bbox 1426 5072 1546 5122; x_wconf 86' lang='lat' dir='ltr'><strong>debeatis</strong></span> <span class='ocrx_word' id='word_1_835' title='bbox 1560 5076 1584 5122; x_wconf 92' lang='lat' dir='ltr'><strong>in</strong></span> <span class='ocrx_word' id='word_1_836' title='bbox 1598 5075 1684 5123; x_wconf 90' lang='lat' dir='ltr'><strong>omni·</strong></span> 
     </span>
     <span class='ocr_line' id='line_1_125' title="bbox 895 5151 1682 5215; baseline 0 -13"><span class='ocrx_word' id='word_1_837' title='bbox 895 5153 944 5202; x_wconf 90' lang='lat' dir='ltr'><strong>bns</strong></span> <span class='ocrx_word' id='word_1_838' title='bbox 961 5157 988 5202; x_wconf 88' lang='lat' dir='ltr'><strong>et</strong></span> <span class='ocrx_word' id='word_1_839' title='bbox 1004 5164 1054 5215; x_wconf 90' lang='lat' dir='ltr'><strong>per</strong></span> <span class='ocrx_word' id='word_1_840' title='bbox 1070 5152 1157 5201; x_wconf 90' lang='lat' dir='ltr'><strong>omnis</strong></span> <span class='ocrx_word' id='word_1_841' title='bbox 1175 5151 1381 5212; x_wconf 81' lang='lat' dir='ltr'><strong>perinde,ac·si</strong></span> <span class='ocrx_word' id='word_1_842' title='bbox 1399 5151 1444 5200; x_wconf 90' lang='lat' dir='ltr'><strong>illa</strong></span> <span class='ocrx_word' id='word_1_843' title='bbox 1463 5152 1549 5201; x_wconf 84' lang='lat' dir='ltr'><strong>omnia</strong></span> <span class='ocrx_word' id='word_1_844' title='bbox 1562 5151 1639 5201; x_wconf 77' lang='lat' dir='ltr'><strong>iobis</strong></span> <span class='ocrx_word' id='word_1_845' title='bbox 1652 5167 1682 5202; x_wconf 90' lang='lat' dir='ltr'><strong>ac</strong></span> 
     </span>
     <span class='ocr_line' id='line_1_126' title="bbox 894 5228 1685 5293; baseline 0 -14"><span class='ocrx_word' id='word_1_846' title='bbox 894 5230 1038 5281; x_wconf 88' lang='lat' dir='ltr'><strong>heredibus</strong></span> <span class='ocrx_word' id='word_1_847' title='bbox 1055 5233 1082 5279; x_wconf 90' lang='lat' dir='ltr'><strong>et</strong></span> <span class='ocrx_word' id='word_1_848' title='bbox 1098 5228 1297 5279; x_wconf 87' lang='lat' dir='ltr'><strong>successoribus</strong></span> <span class='ocrx_word' id='word_1_849' title='bbox 1311 5230 1408 5279; x_wconf 87' lang='lat' dir='ltr'><strong>vestris</strong></span> <span class='ocrx_word' id='word_1_850' title='bbox 1420 5229 1547 5292; x_wconf 87' lang='lat' dir='ltr'><strong>praelatis</strong></span> <span class='ocrx_word' id='word_1_851' title='bbox 1560 5231 1685 5293; x_wconf 89' lang='lat' dir='ltr'><strong>speciali·</strong></span> 
     </span>
     <span class='ocr_line' id='line_1_127' title="bbox 895 5306 1687 5371; baseline 0.003 -14"><span class='ocrx_word' id='word_1_852' title='bbox 895 5312 936 5360; x_wconf 91' lang='lat' dir='ltr'><strong>ter</strong></span> <span class='ocrx_word' id='word_1_853' title='bbox 953 5319 1081 5359; x_wconf 88' lang='lat' dir='ltr'><strong>concessa</strong></span> <span class='ocrx_word' id='word_1_854' title='bbox 1103 5308 1233 5365; x_wconf 88' lang='lat' dir='ltr'><strong>inissent,</strong></span> <span class='ocrx_word' id='word_1_855' title='bbox 1250 5306 1408 5357; x_wconf 89' lang='lat' dir='ltr'><strong>authoritate</strong></span> <span class='ocrx_word' id='word_1_856' title='bbox 1425 5308 1570 5371; x_wconf 87' lang='lat' dir='ltr'><strong>apostolica</strong></span> <span class='ocrx_word' id='word_1_857' title='bbox 1594 5312 1687 5359; x_wconf 89' lang='lat' dir='ltr'><strong>tenore</strong></span> 
     </span>
    </p>
   </div>
   <div class='ocr_carea' id='block_1_8' title="bbox 0 0 1892 6030">
    <p class='ocr_par' dir='ltr' id='par_1_13' title="bbox 0 0 1892 6030">
     <span class='ocr_line' id='line_1_128' title="bbox 0 0 1892 6030; baseline 0 0"><span class='ocrx_word' id='word_1_858' title='bbox 0 0 1892 6030; x_wconf 95' lang='lat' dir='ltr'><strong> </strong></span> 
     </span>
    </p>
   </div>
  </div>
 </body>
</html>
