3758 6030
50 231 161 316 (ιιει)
254 314 257 321 ν

52 366 159 448 legati
173 367 269 446 quieta
284 369 472 448 assignatum3
489 372 537 431 ubi
555 371 694 452 laegatus,
715 373 839 453 peractis

53 470 137 547 prius
158 469 260 547 gratiis
282 469 372 547 Regi,
388 481 418 532 et
434 480 467 529 ut
488 472 580 532 abiret
610 493 644 534 eo
670 483 784 552 rogato,
806 491 839 533 ex

52 586 130 646 equo
151 570 307 639 descendit,
322 579 351 629 et
371 589 438 631 cum
453 571 533 650 Rege
549 574 669 634 intrarit
690 574 839 634 eeclesiam

53 679 82 730 et
104 679 241 749 porrecto
264 670 316 728 sibi
346 688 398 748 per
420 671 675 752 hrchiepiscopum
703 680 839 751 paratum

54 771 233 849 aspersorio,
246 769 364 849 Regem,
376 791 416 842 se,
426 781 455 831 et
465 773 538 831 alios
548 774 678 852 aspersit:
691 783 766 845 tum,
780 774 840 831 im-

53 871 149 949 posito
163 873 286 945 incenso,
300 872 355 933 luit
376 873 434 951 ipsc
455 871 581 952 laegatus
603 876 763 934 incensatus
782 889 839 932 non

54 969 133 1044 Rex,
145 970 227 1051 Rege
242 980 335 1032 tamen
350 975 430 1053 prius
446 974 578 1033 invitato.
589 974 787 1035 hscersderunt
805 970 841 1030 ad

54 1071 149 1134 altare
171 1069 281 1149 niajus,
301 1074 349 1133 abi
366 1094 452 1154 super
469 1075 634 1135 faldistoriis
656 1073 764 1154 paratis
785 1092 841 1152 ge-

57 1172 261 1234 nullexerunt:
283 1175 350 1235 dieti
376 1187 444 1236 sunt
465 1177 601 1236 versiculi
626 1188 655 1236 et
675 1176 769 1235 oratio
789 1191 842 1252 ρει

55 1273 327 1354 Arcbiepiscopum,
349 1288 378 1336 et
401 1276 509 1356 antiph,
533 1296 600 1337 eum
627 1276 770 1337 versiculo
791 1293 843 1352 ρει·

57 1371 183 1432 chorum
196 1418 206 1446 ,
220 1385 248 1435 et
263 1376 358 1434 oratio
380 1376 414 1436 de
436 1376 543 1437 Sancto
556 1376 695 1436 ,ianuario
709 1392 761 1455 per
781 1371 842 1434 Ise-

56 1484 161 1550 gatum
183 1474 233 1551 qui
254 1475 333 1535 dedit
353 1475 465 1536 tandem
487 1477 726 1546 benedictionem,
746 1484 775 1534 et
792 1473 842 1532 in-

59 1573 222 1650 dulgentias
244 1575 334 1634 trium
356 1593 498 1636 annorum
518 1595 589 1654 quas
609 1575 765 1655 publicavit
784 1573 844 1632 Sa-

58 1674 148 1732 crista
170 1674 262 1735 dictae
282 1676 418 1737 ecclesiae
436 1696 470 1737 ex
489 1678 603 1749 cedula,
624 1696 668 1737 sne
690 1677 770 1736 illam
791 1672 843 1733 sibi

62 1774 187 1852 legente,
202 1776 268 1852 qula
287 1775 400 1862 videre,
420 1796 469 1837 seu
487 1778 580 1856 potitis
594 1795 657 1837 eam
672 1777 767 1855 legere
789 1794 844 1834 ne·

61 1874 181 1935 sciebat.
201 1876 263 1936 Rex
282 1879 435 1938 associavit
448 1877 589 1958 hegatum
606 1877 744 1957 usquead
761 1879 844 1956 pala-

61 1977 136 2034 tium
158 1977 407 2059 archiepiscopale
432 1991 461 2041 et
487 1998 631 2042 eameram
652 1997 734 2038 suam
749 1971 845 2050 ,licet

58 2089 128 2138 ante
150 2080 242 2141 altare
258 2077 376 2156 majus,
398 2091 427 2142 et
448 2082 477 2140 in
499 2083 589 2160 eapite
610 2083 754 2140 scalarum
774 2078 844 2138 dicti

60 2179 161 2258 palatii
195 2178 323 2259 laegatus
357 2192 389 2241 ut
421 2181 513 2243 abiret
539 2183 633 2260 ipsum
664 2190 843 2260 rogaverat:

63 2279 229 2340 Cardiualis
254 2282 405 2341 associavit
424 2282 534 2361 Regem
556 2301 647 2359 usque
672 2283 708 2341 ad
730 2292 845 2361 portum

64 2382 176 2459 primae
197 2398 329 2444 camerae
357 2402 447 2462 prope
473 2384 587 2455 aulam,
609 2383 676 2455 ubi,
699 2383 778 2463 Rege
804 2386 845 2443 sic

66 2483 191 2554 volente,
212 2484 315 2543 mansit
335 2484 487 2556 Cardiaal,
513 2495 542 2544 et
570 2483 630 2543 Rex
652 2486 793 2562 equitavit
810 2484 847 2542 ad

66 2582 229 2644 aarum:
250 2585 344 2644 otnnia
366 2587 421 2646 alia
447 2585 565 2658 luerunt
592 2583 744 2645 observata
766 2603 847 2645 more

65 2688 164 2758 solito,
178 2699 267 2766 prout
285 2690 417 2767 superius
439 2687 496 2746 dixi
517 2687 694 2747 ordinetum.
717 2686 776 2745 Pro
796 2705 849 2746 co·

67 2788 218 2849 ronatione
252 2786 418 2865 hujusmodi
453 2799 553 2869 parata
579 2798 609 2849 et
639 2787 773 2866 deputata
794 2787 850 2847 luit

68 2891 188 2950 ecclesia
211 2882 451 2969 metropolitana,
473 2908 547 2968 quae
570 2889 654 2948 babet
670 2900 728 2947 tres
748 2905 851 2960 naves,

68 2992 193 3052 isaadiam
218 2991 371 3064 videlicet,
392 3009 465 3070 quae
482 2991 574 3069 major
588 3000 646 3063 est,
669 3000 696 3050 et
718 2989 789 3047 duas
806 2991 851 3048 la-

69 3094 192 3166 terales3
210 3092 317 3153 choras
339 3093 544 3151 canonicorum
566 3102 608 3151 est
624 3092 651 3148 in
668 3089 762 3149 media
783 3089 851 3147 novi

70 3193 101 3252 in
121 3194 214 3271 capite
233 3192 339 3252 habens
353 3211 459 3272 corpus
478 3191 672 3250 transversale
689 3190 716 3247 in
732 3189 851 3247 modum

69 3295 170 3354 crucis
188 3293 226 3351 ad
244 3295 332 3352 instar
346 3293 484 3354 Basilicas
500 3292 597 3352 Sancti
614 3291 691 3351 Petri
707 3289 741 3350 de
756 3284 853 3363 Urbe,

69 3396 217 3455 tribunam
239 3395 348 3454 habens
368 3393 574 3472 amplissimam
594 3409 660 3451 cum
675 3392 766 3450 altare
788 3405 853 3447 ma-

65 3494 143 3573 jori,
165 3497 243 3575 quod
264 3497 389 3575 positum
409 3506 450 3555 est
466 3496 540 3552 intra
557 3493 706 3552 tribunam
728 3489 763 3549 ad
784 3509 853 3569 spa·

73 3602 151 3659 tium
170 3598 273 3677 pedum
300 3613 356 3657 xx.
387 3598 432 3656 vel
460 3594 547 3655 circa.
577 3593 664 3653 Navis
690 3593 784 3654 media
812 3605 854 3653 est

67 3699 227 3759 latitudinis
247 3698 350 3778 pedum
372 3714 424 3758 cx.
445 3695 587 3756 vechirea
611 3705 641 3755 et
658 3694 799 3772 quaelibet
820 3713 853 3753 ex

68 3800 236 3861 lateralibus
256 3800 360 3880 pedum
382 3817 477 3862 ιιιιιι.
501 3797 559 3859 Sed
582 3807 640 3857 tota
663 3797 782 3857 ecclesia
806 3797 852 3856 la·

67 3900 200 3960 titudinis
220 3900 324 3980 pedum
340 3918 486 3974 cxxr1n3
499 3901 664 3972 columnae,
677 3917 763 3958 naves
779 3900 852 3958 late·

68 4004 147 4062 rales
173 4020 190 4060 a
212 4001 303 4062 media
327 4002 500 4071 dividentes,
522 4001 628 4060 distant
653 4019 708 4058 una
734 3999 770 4057 ab
797 4001 851 4058 alia

69 4101 189 4180 pedibus
208 4118 306 4161 rusa
328 4114 412 4180 porta
427 4101 562 4162 ecclesiae
580 4102 722 4180 usquead
739 4114 852 4181 portam

68 4203 152 4264 chori
173 4213 240 4262 suat
263 4203 350 4281 pedes
370 4219 505 4274 auxerre
528 4203 636 4262 chorus
657 4214 700 4261 est
722 4203 853 4280 longitu-

69 4306 142 4364 dinis
164 4304 270 4384 pedam
292 4322 340 4366 nr.
362 4316 390 4364 et
412 4304 573 4364 latitudinis
596 4320 661 4374 ax,
684 4322 737 4380 pro
758 4321 853 4381 quan·

70 4409 153 4466 ritate
175 4408 305 4467 videlicet
327 4407 413 4486 ipsius
433 4408 530 4465 navis:
551 4425 602 4485 per
624 4406 752 4465 medium
772 4406 853 4465 chori

69 4521 135 4568 erat
154 4510 272 4588 planum
294 4509 355 4567 sive
374 4509 497 4586 spatium
514 4524 576 4568 xtr.
593 4507 697 4586 pedum
718 4525 772 4586 pro
789 4508 854 4566 lon·

69 4610 200 4688 gitudina
221 4609 327 4680 ebori3
348 4619 377 4670 et
396 4611 425 4669 in
447 4611 539 4688 capite
558 4606 620 4686 ejus
642 4628 743 4670 versus
759 4610 856 4668 tribu·

72 4730 140 4771 nam
170 4723 234 4772 erat
266 4730 401 4772 ascensus
424 4723 499 4772 octo
527 4711 670 4788 graduum
698 4711 857 4771 altitudinis

71 4815 160 4874 unius
187 4815 266 4894 pedis
298 4815 342 4874 vel
369 4815 449 4873 circa
477 4826 506 4874 et
533 4814 719 4892 longitudinis
753 4813 857 4892 pedum

71 4916 225 4977 duodecim
250 4916 369 4994 quilibet
391 4915 499 4993 gradus
518 4926 600 4988 ernt3
621 4924 650 4975 et
673 4913 773 4975 ibidem
795 4925 859 4974 erat

55 5035 164 5077 ·uunm
180 5019 300 5097 planum
316 5034 453 5095 magnum
478 5035 513 5077 ex
535 5017 642 5077 tabulis
659 5017 858 5095 compositum,

71 5119 232 5179 latitudinis
265 5118 415 5197 usquead
442 5118 592 5178 tribunam
624 5116 728 5195 pedum
754 5133 803 5177 nr.
830 5123 859 5174 et

74 5242 127 5302 ρει·
144 5223 247 5303 aliurn,
262 5222 393 5282 videlicet
414 5220 652 5291 transversalent,
674 5216 858 5296 longitudinis

71 5325 135 5386 sive
157 5321 314 5382 latitudinis
333 5321 440 5402 pedum
458 5339 577 5385 nxrrn.
600 5319 692 5380 choro
713 5316 861 5399 praedicto

534 236 816 301 runttrtcsrtrs
837 235 1061 313 nuntiabunt
1082 236 1207 300 saltat.
1258 280 1260 284 -
1632 235 1694 296 tut

909 370 994 449 juxta
1020 374 1137 453 planum
1166 390 1222 434 xu.
1254 371 1361 452 pedum
1397 372 1443 431 ab·
1464 382 1590 449 utraque
1615 381 1697 451 parte

911 475 979 535 ia‘cti
1012 475 1131 536 luerunt
1163 474 1270 551 gradus
1295 491 1357 535 ιιι.
1390 472 1551 532 altitudinis
1590 469 1696 551 pedum

912 576 1034 653 quilibet
1059 594 1110 654 per
1138 575 1342 653 longitudinem
1373 573 1456 633 chori
1486 591 1541 652 pro
1571 570 1698 631 locandis

913 677 1048 753 gentibus
1074 675 1111 734 ad
1134 674 1297 735 videndum.
1323 673 1419 752 Supra
1446 675 1612 742 introitum,
1636 671 1698 730 sive

912 787 1027 854 portam
1049 775 1176 854 ejusdem
1196 775 1292 846 chori,
1314 777 1402 833 etiam
1425 774 1573 852 compositi
1595 783 1623 833 et
1650 773 1710 854 lo·¹

913 877 970 937 eati
989 878 1110 938 luerunt
1132 876 1216 935 multi
1245 873 1369 953 gradus,
1398 875 1433 934 ad
1460 874 1613 934 sedendum
1641 888 1696 952 pro

915 976 1021 1038 risione
1042 977 1112 1056 apti.
1134 977 1165 1036 ln
1187 974 1314 1053 quolibet
1340 976 1433 1054 capite
1449 974 1579 1054 corporis
1602 987 1699 1033 trans·

917 1077 1036 1137 versalis
1063 1077 1222 1148 ecclesiae,
1251 1077 1328 1154 quod
1350 1087 1393 1136 est
1415 1078 1489 1137 inter
1519 1076 1642 1136 eborum
1671 1085 1700 1134 et

916 1179 1070 1237 tribunam·
1086 1178 1262 1256 praedictam
1278 1187 1361 1237 extra
1386 1177 1459 1238 illud
1473 1177 1592 1257 planum
1612 1195 1701 1255 supe·

917 1279 978 1338 rins
993 1278 1184 1357 descriptum,
1196 1278 1275 1355 quod
1290 1289 1332 1356 est
1347 1295 1436 1357 supra
1455 1278 1519 1337 illos
1535 1275 1643 1355 gradus
1655 1291 1698 1335 nt.

915 1398 931 1438 a
965 1379 1061 1439 tribus
1093 1379 1224 1458 partibus
1259 1377 1410 1458 compositi
1441 1377 1561 1438 luerunt
1593 1373 1698 1435 Anides

916 1482 1025 1559 gradus
1044 1498 1097 1553 ιιι,
1113 1479 1273 1538 altitudinis
1295 1479 1422 1538 duorum
1444 1478 1548 1557 pedum
1570 1473 1700 1553 quilibet.

916 1581 977 1642 Pro
999 1580 1124 1642 locandis
1147 1580 1183 1638 ad
1207 1579 1360 1640 videndum
1388 1581 1416 1637 in
1444 1580 1530 1658 plano
1552 1575 1702 1655 praedicto

918 1684 946 1742 in
969 1684 1078 1761 angulo
1099 1683 1134 1741 ad
1155 1682 1302 1741 sinistram
1325 1680 1495 1740 ascendente
1528 1678 1701 1756 compositus

917 1785 973 1843 luit
996 1783 1140 1843 thalamus
1161 1785 1256 1860 regius
1272 1781 1442 1858 quadratus,
1464 1781 1651 1858 perlongum
1672 1787 1701 1836 et

919 1885 1009 1944 latum
1029 1899 1085 1943 xx.
1111 1881 1194 1961 pedes
1217 1880 1341 1954 babens,
1367 1890 1396 1941 et
1417 1878 1501 1956 juxto
1528 1896 1648 1938 murum
1671 1877 1700 1936 in

918 1985 1009 2064 capite
1025 1983 1120 2055 ebori,
1134 1982 1242 2061 regalis
1263 1982 1343 2042 sedes
1366 1993 1425 2041 tres
1447 1980 1555 2060 gradus
1578 1979 1700 2050 habens3

918 2097 947 2146 et
979 2103 1111 2146 ascensus
1138 2084 1174 2143 ad
1206 2084 1300 2162 ipsum
1333 2083 1495 2150 thalamum
1533 2091 1596 2140 erat
1622 2081 1700 2139 circo

918 2187 1044 2248 medium
1067 2186 1103 2245 ad
1117 2186 1263 2246 sinistram
1284 2183 1460 2244 ascendentis
1482 2182 1517 2240 ad
1540 2181 1704 2250 tribunam,

919 2300 948 2349 et
968 2299 1032 2348 erat
1055 2287 1201 2366 graduum
1222 2305 1292 2356 sen,
1313 2283 1471 2344 altitudinis
1508 2283 1594 2341 unius
1626 2282 1705 2361 pedis

921 2389 1056 2468 quilibet3
1075 2390 1102 2446 in
1119 2387 1249 2466 opposito
1265 2386 1383 2444 thalami
1397 2385 1432 2443 ad
1443 2383 1572 2443 eamdent
1589 2400 1706 2441 manum

922 2491 951 2549 in
972 2490 1082 2568 angulo
1103 2489 1171 2554 dicti
1205 2487 1281 2567 plani
1311 2483 1397 2561 juxta
1431 2485 1578 2545 tribunam
1607 2493 1706 2563 parata

921 2602 984 2651 erat
1003 2603 1032 2649 et
1053 2588 1158 2648 tabulis
1179 2590 1304 2659 elevata,
1321 2589 1448 2666 cappella
1466 2587 1502 2645 nd
1524 2584 1707 2646 vestiendum

923 2692 1032 2770 Regem
1064 2707 1127 2748 suo·
1149 2698 1278 2766 tempore
1306 2687 1432 2747 vestibus
1467 2685 1640 2765 regalibus:
1671 2684 1708 2743 ab

923 2793 981 2852 alia
997 2802 1077 2869 parte
1093 2789 1212 2848 thalami
1229 2789 1258 2847 in
1274 2789 1384 2866 angulo
1401 2787 1437 2844 ad
1453 2786 1584 2846 dextram
1600 2784 1708 2847 dictum

925 2895 1041 2971 planum
1063 2889 1243 2959 ascendente,
1264 2889 1291 2946 in
1312 2887 1411 2948 eodem
1437 2888 1521 2965 plano
1542 2894 1606 2945 erat
1628 2886 1709 2943 locus

924 2993 1051 3053 eminens
1087 3010 1141 3069 pro
1169 2990 1361 3068 cantoribus,
1384 2988 1571 3066 longitudinis
1603 2987 1707 3066 pedum

926 3111 999 3153 xrnr.
1020 3104 1047 3152 et
1070 3090 1230 3152 latitudinis
1252 3089 1358 3168 pedum
1386 3107 1448 3149 xn.
1477 3087 1635 3148 altitudinis
1657 3106 1710 3165 pe·

926 3194 995 3253 durn
1017 3211 1049 3255 x.
1073 3194 1116 3253 vel
1146 3192 1236 3251 circu.
1259 3191 1299 3250 De
1325 3192 1411 3269 plano
1433 3190 1583 3269 praedicto
1604 3184 1710 3262 majori

927 3294 1135 3356 ascendebatur
1157 3312 1207 3371 per
1236 3293 1366 3368 quinque
1395 3289 1505 3368 gradus
1532 3290 1568 3346 ad
1593 3289 1712 3367 planum

929 3396 1085 3466 tribunae,
1107 3393 1184 3471 quod
1208 3404 1301 3452 tamen
1322 3392 1407 3450 etiam
1441 3391 1499 3449 luit
1519 3400 1599 3450 entra
1622 3389 1711 3467 ipsam

929 3496 1072 3556 tribunam
1100 3495 1273 3572 ampliatum
1297 3510 1352 3571 pro
1372 3490 1531 3569 capacitate
1558 3491 1711 3550 locorum:

929 3597 1007 3672 quod
1041 3595 1160 3672 planum
1184 3593 1317 3652 tribunae
1338 3604 1400 3651 erat
1435 3590 1620 3670 longitudinis
1641 3604 1712 3651 ιιιιι.

929 3697 1036 3776 pedum
1057 3705 1086 3754 et
1110 3692 1269 3753 latitudinis
1295 3698 1387 3770 usque
1414 3692 1450 3750 ad
1477 3692 1587 3769 gradus
1611 3691 1712 3749 altaris

927 3798 1031 3878 pedum
1055 3813 1119 3856 xrr.
1147 3813 1214 3855 cuin
1236 3792 1379 3865 dimidio,
1410 3811 1457 3852 seu
1489 3789 1569 3867 justa
1585 3812 1595 3863 3
1616 3801 1644 3851 et
1664 3792 1713 3848 al·

928 3910 990 3958 tare
1006 3897 1103 3955 adhuc
1119 3894 1284 3955 continebat
1303 3892 1387 3971 pedes
1407 3909 1464 3952 xx.
1483 3891 1527 3949 vel
1542 3890 1635 3949 circa:
1653 3902 1715 3968 post

926 3989 1135 4060 dictos'xrnt.
1159 3995 1242 4075 pedes
1264 3992 1439 4072 incipiebant
1458 4002 1517 4051 tres
1544 3990 1652 4069 gradus
1668 3992 1715 4048 al·

928 4101 1015 4172 taris,
1038 4117 1165 4176 quorum
1188 4096 1292 4156 tertius
1318 4097 1437 4173 planum
1459 4093 1623 4153 continebat
1644 4092 1714 4151 lati·

927 4203 1036 4266 tudinis
1054 4201 1157 4279 pedum
1174 4206 1304 4274 quatuor
1316 4214 1384 4255 cum
1396 4195 1532 4266 dimidio,
1543 4205 1570 4253 et
1585 4193 1715 4273 longitu-

929 4303 1000 4363 dinis
1023 4301 1128 4380 pedum
1139 4315 1191 4359 xv.
1203 4317 1270 4356 cnm
1287 4296 1417 4367 dimidio,
1429 4306 1458 4354 et
1474 4314 1564 4375 prope
1582 4295 1715 4354 eumdem

929 4415 993 4466 erat
1014 4405 1100 4464 etiam
1124 4402 1217 4461 altare
1243 4400 1369 4477 ligneum
1393 4397 1497 4458 ibidem
1514 4397 1716 4476 compositum,

930 4519 958 4566 et
980 4504 1137 4566 latitudinis
1161 4502 1265 4581 pedam
1289 4501 1380 4560 trium
1403 4518 1469 4559 enm
1492 4498 1632 4569 dimidio;
1653 4509 1717 4558 erat

930 4608 1016 4667 etiam
1038 4605 1132 4684 posita
1162 4603 1189 4661 in
1215 4604 1302 4681 plano
1329 4601 1432 4702 primi
1448 4600 1557 4679 gradus
1585 4616 1717 4658 ascensus

932 4708 1031 4769 altaris
1053 4704 1180 4782 predella
1202 4700 1362 4763 altitudinis
1390 4720 1438 4760 sex
1466 4699 1571 4777 pedum
1601 4707 1629 4758 et
1652 4700 1719 4755 lon·

933 4807 1068 4889 gitudinis
1091 4805 1195 4885 pedum
1216 4814 1283 4864 octo
1300 4822 1355 4882 pro
1372 4799 1538 4861 faldistorio
1559 4798 1720 4883 Capdinalis

932 4909 1033 4990 Legati
1049 4927 1082 4968 ex
1101 4905 1207 4972 tabulis
1229 4903 1398 4982 composita3
1413 4918 1502 4978 prope
1520 4900 1606 4961 etiam
1628 4899 1719 4957 altare

934 5011 1124 5092 praedictum,
1140 5015 1220 5067 retro
1236 5004 1343 5062 dietum
1358 5000 1515 5080 predellam
1527 4997 1611 5075 juxta
1628 5015 1720 5058 cornu

934 5113 1069 5193 epistolae
1087 5108 1186 5168 altaris
1206 5116 1307 5183 parata
1335 5102 1389 5160 luit
1404 5121 1498 5162 mensa
1521 5119 1575 5178 pro
1597 5099 1720 5160 creden-

934 5214 974 5271 tia
998 5209 1186 5290 longitudinis
1209 5206 1313 5285 pedum
1337 5221 1368 5264 x.
1388 5213 1417 5263 et
1438 5202 1594 5263 latitudinis
1615 5201 1719 5280 pedum

939 5324 1092 5393 quatuor,
1121 5311 1165 5369 rel
1194 5308 1284 5368 cirea.
1301 5305 1424 5367 Planum
1441 5304 1495 5365 hoc
1510 5304 1658 5377 tribunae,
1684 5303 1720 5362 nb
