3758 6030
167 250 229 312 920

169 382 254 447 lertio
271 387 314 447 .D.
333 384 546 466 Hieronymum
570 387 737 467 episcopum
753 385 956 448 Policastren·

167 506 252 561 sem,
272 486 400 548 medium
423 487 497 548 inter
519 484 695 568 Episcopum
715 486 957 557 concordiensem

166 591 330 672 praelatum
351 587 457 648 Palatii
475 607 493 647 a
514 587 633 671 dextris,
649 599 679 650 ct
698 588 838 650 Abbatem
857 588 958 651 Sancti

168 690 283 752 Antonii
303 690 340 750 de
361 689 480 763 Vienna,
497 689 654 751 Oratorem
669 689 758 768 Regis
778 691 920 751 Franciae
941 711 956 750 n

168 792 298 854 sinistris.
320 792 352 853 ln
374 802 480 870 quarto
503 793 547 853 lll.
569 791 653 852 Dum.
676 792 867 853 Franciscum
894 793 958 851 Du·

168 913 231 955 cem
253 891 415 965 Graviuae,
436 892 562 954 medium
582 893 656 953 inter
672 894 837 973 episcopum
859 892 955 972 Sego-

167 996 331 1057 bricensem
367 995 529 1076 praelatum
562 994 668 1055 Palatii
701 1014 718 1054 a
759 996 888 1069 dextris,
928 1007 957 1056 et

171 1097 337 1177 episcopum
378 1096 564 1157 Parentinum
605 1094 764 1158 Oratorem
800 1096 889 1176 Regis
928 1108 957 1158 et

169 1199 298 1279 Reginae
329 1197 535 1277 Hispaniarum
563 1217 581 1257 a
614 1198 749 1258 sinistris.
783 1198 816 1256 ln
853 1199 958 1275 quinto

170 1300 207 1360 D.
238 1300 380 1362 Carolum
405 1299 546 1360 Comitem
579 1299 797 1372 Venafrorum,
829 1299 957 1359 medium

168 1399 242 1462 iuter
254 1399 431 1481 Episcopum
444 1399 652 1461 Colbonensem
666 1398 865 1461 secretarium
877 1402 958 1480 Apo·

168 1500 337 1561 stolicuma
359 1501 489 1571 dextris,
511 1511 540 1560 et
561 1502 727 1580 episcopum
743 1501 956 1562 Assos-irenem

168 1598 325 1663 Oratorem
348 1600 436 1680 Regis
456 1611 485 1662 et
506 1600 631 1679 Reginae
652 1602 858 1680 Hispaniarum
877 1620 894 1660 a
915 1602 959 1661 si·

168 1703 278 1763 nistris.
299 1703 331 1762 ln
351 1712 431 1765 sexto
445 1703 481 1762 D.
502 1701 646 1782 Lopsium
662 1702 805 1764 Comitem
824 1701 933 1764 Causae
949 1742 965 1777 ,.

167 1801 294 1863 medium
317 1802 391 1863 inter
414 1803 583 1882 episcopum
603 1801 851 1882 caputaquensem
871 1820 957 1882 prae·

167 1905 260 1963 latum
295 1902 398 1963 Palatii
427 1922 445 1962 a
478 1902 607 1974 dextris,
640 1914 668 1963 ct
701 1902 958 1982 Arcbiepiscopum

170 2004 272 2066 Sancti
293 2001 604 2065 Andreanratorem
627 2003 715 2083 Regis
729 2002 850 2064 ‘Scotiae
877 2006 959 2064 asi·

169 2107 276 2168 nistris.
299 2104 332 2166 lo
352 2107 474 2186 septimo
499 2105 536 2165 D.
558 2105 799 2166 bartholomeum
815 2105 958 2167 Comitem

172 2206 310 2280 Palenae,
333 2207 460 2268 medium
482 2207 556 2267 intes
578 2207 745 2287 episcopum
763 2207 958 2268 Vulteranen·

169 2328 232 2371 sem
253 2310 419 2390 praelatum
453 2307 557 2371 Palatii
579 2325 596 2366 a
618 2307 726 2368 dextris
749 2317 777 2368 et
803 2304 958 2369 Oratorem

170 2412 381 2474 Venetoruma
403 2410 533 2471 sinistris.
549 2409 657 2470 Deinde
680 2427 772 2469 unum
795 2410 958 2488 praelatum

171 2511 275 2573 Palatii
290 2533 307 2572 a
322 2512 431 2573 dextris
451 2522 484 2572 et.
498 2528 590 2570 tinum
606 2508 763 2575 Oratorem
782 2530 816 2570 ex
833 2512 959 2589 antiquis

175 2613 345 2694 Principum
361 2632 378 2672 a
393 2612 514 2672 sinistris
535 2623 562 2672 et
585 2621 681 2673 cetera
697 2628 780 2671 more
795 2609 887 2670 solito.
898 2610 958 2672 lle·

169 2713 328 2775 verendum
341 2730 413 2774 vcro
420 2712 456 2771 D.
463 2709 648 2771 laeanmdum
659 2712 826 2790 episcopum
838 2711 960 2772 biantis-

169 2815 279 2893 pilosi,
298 2813 348 2892 qui
365 2811 394 2873 in
411 2812 536 2874 servitiis
550 2811 618 2871 dicti
634 2811 787 2892 Principis,
800 2824 829 2873 et
843 2830 910 2873 cum
925 2831 960 2874 eu

173 2915 264 2986 venit,
276 2915 368 2975 lucari
387 2932 453 2975 curn
470 2914 573 2973 ultimo
584 2915 715 2992 praelato
726 2914 829 2974 Palatii
848 2932 866 2972 a
885 2913 959 2973 siui-

169 3016 359 3077 stris.Fuerat
370 3016 456 3075 etiam
469 3013 586 3093 quidam
597 3017 671 3075 alius
684 3015 807 3088 Ductor,
821 3033 958 3076 unacum

170 3119 308 3196 praelatis
322 3161 331 3191 ,
344 3117 500 3196 Principe,
522 3116 665 3177 Praelatis
676 3127 712 3177 ct
728 3111 859 3177 Dominis
872 3160 881 3189 ,
903 3135 957 3195 pro

168 3236 243 3279 nono
262 3219 326 3279 luco
348 3219 523 3292 ordinatus,
545 3219 596 3296 qui
613 3216 784 3280 infirmitate
807 3237 859 3297 per
880 3219 956 3281 riam

169 3317 311 3391 detentus,
333 3336 390 3378 non
420 3320 506 3379 venit.
538 3318 746 3397 Equitarimus
770 3319 826 3379 boc
847 3320 959 3393 ordine,

175 3419 222 3481 via
238 3429 317 3480 recta
331 3416 415 3494 juxta
436 3417 584 3480 Coliseum
605 3439 622 3478 u
644 3419 752 3480 dextris
774 3420 906 3493 dimissa,
922 3421 959 3480 ad

175 3519 313 3580 Sanctam
335 3519 458 3579 blaciam
484 3538 587 3580 norant
608 3517 702 3595 juxta
716 3522 857 3601 hospitale
879 3522 959 3583 Con-

170 3620 317 3681 solationis
344 3640 395 3700 per
420 3631 486 3681 ante
518 3621 636 3681 domum
663 3621 696 3683 de
730 3621 873 3696 Sabellis,
906 3622 959 3682 Pi-

170 3722 318 3795 scariam,
338 3722 463 3802 plateam
484 3721 676 3794 iudaeorum,
694 3706 837 3801 Campum
850 3723 960 3784 ¹Florae

173 3821 210 3881 ad
236 3823 377 3902 palatium
398 3822 617 3902 apostolicum,
639 3822 714 3902 apud
738 3821 878 3882 Sanctum
901 3823 959 3884 Pe·

171 3934 264 3984 trum.
276 3921 399 3985 Causam
414 3942 514 3984 morae
528 3922 727 3985 cardinalium
743 3924 845 4002 opinor
865 3923 959 3999 lrtbse,

171 4023 239 4101 quia
260 4022 390 4084 Pontifex
419 4024 580 4084 conabatur
607 4022 770 4102 Principem
793 4024 960 4098 divertere,

172 4143 207 4185 ne
229 4124 313 4186 bodie
335 4124 372 4184 ad
393 4124 563 4199 Palatium,
579 4124 627 4201 sed
648 4136 728 4185 recta
752 4125 798 4184 ria
820 4124 857 4184 ad
878 4127 960 4204 Apo·

173 4228 284 4300 stolus,
312 4226 360 4285 ubi
393 4226 578 4306 bospitandus
599 4237 684 4299 crat,
705 4227 870 4305 equitaret,
892 4227 958 4286 licet

172 4326 255 4406 prius
276 4329 304 4386 in
338 4322 481 4407 Principis
500 4327 624 4388 arbitrio
650 4328 764 4408 saepius
785 4326 957 4405 reliquisset.

170 4426 240 4487 Post
272 4427 415 4505 Principis
449 4426 597 4500 Berones,
619 4427 735 4488 Nobiles
766 4438 795 4486 et
822 4425 959 4486 familiam

170 4545 296 4598 omnem,
309 4527 371 4605 ipso
381 4527 422 4586 sic
440 4528 562 4599 volente,
573 4529 742 4604 equitarunt
755 4528 885 4588 scutiferi
900 4527 960 4586 Pa·

171 4648 235 4709 pae,
247 4629 373 4690 Darones
389 4628 480 4688 nostri
499 4647 564 4688 curn
580 4629 735 4709 Capitaneo
756 4630 870 4702 Palatii,
894 4639 959 4688 ante

171 4729 316 4809 Principis
339 4747 375 4788 ιι.
394 4728 436 4810 (i)
457 4740 485 4791 et
515 4729 608 4808 Papae
630 4733 786 4793 servientes
807 4749 958 4791 armorum

171 4830 341 4908 equitarunt
361 4848 410 4890 sex
431 4829 518 4908 pagii.
544 4828 658 4890 Primus
681 4848 749 4892 cum
778 4831 885 4890 Balista
905 4848 959 4889 ar-

172 4941 273 5009 gentea
294 4930 441 5005 inaurata,
470 4942 499 4991 et
518 4931 656 5011 pharetra
673 4942 810 5011 argentea
828 4933 958 4992 inaurata

170 5051 253 5094 more
276 5032 418 5112 gallicano
446 5043 552 5093 vestem
570 5044 684 5112 gestans
706 5034 735 5092 in
764 5051 840 5112 equo
869 5032 958 5111 galli·

171 5149 218 5206 co;
239 5133 380 5194 secundus
401 5151 469 5194 cum
490 5131 664 5195 Cbiararina
686 5151 768 5194 more
790 5134 956 5194 Turcarum

171 5252 279 5312 equum
307 5236 464 5297 barbarum
486 5237 617 5314 equitans
637 5248 666 5297 et
685 5238 854 5307 ancdrum
876 5255 958 5296 more

173 5335 292 5398 restitus
299 5357 308 5408 ;
331 5339 433 5397 tertius
451 5336 597 5418 Laugeam
623 5339 737 5417 longana
754 5357 835 5401 rrtore
858 5337 956 5417 ltispn·

637 247 922 312 Pourtrrctutts
940 247 1165 310 ALEXAHDHl
1187 247 1314 309 SHX'l'l.

1711 246 1823 330 (ress)

1028 388 1116 460 nico,
1133 396 1165 446 et
1178 385 1333 446 :ianattum
1347 383 1548 463 Hispanorum
1571 401 1654 461 more
1671 386 1823 449 considens

1027 490 1056 549 ia
1079 488 1204 550 vestibus
1225 486 1394 567 bispauicis.
1413 484 1551 555 Ouartus
1566 487 1739 548 blantellum
1758 489 1825 567 plu·

1026 594 1131 654 vialem
1145 610 1207 672 pro
1229 591 1362 652 Domino.
1397 589 1524 660 Ouintus
1552 592 1696 652 'Valrsiam
1716 593 1825 652 cremi-

1026 693 1127 751 sinam.
1150 690 1256 751 Sextus
1284 690 1391 752 Ensem
1426 692 1456 751 in
1479 691 1586 770 ragina
1620 709 1690 750 aum
1711 691 1824 752 manico

1026 811 1060 852 ex
1092 793 1205 872 perlis,
1225 803 1266 852 ct
1298 793 1437 871 preciosis
1458 792 1610 870 lapidibus·
1638 791 1819 871 composito,

1026 882 1232 956 aestimationis
1258 890 1308 954 s'ex
1341 893 1466 954 millium
1500 893 1687 953 ducatorum.
1710 892 1824 971 Singuli

1026 994 1240 1077 pulcherrimos
1258 1012 1348 1072 equos
1366 995 1527 1072 equitantes
1546 993 1739 1065 deserebant,
1757 1011 1822 1053 om·

1027 1115 1075 1158 ues
1106 1095 1253 1156 bruclrato
1285 1113 1379 1157 aureo
1403 1096 1500 1156 restiti
1533 1105 1563 1156 et
1594 1094 1729 1156 senode
1758 1103 1819 1153 ante

1024 1208 1127 1277 pectus
1146 1208 1175 1257 et
1194 1177 1283 1276 super
1304 1195 1420 1257 birretis
1441 1205 1471 1255 et
1502 1196 1641 1276 cappellis
1663 1194 1824 1255 deferentes

1025 1316 1146 1377 magnae
1168 1298 1380 1359 aestimationis:
1401 1297 1541 1378 Princeps
1554 1308 1643 1358 ‘reste
1665 1295 1702 1355 de
1730 1296 1824 1356 reluta

1026 1400 1145 1460 uiolatio
1166 1399 1285 1460 indutus
1306 1411 1390 1472 erat,
1408 1400 1551 1459 sullanam
1568 1399 1677 1459 babens
1697 1417 1735 1458 ex
1755 1415 1819 1476 per·

1026 1502 1060 1560 lis
1077 1545 1085 1574 ‚
1104 1510 1134 1561 et
1156 1501 1299 1580 lapidibus
1317 1500 1519 1560 aestimationis
1539 1517 1588 1558 sex
1608 1498 1742 1557 millium
1764 1496 1823 1574 Du·

1025 1611 1196 1675 catorum,
1219 1601 1372 1679 cingulum
1407 1619 1474 1660 cum
1518 1618 1583 1661 ense
1616 1600 1824 1660 aestimationis

1025 1700 1176 1780 ejusdem,
1198 1702 1315 1762 frenum
1339 1712 1432 1761 totum
1461 1721 1498 1762 ex
1524 1701 1615 1780 perlis
1642 1711 1671 1761 et
1690 1699 1824 1779 preciosis

1025 1804 1166 1884 lapidibus
1187 1803 1379 1882 compositum
1412 1803 1525 1863 valoris
1551 1803 1656 1869 trium
1679 1803 1823 1874 millium,

1026 1924 1060 1967 ac
1082 1916 1175 1966 totum
1207 1905 1274 1983 equi
1305 1909 1350 1964 sui
1376 1905 1588 1965 lurnimentum
1602 1926 1607 1935 ·
1620 1890 1768 1965 auratum
1787 1903 1819 1962 ab

1026 2016 1091 2067 aute
1118 2016 1145 2067 et
1177 2016 1257 2066 retro
1290 2016 1412 2084 gestans.
1437 2004 1652 2067 Praecedebunt
1684 2005 1819 2064 familiam

1025 2125 1107 2167 suam
1128 2107 1235 2166 salruac
1257 2121 1325 2178 cu,
1344 2124 1445 2166 omnes
1467 2107 1613 2185 coopertis
1630 2104 1739 2166 rubeis
1758 2123 1822 2165 coa·

1026 2217 1145 2286 partae,
1173 2205 1283 2264 familia
1313 2224 1383 2267 vero
1405 2205 1440 2264 ad
1473 2223 1630 2267 numerum
1661 2205 1742 2265 inter
1765 2202 1819 2264 too

1025 2319 1054 2368 et
1072 2306 1158 2379 800,
1178 2324 1252 2384 quae
1266 2317 1382 2380 tamen,
1405 2317 1439 2366 ut
1454 2306 1576 2378 atrdiri,
1597 2305 1634 2365 ad
1654 2325 1721 2366 eam
1738 2323 1817 2384 sum·

1026 2426 1103 2468 naam
1132 2425 1188 2469 non
1220 2405 1375 2467 ascendere
1389 2485 1391 2492 J
1406 2406 1569 2467 dicebatur.
1597 2407 1673 2467 Cum
1709 2406 1740 2465 in
1773 2406 1817 2464 ria

1026 2509 1166 2569 strictiori
1184 2526 1328 2579 essemus,
1343 2507 1531 2586 praecedebat
1547 2505 1715 2568 cardinalis
1741 2505 1820 2566 Hon-

1025 2612 1063 2670 tis
1077 2610 1217 2689 Regalis,
1234 2628 1321 2687 quem
1339 2609 1515 2686 sequebatur
1528 2609 1671 2687 Princeps
1688 2620 1718 2669 et
1734 2607 1821 2668 Prio-

1026 2710 1120 2789 cipem
1139 2711 1282 2782 Ascanius
1309 2720 1338 2770 et
1372 2710 1468 2783 male;
1488 2727 1571 2770 secus
1598 2708 1748 2769 tacebant
1774 2709 1820 2770 alii

1026 2810 1085 2870 duo
1104 2810 1293 2881 Cardinalcs,
1314 2810 1446 2872 uidelicet
1464 2809 1695 2889 Neapolitanus,
1719 2820 1749 2871 et
1766 2808 1817 2868 Se-

1027 2912 1145 2984 nensis,
1175 2914 1225 2989 qui
1247 2912 1277 2971 in
1299 2911 1388 2971 simili
1421 2911 1467 2970 ria
1488 2912 1574 2972 ambo
1596 2911 1690 2990 ipsum
1714 2929 1815 2988 seque·

1026 3012 1150 3085 bantur,
1172 3012 1250 3090 quod
1272 3011 1420 3073 honestius
1441 3012 1507 3071 luit.
1531 3013 1679 3074 Pervento
1701 3012 1737 3071 ud
1758 3012 1813 3070 Pa·

1027 3116 1129 3176 latium
1159 3113 1341 3174 ascendimus
1358 3112 1399 3172 ad
1421 3110 1569 3172 Pontificis
1600 3112 1811 3191 praesentiam,

1028 3216 1079 3294 qui
1094 3215 1260 3294 Principem
1281 3213 1310 3272 in
1332 3214 1482 3273 ultima'es
1499 3213 1581 3272 noris
1598 3214 1724 3275 cameris
1734 3212 1813 3292 justa

1027 3316 1230 3378 Secretarium
1253 3313 1464 3394 expectabat,
1481 3326 1511 3374 et
1538 3332 1607 3373 curn
1634 3333 1668 3376 eo
1697 3316 1816 3392 quinqua

1029 3416 1216 3488 Catulinales,
1237 3414 1376 3491 videlicet.
1396 3413 1618 3494 Neapolitanus,
1636 3413 1739 3475 Sancti
1754 3414 1816 3476 Cle·

1027 3520 1148 3590 mentis,
1164 3517 1288 3577 &natae
1306 3515 1484 3588 Anastasiac,
1504 3515 1692 3577 Oarrrerarius
1707 3526 1737 3597 et
1761 3515 1815 3577 Ur·

1027 3621 1124 3691 sinus,
1141 3637 1176 3678 ac
1194 3617 1334 3679 Senensis.
1360 3616 1429 3677 Post
1449 3616 1611 3695 Principem
1632 3618 1813 3677 intraverunt

1026 3722 1087 3792 alii,
1110 3719 1243 3779 videlicet
1265 3715 1408 3778 Oratores
1428 3718 1589 3798 supradicti
1609 3728 1650 3792 et,
1672 3737 1708 3779 ex
1728 3717 1811 3777 Prin-

1026 3823 1096 3901 cipis
1117 3820 1247 3902 familia,
1268 3837 1367 3879 omnes
1387 3819 1537 3893 barones,
1560 3831 1589 3880 ct
1609 3817 1744 3892 Nobiles,
1765 3821 1812 3897 qui

1025 3932 1054 3982 et
1085 3931 1151 4001 post
1173 3919 1338 4000 Principem
1372 3919 1489 3998 aPapa
1522 3919 1559 3978 ad
1582 3918 1683 3998 pedis,
1717 3937 1812 3979 manus

1026 4023 1136 4082 eteris
1156 4021 1289 4082 osculum
1310 4013 1484 4099 receptum,
1506 4020 1606 4100 pedem
1626 4019 1724 4100 Papae
1746 4021 1812 4081 deo·

1021 4125 1202 4190 erularum,
1235 4121 1371 4201 Principe
1393 4122 1508 4182 interim
1530 4121 1566 4180 ad
1587 4122 1736 4181 sinistrum
1759 4120 1810 4180 Pa·

1008 4243 1100 4303 pae,
1120 4242 1209 4303 super
1233 4222 1357 4301 quodam
1380 4224 1480 4282 susino
1502 4221 1664 4300 genuflexo.
1688 4219 1812 4293 Ordina-

1028 4336 1112 4387 rcrat
1129 4326 1204 4385 enim
1226 4323 1367 4406 ascanius
1385 4320 1546 4383 Cardinalis
1565 4320 1732 4401 Principem
1752 4331 1813 4401 post

1026 4445 1124 4501 omnes
1156 4423 1323 4485 Cardinnles
1354 4422 1455 4511 sedere
1489 4422 1611 4493 debere,
1646 4422 1727 4501 quod
1760 4440 1809 4501 eqo

1026 4543 1202 4606 praecavens
1216 4524 1297 4585 volui
1313 4524 1425 4604 potius,
1440 4523 1517 4601 quod
1532 4523 1701 4601 genuflexus
1714 4522 1812 4584 ibidem

1026 4637 1229 4707 permaneret,
1250 4638 1338 4702 quam
1358 4624 1486 4702 quadiu
1508 4625 1573 4684 loco
1588 4624 1642 4684 sibi
1661 4641 1719 4685 non
1740 4641 1810 4684 con·

1025 4727 1151 4788 venienti
1171 4724 1293 4784 sederet.
1316 4724 1389 4784 liam
1404 4724 1485 4785 lucus
1500 4735 1566 4785 ante
1586 4725 1725 4785 ultimum
1738 4724 1811 4784 'Dia-

1025 4845 1130 4890 conum
1166 4825 1367 4898 Cardinalem,
1400 4827 1423 4884 si
1454 4844 1511 4885 non
1543 4837 1633 4892 anm.
1668 4837 1697 4887 et
1730 4843 1813 4905 supra

1024 4932 1124 5010 plures
1144 4930 1308 5001 Diaconos,
1329 4927 1382 4988 sibi
1403 4927 1562 4988 debebatur
1573 4949 1583 5001 3
1606 4926 1654 4987 sad
1676 4929 1812 4988 Amanius

1023 5029 1195 5104 Cordiualis‚
1215 5029 1327 5089 Ducem
1349 5047 1438 5088 suum
1454 5027 1606 5089 Mediolani
1627 5028 1812 5107 magnificare

1025 5135 1147 5206 volens,
1169 5132 1216 5193 cui
1232 5133 1314 5192 locus
1334 5131 1381 5190 rix
1402 5141 1466 5211 post
1485 5130 1653 5192 Cardinales
1673 5131 1810 5199 debetur,

1024 5235 1102 5295 bunc
1122 5235 1210 5294 etiam
1239 5241 1303 5312 post
1323 5230 1490 5291 cardinales
1511 5249 1616 5311 ponere
1639 5233 1755 5304 voluit,
1781 5240 1809 5289 ut

1022 5335 1178 5414 aliquando
1200 5336 1259 5412 ipso
1281 5332 1354 5392 Duci
1376 5332 1527 5414 Mediolani
1551 5328 1740 5421 magnificare
1760 5352 1809 5394 ao·
