<?xml version="1.0" encoding="UTF-8"?>
<!DOCTYPE html PUBLIC "-//W3C//DTD XHTML 1.0 Transitional//EN"
    "http://www.w3.org/TR/xhtml1/DTD/xhtml1-transitional.dtd">
<html xmlns="http://www.w3.org/1999/xhtml" xml:lang="en" lang="en">
 <head>
  <title>
</title>
<meta http-equiv="Content-Type" content="text/html;charset=utf-8" />
  <meta name='ocr-system' content='tesseract 3.04.00' />
  <meta name='ocr-capabilities' content='ocr_page ocr_carea ocr_par ocr_line ocrx_word'/>
</head>
<body>
  <div class='ocr_page' id='page_1' title='image "./johannisburchar00genngoog/johannisburchar00genngoog_0058.png"; bbox 0 0 3780 6030; ppageno 0'>
   <div class='ocr_carea' id='block_1_1' title="bbox 36 265 152 349">
    <p class='ocr_par' dir='ltr' id='par_1_1' title="bbox 36 265 152 349">
     <span class='ocr_line' id='line_1_1' title="bbox 36 265 152 349; baseline 0.009 -22"><span class='ocrx_word' id='word_1_1' title='bbox 36 265 152 349; x_wconf 76' lang='lat' dir='ltr'>(resq</span> 
     </span>
    </p>
   </div>
   <div class='ocr_carea' id='block_1_2' title="bbox 38 400 837 2504">
    <p class='ocr_par' dir='ltr' id='par_1_2' title="bbox 38 400 837 2504">
     <span class='ocr_line' id='line_1_2' title="bbox 38 400 832 480; baseline 0.003 -18"><span class='ocrx_word' id='word_1_2' title='bbox 38 421 154 480; x_wconf 78' lang='lat' dir='ltr'>gnum,</span> <span class='ocrx_word' id='word_1_3' title='bbox 175 400 256 462; x_wconf 89' lang='lat' dir='ltr'>uobis</span> <span class='ocrx_word' id='word_1_4' title='bbox 283 401 536 464; x_wconf 83' lang='lat' dir='ltr'>oiroumstantibus</span> <span class='ocrx_word' id='word_1_5' title='bbox 564 419 599 463; x_wconf 87' lang='lat' dir='ltr'>aa</span> <span class='ocrx_word' id='word_1_6' title='bbox 625 402 832 478; x_wconf 70' lang='lat' dir='ltr'><strong>clamantibus,</strong></span> 
     </span>
     <span class='ocr_line' id='line_1_3' title="bbox 39 503 795 584; baseline 0.001 -21"><span class='ocrx_word' id='word_1_7' title='bbox 39 503 140 584; x_wconf 79' lang='lat' dir='ltr'>llyrie</span> <span class='ocrx_word' id='word_1_8' title='bbox 161 505 288 583; x_wconf 80' lang='lat' dir='ltr'>eleyson</span> <span class='ocrx_word' id='word_1_9' title='bbox 308 503 367 563; x_wconf 90' lang='lat' dir='ltr'>alta</span> <span class='ocrx_word' id='word_1_10' title='bbox 389 521 460 565; x_wconf 87' lang='lat' dir='ltr'>roca</span> <span class='ocrx_word' id='word_1_11' title='bbox 480 506 567 566; x_wconf 89' lang='lat' dir='ltr'>semel</span> <span class='ocrx_word' id='word_1_12' title='bbox 591 516 715 566; x_wconf 87' lang='lat' dir='ltr'>tantum.</span> <span class='ocrx_word' id='word_1_13' title='bbox 789 544 795 555; x_wconf 75' lang='lat'><strong>·</strong></span> 
     </span>
     <span class='ocr_line' id='line_1_4' title="bbox 79 600 834 683; baseline 0.008 -21"><span class='ocrx_word' id='word_1_14' title='bbox 79 600 161 683; x_wconf 84' lang='lat' dir='ltr'>Papa</span> <span class='ocrx_word' id='word_1_15' title='bbox 182 603 223 663; x_wconf 88' lang='lat' dir='ltr'>sic</span> <span class='ocrx_word' id='word_1_16' title='bbox 242 615 391 677; x_wconf 84' lang='lat' dir='ltr'>coronato,</span> <span class='ocrx_word' id='word_1_17' title='bbox 409 603 484 665; x_wconf 90' lang='lat' dir='ltr'>idem</span> <span class='ocrx_word' id='word_1_18' title='bbox 505 604 637 669; x_wconf 67' lang='lat' dir='ltr'>&amp;nenda</span> <span class='ocrx_word' id='word_1_19' title='bbox 651 606 834 668; x_wconf 70' lang='lat' dir='ltr'>denunciavit</span> 
     </span>
     <span class='ocr_line' id='line_1_5' title="bbox 39 694 834 787; baseline 0.004 -22"><span class='ocrx_word' id='word_1_20' title='bbox 39 706 184 783; x_wconf 88' lang='lat' dir='ltr'>plenarias</span> <span class='ocrx_word' id='word_1_21' title='bbox 208 704 400 784; x_wconf 76' lang='lat' dir='ltr'>indulgentias</span> <span class='ocrx_word' id='word_1_22' title='bbox 426 709 535 787; x_wconf 93' lang='lat' dir='ltr'>populo</span> <span class='ocrx_word' id='word_1_23' title='bbox 562 694 711 769; x_wconf 71' lang='lat' dir='ltr'>concessas</span> <span class='ocrx_word' id='word_1_24' title='bbox 739 708 834 768; x_wconf 84' lang='lat' dir='ltr'>verbis</span> 
     </span>
     <span class='ocr_line' id='line_1_6' title="bbox 40 806 835 887; baseline 0.005 -23"><span class='ocrx_word' id='word_1_25' title='bbox 40 806 150 876; x_wconf 89' lang='lat' dir='ltr'>latinis,</span> <span class='ocrx_word' id='word_1_26' title='bbox 170 816 201 874; x_wconf 84' lang='lat' dir='ltr'>et</span> <span class='ocrx_word' id='word_1_27' title='bbox 221 815 287 884; x_wconf 87' lang='lat' dir='ltr'>post</span> <span class='ocrx_word' id='word_1_28' title='bbox 307 822 375 867; x_wconf 89' lang='lat' dir='ltr'>eom</span> <span class='ocrx_word' id='word_1_29' title='bbox 393 807 554 868; x_wconf 83' lang='lat' dir='ltr'>Cardioalis</span> <span class='ocrx_word' id='word_1_30' title='bbox 575 809 607 868; x_wconf 88' lang='lat' dir='ltr'>S.</span> <span class='ocrx_word' id='word_1_31' title='bbox 621 807 744 887; x_wconf 74' lang='lat' dir='ltr'>ocor-gii</span> <span class='ocrx_word' id='word_1_32' title='bbox 758 827 835 869; x_wconf 75' lang='lat' dir='ltr'>rer·⁴</span> 
     </span>
     <span class='ocr_line' id='line_1_7' title="bbox 41 904 748 987; baseline 0.008 -24"><span class='ocrx_word' id='word_1_33' title='bbox 41 904 83 963; x_wconf 91' lang='lat' dir='ltr'>bis</span> <span class='ocrx_word' id='word_1_34' title='bbox 107 905 289 985; x_wconf 78' lang='lat' dir='ltr'>vulgaribus,</span> <span class='ocrx_word' id='word_1_35' title='bbox 314 906 350 965; x_wconf 90' lang='lat' dir='ltr'>ad</span> <span class='ocrx_word' id='word_1_36' title='bbox 372 909 513 987; x_wconf 86' lang='lat' dir='ltr'>populum</span> <span class='ocrx_word' id='word_1_37' title='bbox 536 909 611 969; x_wconf 88' lang='lat' dir='ltr'>rersi</span> <span class='ocrx_word' id='word_1_38' title='bbox 633 919 748 971; x_wconf 86' lang='lat' dir='ltr'>stantes.</span> 
     </span>
     <span class='ocr_line' id='line_1_8' title="bbox 79 1005 835 1090; baseline 0.005 -26"><span class='ocrx_word' id='word_1_39' title='bbox 79 1005 268 1084; x_wconf 78' lang='lat' dir='ltr'>indulgentiis</span> <span class='ocrx_word' id='word_1_40' title='bbox 296 1006 461 1086; x_wconf 83' lang='lat' dir='ltr'>hujusmodi</span> <span class='ocrx_word' id='word_1_41' title='bbox 484 1008 680 1088; x_wconf 70' lang='lat' dir='ltr'>pronunciatis</span> <span class='ocrx_word' id='word_1_42' title='bbox 700 1008 759 1090; x_wconf 84' lang='lat' dir='ltr'>(l),</span> <span class='ocrx_word' id='word_1_43' title='bbox 780 1007 835 1068; x_wconf 88' lang='lat' dir='ltr'>de·</span> 
     </span>
     <span class='ocr_line' id='line_1_9' title="bbox 39 1103 833 1187; baseline 0.004 -22"><span class='ocrx_word' id='word_1_44' title='bbox 39 1103 215 1165; x_wconf 83' lang='lat' dir='ltr'>scenderunt</span> <span class='ocrx_word' id='word_1_45' title='bbox 240 1123 338 1174; x_wconf 85' lang='lat' dir='ltr'>omnes</span> <span class='ocrx_word' id='word_1_46' title='bbox 365 1106 400 1167; x_wconf 90' lang='lat' dir='ltr'>de</span> <span class='ocrx_word' id='word_1_47' title='bbox 427 1118 585 1186; x_wconf 71' lang='lat' dir='ltr'>suggesto,</span> <span class='ocrx_word' id='word_1_48' title='bbox 606 1120 635 1169; x_wconf 87' lang='lat' dir='ltr'>et</span> <span class='ocrx_word' id='word_1_49' title='bbox 656 1108 735 1187; x_wconf 83' lang='lat' dir='ltr'>Papa</span> <span class='ocrx_word' id='word_1_50' title='bbox 766 1124 833 1170; x_wconf 85' lang='lat' dir='ltr'>oum</span> 
     </span>
     <span class='ocr_line' id='line_1_10' title="bbox 39 1205 836 1288; baseline 0.003 -21"><span class='ocrx_word' id='word_1_51' title='bbox 39 1205 243 1267; x_wconf 73' lang='lat' dir='ltr'>cardinalibus</span> <span class='ocrx_word' id='word_1_52' title='bbox 265 1218 379 1267; x_wconf 87' lang='lat' dir='ltr'>tantum</span> <span class='ocrx_word' id='word_1_53' title='bbox 399 1218 428 1268; x_wconf 79' lang='lat' dir='ltr'>‘et</span> <span class='ocrx_word' id='word_1_54' title='bbox 449 1210 549 1288; x_wconf 83' lang='lat' dir='ltr'>paucis</span> <span class='ocrx_word' id='word_1_55' title='bbox 576 1210 767 1273; x_wconf 72' lang='lat' dir='ltr'>servitoribus</span> <span class='ocrx_word' id='word_1_56' title='bbox 789 1210 836 1270; x_wconf 91' lang='lat' dir='ltr'>io·</span> 
     </span>
     <span class='ocr_line' id='line_1_11' title="bbox 40 1306 834 1391; baseline 0.006 -26"><span class='ocrx_word' id='word_1_57' title='bbox 40 1308 131 1365; x_wconf 88' lang='lat' dir='ltr'>trarit</span> <span class='ocrx_word' id='word_1_58' title='bbox 153 1306 272 1372; x_wconf 86' lang='lat' dir='ltr'>domttm</span> <span class='ocrx_word' id='word_1_59' title='bbox 299 1307 466 1387; x_wconf 69' lang='lat' dir='ltr'>residentiae</span> <span class='ocrx_word' id='word_1_60' title='bbox 493 1309 536 1391; x_wconf 59' lang='lat'>‚¹¹⁸</span> <span class='ocrx_word' id='word_1_61' title='bbox 563 1309 598 1370; x_wconf 83' lang='lat' dir='ltr'>l).</span> <span class='ocrx_word' id='word_1_62' title='bbox 620 1309 780 1373; x_wconf 80' lang='lat' dir='ltr'>cardinalis</span> <span class='ocrx_word' id='word_1_63' title='bbox 802 1308 834 1370; x_wconf 87' lang='lat' dir='ltr'>S.</span> 
     </span>
     <span class='ocr_line' id='line_1_12' title="bbox 40 1408 835 1491; baseline 0.003 -23"><span class='ocrx_word' id='word_1_64' title='bbox 40 1408 151 1470; x_wconf 83' lang='lat' dir='ltr'>blariae</span> <span class='ocrx_word' id='word_1_65' title='bbox 162 1410 192 1468; x_wconf 92' lang='lat' dir='ltr'>in</span> <span class='ocrx_word' id='word_1_66' title='bbox 202 1409 332 1470; x_wconf 89' lang='lat' dir='ltr'>Portica</span> <span class='ocrx_word' id='word_1_67' title='bbox 344 1411 590 1491; x_wconf 72' lang='lat' dir='ltr'>archipresbyteri</span> <span class='ocrx_word' id='word_1_68' title='bbox 602 1411 735 1486; x_wconf 77' lang='lat' dir='ltr'>basilicae</span> <span class='ocrx_word' id='word_1_69' title='bbox 745 1428 835 1491; x_wconf 89' lang='lat' dir='ltr'>prae-</span> 
     </span>
     <span class='ocr_line' id='line_1_13' title="bbox 40 1509 835 1591; baseline 0.005 -24"><span class='ocrx_word' id='word_1_70' title='bbox 40 1509 158 1582; x_wconf 86' lang='lat' dir='ltr'>dictae,</span> <span class='ocrx_word' id='word_1_71' title='bbox 180 1510 208 1569; x_wconf 90' lang='lat' dir='ltr'>in</span> <span class='ocrx_word' id='word_1_72' title='bbox 231 1509 315 1588; x_wconf 75' lang='lat' dir='ltr'>cuius</span> <span class='ocrx_word' id='word_1_73' title='bbox 341 1513 440 1584; x_wconf 88' lang='lat' dir='ltr'>curia,</span> <span class='ocrx_word' id='word_1_74' title='bbox 462 1513 522 1591; x_wconf 84' lang='lat' dir='ltr'>sire</span> <span class='ocrx_word' id='word_1_75' title='bbox 544 1512 631 1575; x_wconf 90' lang='lat' dir='ltr'>borto</span> <span class='ocrx_word' id='word_1_76' title='bbox 646 1513 706 1573; x_wconf 82' lang='lat' dir='ltr'>luit</span> <span class='ocrx_word' id='word_1_77' title='bbox 734 1523 835 1591; x_wconf 84' lang='lat' dir='ltr'>parate</span> 
     </span>
     <span class='ocr_line' id='line_1_14' title="bbox 42 1611 803 1690; baseline 0 -19"><span class='ocrx_word' id='word_1_78' title='bbox 42 1611 160 1671; x_wconf 89' lang='lat' dir='ltr'>collatio</span> <span class='ocrx_word' id='word_1_79' title='bbox 183 1630 237 1690; x_wconf 83' lang='lat' dir='ltr'>pro</span> <span class='ocrx_word' id='word_1_80' title='bbox 257 1611 363 1673; x_wconf 88' lang='lat' dir='ltr'>eisdem</span> <span class='ocrx_word' id='word_1_81' title='bbox 386 1611 522 1674; x_wconf 86' lang='lat' dir='ltr'>Poutlbee</span> <span class='ocrx_word' id='word_1_82' title='bbox 543 1625 572 1674; x_wconf 91' lang='lat' dir='ltr'>et</span> <span class='ocrx_word' id='word_1_83' title='bbox 592 1613 803 1674; x_wconf 76' lang='lat' dir='ltr'>cardinalibus.</span> 
     </span>
     <span class='ocr_line' id='line_1_15' title="bbox 86 1712 836 1792; baseline 0.007 -22"><span class='ocrx_word' id='word_1_84' title='bbox 86 1712 218 1772; x_wconf 75' lang='lat' dir='ltr'>Praeteri</span> <span class='ocrx_word' id='word_1_85' title='bbox 241 1731 335 1785; x_wconf 87' lang='lat' dir='ltr'>rero,</span> <span class='ocrx_word' id='word_1_86' title='bbox 352 1723 383 1775; x_wconf 90' lang='lat' dir='ltr'>et</span> <span class='ocrx_word' id='word_1_87' title='bbox 413 1714 549 1775; x_wconf 82' lang='lat' dir='ltr'>officiales</span> <span class='ocrx_word' id='word_1_88' title='bbox 570 1731 605 1775; x_wconf 92' lang='lat' dir='ltr'>ac</span> <span class='ocrx_word' id='word_1_89' title='bbox 631 1714 703 1774; x_wconf 86' lang='lat' dir='ltr'>aliae</span> <span class='ocrx_word' id='word_1_90' title='bbox 733 1713 836 1792; x_wconf 74' lang='lat' dir='ltr'>diqnue</span> 
     </span>
     <span class='ocr_line' id='line_1_16' title="bbox 43 1801 835 1892; baseline 0.001 -19"><span class='ocrx_word' id='word_1_91' title='bbox 43 1831 184 1892; x_wconf 86' lang='lat' dir='ltr'>personae</span> <span class='ocrx_word' id='word_1_92' title='bbox 206 1814 352 1874; x_wconf 89' lang='lat' dir='ltr'>intrarunt</span> <span class='ocrx_word' id='word_1_93' title='bbox 373 1813 492 1875; x_wconf 89' lang='lat' dir='ltr'>domum</span> <span class='ocrx_word' id='word_1_94' title='bbox 513 1801 708 1876; x_wconf 79' lang='lat' dir='ltr'>canonicalem</span> <span class='ocrx_word' id='word_1_95' title='bbox 729 1807 835 1875; x_wconf 86' lang='lat' dir='ltr'>domini</span> 
     </span>
     <span class='ocr_line' id='line_1_17' title="bbox 42 1913 836 1994; baseline -0.001 -19"><span class='ocrx_word' id='word_1_96' title='bbox 42 1915 116 1975; x_wconf 81' lang='lat' dir='ltr'>Celsi</span> <span class='ocrx_word' id='word_1_97' title='bbox 151 1913 187 1975; x_wconf 85' lang='lat' dir='ltr'>de</span> <span class='ocrx_word' id='word_1_98' title='bbox 218 1913 342 1975; x_wconf 81' lang='lat' dir='ltr'>biillinis</span> <span class='ocrx_word' id='word_1_99' title='bbox 365 1914 493 1994; x_wconf 80' lang='lat' dir='ltr'>ejusdem</span> <span class='ocrx_word' id='word_1_100' title='bbox 524 1915 658 1976; x_wconf 88' lang='lat' dir='ltr'>basilicae</span> <span class='ocrx_word' id='word_1_101' title='bbox 682 1915 836 1988; x_wconf 65' lang='lat' dir='ltr'>&gt;cetuonici,</span> 
     </span>
     <span class='ocr_line' id='line_1_18' title="bbox 42 1999 836 2096; baseline 0.003 -19"><span class='ocrx_word' id='word_1_102' title='bbox 42 1999 189 2095; x_wconf 80' lang='lat' dir='ltr'>praelatae</span> <span class='ocrx_word' id='word_1_103' title='bbox 203 2015 301 2077; x_wconf 84' lang='lat' dir='ltr'>domui</span> <span class='ocrx_word' id='word_1_104' title='bbox 317 2015 478 2078; x_wconf 86' lang='lat' dir='ltr'>Cardlnalis</span> <span class='ocrx_word' id='word_1_105' title='bbox 490 2018 667 2096; x_wconf 53' lang='lat' dir='ltr'>marquart,</span> <span class='ocrx_word' id='word_1_106' title='bbox 682 2017 732 2076; x_wconf 89' lang='lat' dir='ltr'>ubi</span> <span class='ocrx_word' id='word_1_107' title='bbox 743 2028 774 2078; x_wconf 90' lang='lat' dir='ltr'>et</span> <span class='ocrx_word' id='word_1_108' title='bbox 782 2028 836 2096; x_wconf 83' lang='lat' dir='ltr'>pro</span> 
     </span>
     <span class='ocr_line' id='line_1_19' title="bbox 44 2114 837 2191; baseline 0.003 -16"><span class='ocrx_word' id='word_1_109' title='bbox 44 2118 99 2177; x_wconf 81' lang='lat' dir='ltr'>ulis</span> <span class='ocrx_word' id='word_1_110' title='bbox 121 2115 241 2178; x_wconf 90' lang='lat' dir='ltr'>collatio</span> <span class='ocrx_word' id='word_1_111' title='bbox 265 2115 550 2191; x_wconf 61' lang='lat' dir='ltr'>ordinaremus</span> <span class='ocrx_word' id='word_1_112' title='bbox 574 2114 679 2177; x_wconf 78' lang='lat' dir='ltr'>ibidem</span> <span class='ocrx_word' id='word_1_113' title='bbox 695 2117 837 2178; x_wconf 85' lang='lat' dir='ltr'>collatio·</span> 
     </span>
     <span class='ocr_line' id='line_1_20' title="bbox 44 2216 837 2297; baseline 0 -20"><span class='ocrx_word' id='word_1_114' title='bbox 44 2236 107 2277; x_wconf 87' lang='lat' dir='ltr'>nem</span> <span class='ocrx_word' id='word_1_115' title='bbox 129 2217 263 2279; x_wconf 82' lang='lat' dir='ltr'>lecerunt</span> <span class='ocrx_word' id='word_1_116' title='bbox 285 2233 351 2278; x_wconf 88' lang='lat' dir='ltr'>cum</span> <span class='ocrx_word' id='word_1_117' title='bbox 372 2217 580 2297; x_wconf 80' lang='lat' dir='ltr'>pinocehiatis&#39;,</span> <span class='ocrx_word' id='word_1_118' title='bbox 602 2216 837 2289; x_wconf 72' lang='lat' dir='ltr'>consectionibus,</span> 
     </span>
     <span class='ocr_line' id='line_1_21' title="bbox 44 2318 835 2399; baseline 0 -21"><span class='ocrx_word' id='word_1_119' title='bbox 44 2320 207 2389; x_wconf 73' lang='lat' dir='ltr'>malassis,</span> <span class='ocrx_word' id='word_1_120' title='bbox 227 2330 255 2380; x_wconf 93' lang='lat' dir='ltr'>et</span> <span class='ocrx_word' id='word_1_121' title='bbox 278 2319 464 2398; x_wconf 81' lang='lat' dir='ltr'>hujusmodi,</span> <span class='ocrx_word' id='word_1_122' title='bbox 487 2337 561 2398; x_wconf 89' lang='lat' dir='ltr'>quae</span> <span class='ocrx_word' id='word_1_123' title='bbox 585 2331 686 2399; x_wconf 81' lang='lat' dir='ltr'>parata</span> <span class='ocrx_word' id='word_1_124' title='bbox 712 2318 835 2379; x_wconf 72' lang='lat' dir='ltr'>luerent</span> 
     </span>
     <span class='ocr_line' id='line_1_22' title="bbox 45 2416 836 2504; baseline 0 -25"><span class='ocrx_word' id='word_1_125' title='bbox 45 2421 153 2504; x_wconf 84' lang='lat' dir='ltr'>Tamen</span> <span class='ocrx_word' id='word_1_126' title='bbox 170 2421 261 2499; x_wconf 81' lang='lat' dir='ltr'>pridie</span> <span class='ocrx_word' id='word_1_127' title='bbox 276 2420 454 2494; x_wconf 87' lang='lat' dir='ltr'>ordinatum,</span> <span class='ocrx_word' id='word_1_128' title='bbox 470 2420 547 2499; x_wconf 92' lang='lat' dir='ltr'>quod</span> <span class='ocrx_word' id='word_1_129' title='bbox 569 2421 685 2480; x_wconf 89' lang='lat' dir='ltr'>collatio</span> <span class='ocrx_word' id='word_1_130' title='bbox 700 2416 836 2480; x_wconf 81' lang='lat' dir='ltr'>bucelle-</span> 
     </span>
    </p>
   </div>
   <div class='ocr_carea' id='block_1_3' title="bbox 44 2520 867 2601">
    <p class='ocr_par' dir='ltr' id='par_1_3' title="bbox 44 2520 867 2601">
     <span class='ocr_line' id='line_1_23' title="bbox 44 2520 867 2601; baseline -0.002 -19"><span class='ocrx_word' id='word_1_131' title='bbox 44 2536 87 2584; x_wconf 89' lang='lat' dir='ltr'>ret</span> <span class='ocrx_word' id='word_1_132' title='bbox 102 2535 259 2601; x_wconf 83' lang='lat' dir='ltr'>antequam</span> <span class='ocrx_word' id='word_1_133' title='bbox 274 2521 351 2599; x_wconf 91' lang='lat' dir='ltr'>Papa</span> <span class='ocrx_word' id='word_1_134' title='bbox 368 2520 721 2599; x_wconf 80' lang='lat' dir='ltr'>srtg&#39;gsstamascenderet</span> <span class='ocrx_word' id='word_1_135' title='bbox 737 2531 766 2580; x_wconf 94' lang='lat' dir='ltr'>et</span> <span class='ocrx_word' id='word_1_136' title='bbox 784 2538 838 2580; x_wconf 86' lang='lat' dir='ltr'>co·</span> <span class='ocrx_word' id='word_1_137' title='bbox 865 2527 867 2531; x_wconf 86' lang='grc'><strong>’</strong></span> 
     </span>
    </p>
   </div>
   <div class='ocr_carea' id='block_1_4' title="bbox 43 2622 845 4314">
    <p class='ocr_par' dir='ltr' id='par_1_4' title="bbox 44 2622 841 3103">
     <span class='ocr_line' id='line_1_24' title="bbox 45 2622 839 2701; baseline -0.001 -18"><span class='ocrx_word' id='word_1_138' title='bbox 45 2635 200 2684; x_wconf 79' lang='lat' dir='ltr'>sonaretur</span> <span class='ocrx_word' id='word_1_139' title='bbox 221 2624 272 2694; x_wconf 88' lang='lat' dir='ltr'>ite,</span> <span class='ocrx_word' id='word_1_140' title='bbox 292 2622 369 2701; x_wconf 89' lang='lat' dir='ltr'>quod</span> <span class='ocrx_word' id='word_1_141' title='bbox 388 2623 580 2701; x_wconf 89' lang='lat' dir='ltr'>postmodum,</span> <span class='ocrx_word' id='word_1_142' title='bbox 596 2628 762 2693; x_wconf 77' lang='lat' dir='ltr'>coronatus,</span> <span class='ocrx_word' id='word_1_143' title='bbox 778 2622 839 2682; x_wconf 89' lang='lat' dir='ltr'>sine</span> 
     </span>
     <span class='ocr_line' id='line_1_25' title="bbox 45 2720 838 2800; baseline -0.004 -15"><span class='ocrx_word' id='word_1_144' title='bbox 45 2743 126 2785; x_wconf 84' lang='lat' dir='ltr'>roura</span> <span class='ocrx_word' id='word_1_145' title='bbox 147 2723 185 2782; x_wconf 87' lang='lat' dir='ltr'>ad</span> <span class='ocrx_word' id='word_1_146' title='bbox 207 2720 386 2783; x_wconf 68' lang='lat' dir='ltr'>lateranum</span> <span class='ocrx_word' id='word_1_147' title='bbox 408 2724 576 2800; x_wconf 86' lang='lat' dir='ltr'>equitaret;</span> <span class='ocrx_word' id='word_1_148' title='bbox 596 2722 673 2800; x_wconf 86' lang='lat' dir='ltr'>qaod</span> <span class='ocrx_word' id='word_1_149' title='bbox 693 2734 722 2782; x_wconf 92' lang='lat' dir='ltr'>et</span> <span class='ocrx_word' id='word_1_150' title='bbox 746 2721 838 2799; x_wconf 70' lang='lat' dir='ltr'>magis</span> 
     </span>
     <span class='ocr_line' id='line_1_26' title="bbox 44 2822 838 2898; baseline -0.003 -13"><span class='ocrx_word' id='word_1_151' title='bbox 44 2824 232 2885; x_wconf 80' lang='lat' dir='ltr'>morenissct.</span> <span class='ocrx_word' id='word_1_152' title='bbox 269 2822 328 2883; x_wconf 84' lang='lat' dir='ltr'>Sed</span> <span class='ocrx_word' id='word_1_153' title='bbox 351 2822 406 2883; x_wconf 89' lang='lat' dir='ltr'>boc</span> <span class='ocrx_word' id='word_1_154' title='bbox 428 2841 531 2896; x_wconf 82' lang='lat' dir='ltr'>marre,</span> <span class='ocrx_word' id='word_1_155' title='bbox 554 2823 634 2882; x_wconf 88' lang='lat' dir='ltr'>nobis</span> <span class='ocrx_word' id='word_1_156' title='bbox 651 2822 697 2883; x_wconf 86' lang='lat' dir='ltr'>de</span> <span class='ocrx_word' id='word_1_157' title='bbox 722 2822 838 2898; x_wconf 80' lang='lat' dir='ltr'>basilice</span> 
     </span>
     <span class='ocr_line' id='line_1_27' title="bbox 45 2924 838 3002; baseline -0.001 -16"><span class='ocrx_word' id='word_1_158' title='bbox 45 2924 227 2996; x_wconf 82' lang='lat' dir='ltr'>exeuntibus,</span> <span class='ocrx_word' id='word_1_159' title='bbox 237 2924 383 3002; x_wconf 76' lang='lat' dir='ltr'>aliquibus</span> <span class='ocrx_word' id='word_1_160' title='bbox 398 2925 490 2984; x_wconf 87' lang='lat' dir='ltr'>risum</span> <span class='ocrx_word' id='word_1_161' title='bbox 507 2935 560 2996; x_wconf 90' lang='lat' dir='ltr'>est,</span> <span class='ocrx_word' id='word_1_162' title='bbox 572 2924 600 2983; x_wconf 90' lang='lat' dir='ltr'>id</span> <span class='ocrx_word' id='word_1_163' title='bbox 611 2924 702 3002; x_wconf 73' lang='lat' dir='ltr'>magis</span> <span class='ocrx_word' id='word_1_164' title='bbox 713 2925 838 3002; x_wconf 75' lang='lat' dir='ltr'>pindere,</span> 
     </span>
     <span class='ocr_line' id='line_1_28' title="bbox 44 3024 841 3103; baseline -0.003 -19"><span class='ocrx_word' id='word_1_165' title='bbox 44 3026 142 3103; x_wconf 90' lang='lat' dir='ltr'>sicque</span> <span class='ocrx_word' id='word_1_166' title='bbox 163 3025 238 3084; x_wconf 87' lang='lat' dir='ltr'>erdo</span> <span class='ocrx_word' id='word_1_167' title='bbox 259 3025 341 3103; x_wconf 89' lang='lat' dir='ltr'>prius</span> <span class='ocrx_word' id='word_1_168' title='bbox 361 3024 445 3083; x_wconf 88' lang='lat' dir='ltr'>datus</span> <span class='ocrx_word' id='word_1_169' title='bbox 463 3042 620 3102; x_wconf 75' lang='lat' dir='ltr'>perversus</span> <span class='ocrx_word' id='word_1_170' title='bbox 636 3035 690 3097; x_wconf 89' lang='lat' dir='ltr'>est,</span> <span class='ocrx_word' id='word_1_171' title='bbox 704 3034 732 3082; x_wconf 93' lang='lat' dir='ltr'>et</span> <span class='ocrx_word' id='word_1_172' title='bbox 754 3025 841 3083; x_wconf 87' lang='lat' dir='ltr'>male.</span> 
     </span>
    </p>

    <p class='ocr_par' dir='ltr' id='par_1_5' title="bbox 43 3125 845 4314">
     <span class='ocr_line' id='line_1_29' title="bbox 82 3125 839 3204; baseline -0.003 -19"><span class='ocrx_word' id='word_1_173' title='bbox 82 3127 175 3186; x_wconf 82' lang='lat' dir='ltr'>Pacta</span> <span class='ocrx_word' id='word_1_174' title='bbox 197 3127 361 3197; x_wconf 86' lang='lat' dir='ltr'>collatione,</span> <span class='ocrx_word' id='word_1_175' title='bbox 382 3125 479 3204; x_wconf 90' lang='lat' dir='ltr'>Papa,</span> <span class='ocrx_word' id='word_1_176' title='bbox 500 3126 684 3199; x_wconf 76' lang='lat' dir='ltr'>cardinales,</span> <span class='ocrx_word' id='word_1_177' title='bbox 702 3125 839 3204; x_wconf 84' lang='lat' dir='ltr'>praelati,</span> 
     </span>
     <span class='ocr_line' id='line_1_30' title="bbox 44 3226 844 3305; baseline -0.003 -19"><span class='ocrx_word' id='word_1_178' title='bbox 44 3238 70 3286; x_wconf 89' lang='lat' dir='ltr'>et</span> <span class='ocrx_word' id='word_1_179' title='bbox 90 3227 142 3286; x_wconf 88' lang='lat' dir='ltr'>alii</span> <span class='ocrx_word' id='word_1_180' title='bbox 162 3244 260 3285; x_wconf 83' lang='lat' dir='ltr'>munes</span> <span class='ocrx_word' id='word_1_181' title='bbox 276 3227 381 3305; x_wconf 89' lang='lat' dir='ltr'>parati,</span> <span class='ocrx_word' id='word_1_182' title='bbox 396 3238 484 3304; x_wconf 89' lang='lat' dir='ltr'>prout</span> <span class='ocrx_word' id='word_1_183' title='bbox 507 3228 536 3284; x_wconf 91' lang='lat' dir='ltr'>in</span> <span class='ocrx_word' id='word_1_184' title='bbox 571 3235 706 3304; x_wconf 77' lang='lat' dir='ltr'>suggesto</span> <span class='ocrx_word' id='word_1_185' title='bbox 725 3226 844 3286; x_wconf 88' lang='lat' dir='ltr'>luerunt</span> 
     </span>
     <span class='ocr_line' id='line_1_31' title="bbox 45 3325 841 3406; baseline 0 -18"><span class='ocrx_word' id='word_1_186' title='bbox 45 3325 255 3388; x_wconf 79' lang='lat' dir='ltr'>dmcendcrunt</span> <span class='ocrx_word' id='word_1_187' title='bbox 282 3345 334 3405; x_wconf 86' lang='lat' dir='ltr'>per</span> <span class='ocrx_word' id='word_1_188' title='bbox 358 3327 473 3404; x_wconf 70' lang='lat' dir='ltr'>gradus</span> <span class='ocrx_word' id='word_1_189' title='bbox 492 3328 528 3386; x_wconf 90' lang='lat' dir='ltr'>ad</span> <span class='ocrx_word' id='word_1_190' title='bbox 558 3328 680 3406; x_wconf 79' lang='lat' dir='ltr'>plateam</span> <span class='ocrx_word' id='word_1_191' title='bbox 707 3327 841 3388; x_wconf 72' lang='lat' dir='ltr'>bmilieae</span> 
     </span>
     <span class='ocr_line' id='line_1_32' title="bbox 43 3423 838 3508; baseline 0.001 -20"><span class='ocrx_word' id='word_1_192' title='bbox 43 3428 231 3505; x_wconf 74' lang='lat' dir='ltr'>praedictae,</span> <span class='ocrx_word' id='word_1_193' title='bbox 256 3427 306 3487; x_wconf 92' lang='lat' dir='ltr'>ubl</span> <span class='ocrx_word' id='word_1_194' title='bbox 335 3444 424 3504; x_wconf 85' lang='lat' dir='ltr'>equos</span> <span class='ocrx_word' id='word_1_195' title='bbox 451 3428 488 3487; x_wconf 89' lang='lat' dir='ltr'>ibi</span> <span class='ocrx_word' id='word_1_196' title='bbox 518 3439 631 3508; x_wconf 90' lang='lat' dir='ltr'>paratos</span> <span class='ocrx_word' id='word_1_197' title='bbox 656 3423 684 3489; x_wconf 86' lang='lat' dir='ltr'>et</span> <span class='ocrx_word' id='word_1_198' title='bbox 711 3430 838 3506; x_wconf 84' lang='lat' dir='ltr'>copertis</span> 
     </span>
     <span class='ocr_line' id='line_1_33' title="bbox 45 3528 840 3608; baseline 0.004 -22"><span class='ocrx_word' id='word_1_199' title='bbox 45 3538 185 3600; x_wconf 90' lang='lat' dir='ltr'>ornatos,</span> <span class='ocrx_word' id='word_1_200' title='bbox 207 3539 296 3606; x_wconf 90' lang='lat' dir='ltr'>prout</span> <span class='ocrx_word' id='word_1_201' title='bbox 316 3547 404 3608; x_wconf 89' lang='lat' dir='ltr'>sopra</span> <span class='ocrx_word' id='word_1_202' title='bbox 426 3529 454 3587; x_wconf 91' lang='lat' dir='ltr'>in</span> <span class='ocrx_word' id='word_1_203' title='bbox 487 3529 706 3608; x_wconf 84' lang='lat' dir='ltr'>praeparatione</span> <span class='ocrx_word' id='word_1_204' title='bbox 731 3528 840 3593; x_wconf 83' lang='lat' dir='ltr'>dietum</span> 
     </span>
     <span class='ocr_line' id='line_1_34' title="bbox 45 3628 845 3711; baseline 0.005 -23"><span class='ocrx_word' id='word_1_205' title='bbox 45 3641 97 3700; x_wconf 86' lang='lat' dir='ltr'>est,</span> <span class='ocrx_word' id='word_1_206' title='bbox 112 3628 407 3700; x_wconf 69' lang='lat' dir='ltr'>ascenderanqtturt</span> <span class='ocrx_word' id='word_1_207' title='bbox 428 3628 465 3688; x_wconf 89' lang='lat' dir='ltr'>ad</span> <span class='ocrx_word' id='word_1_208' title='bbox 487 3628 673 3690; x_wconf 80' lang='lat' dir='ltr'>baleranum.</span> <span class='ocrx_word' id='word_1_209' title='bbox 697 3630 775 3711; x_wconf 88' lang='lat' dir='ltr'>Papa</span> <span class='ocrx_word' id='word_1_210' title='bbox 792 3651 845 3692; x_wconf 89' lang='lat' dir='ltr'>re·</span> 
     </span>
     <span class='ocr_line' id='line_1_35' title="bbox 46 3728 839 3809; baseline 0.006 -23"><span class='ocrx_word' id='word_1_211' title='bbox 46 3730 85 3790; x_wconf 90' lang='lat' dir='ltr'>oit</span> <span class='ocrx_word' id='word_1_212' title='bbox 106 3747 235 3808; x_wconf 80' lang='lat' dir='ltr'>semper,</span> <span class='ocrx_word' id='word_1_213' title='bbox 255 3728 341 3788; x_wconf 82' lang='lat' dir='ltr'>etiatu</span> <span class='ocrx_word' id='word_1_214' title='bbox 363 3747 396 3789; x_wconf 79' lang='lat' dir='ltr'>ex</span> <span class='ocrx_word' id='word_1_215' title='bbox 417 3728 504 3790; x_wconf 87' lang='lat' dir='ltr'>domo</span> <span class='ocrx_word' id='word_1_216' title='bbox 525 3731 671 3809; x_wconf 87' lang='lat' dir='ltr'>praedicta</span> <span class='ocrx_word' id='word_1_217' title='bbox 692 3732 839 3809; x_wconf 88' lang='lat' dir='ltr'>usquead</span> 
     </span>
     <span class='ocr_line' id='line_1_36' title="bbox 46 3826 841 3908; baseline 0.001 -20"><span class='ocrx_word' id='word_1_218' title='bbox 46 3826 236 3900; x_wconf 75' lang='lat' dir='ltr'>Lateranum,</span> <span class='ocrx_word' id='word_1_219' title='bbox 247 3827 301 3888; x_wconf 86' lang='lat' dir='ltr'>snb</span> <span class='ocrx_word' id='word_1_220' title='bbox 311 3828 509 3901; x_wconf 88' lang='lat' dir='ltr'>baldaocbino,</span> <span class='ocrx_word' id='word_1_221' title='bbox 522 3831 599 3908; x_wconf 91' lang='lat' dir='ltr'>quod</span> <span class='ocrx_word' id='word_1_222' title='bbox 612 3831 767 3892; x_wconf 83' lang='lat' dir='ltr'>nobiliores</span> <span class='ocrx_word' id='word_1_223' title='bbox 774 3830 841 3893; x_wconf 81' lang='lat' dir='ltr'>Cu-</span> 
     </span>
     <span class='ocr_line' id='line_1_37' title="bbox 47 3924 844 4013; baseline 0.008 -26"><span class='ocrx_word' id='word_1_224' title='bbox 47 3934 105 3990; x_wconf 85' lang='lat' dir='ltr'>riae</span> <span class='ocrx_word' id='word_1_225' title='bbox 119 3942 151 3990; x_wconf 90' lang='lat' dir='ltr'>et</span> <span class='ocrx_word' id='word_1_226' title='bbox 164 3928 308 3992; x_wconf 84' lang='lat' dir='ltr'>Oratores</span> <span class='ocrx_word' id='word_1_227' title='bbox 328 3929 497 4010; x_wconf 80' lang='lat' dir='ltr'>Principum</span> <span class='ocrx_word' id='word_1_228' title='bbox 521 3924 710 4010; x_wconf 76' lang='lat' dir='ltr'>portaverunt</span> <span class='ocrx_word' id='word_1_229' title='bbox 728 3950 844 4013; x_wconf 77' lang='lat' dir='ltr'>aqueus·</span> 
     </span>
     <span class='ocr_line' id='line_1_38' title="bbox 49 4018 843 4109; baseline 0 -18"><span class='ocrx_word' id='word_1_230' title='bbox 49 4050 104 4108; x_wconf 88' lang='lat' dir='ltr'>qoe</span> <span class='ocrx_word' id='word_1_231' title='bbox 125 4030 206 4109; x_wconf 92' lang='lat' dir='ltr'>Papa</span> <span class='ocrx_word' id='word_1_232' title='bbox 227 4048 335 4107; x_wconf 90' lang='lat' dir='ltr'>equum</span> <span class='ocrx_word' id='word_1_233' title='bbox 358 4029 528 4091; x_wconf 82' lang='lat' dir='ltr'>ascendisset</span> <span class='ocrx_word' id='word_1_234' title='bbox 536 4052 546 4104; x_wconf 80' lang='lat'>3</span> <span class='ocrx_word' id='word_1_235' title='bbox 568 4030 669 4093; x_wconf 89' lang='lat' dir='ltr'>deinde</span> <span class='ocrx_word' id='word_1_236' title='bbox 686 4036 764 4092; x_wconf 86' lang='lat' dir='ltr'>eires</span> <span class='ocrx_word' id='word_1_237' title='bbox 779 4018 843 4091; x_wconf 82' lang='lat' dir='ltr'>lio·</span> 
     </span>
     <span class='ocr_line' id='line_1_39' title="bbox 48 4131 842 4213; baseline 0.003 -23"><span class='ocrx_word' id='word_1_238' title='bbox 48 4137 121 4193; x_wconf 90' lang='lat' dir='ltr'>mani</span> <span class='ocrx_word' id='word_1_239' title='bbox 162 4151 253 4210; x_wconf 89' lang='lat' dir='ltr'>usque</span> <span class='ocrx_word' id='word_1_240' title='bbox 289 4131 326 4190; x_wconf 90' lang='lat' dir='ltr'>ad</span> <span class='ocrx_word' id='word_1_241' title='bbox 360 4131 547 4192; x_wconf 84' lang='lat' dir='ltr'>Lateranum.</span> <span class='ocrx_word' id='word_1_242' title='bbox 575 4132 732 4210; x_wconf 87' lang='lat' dir='ltr'>Postquam</span> <span class='ocrx_word' id='word_1_243' title='bbox 763 4133 842 4213; x_wconf 90' lang='lat' dir='ltr'>Papa</span> 
     </span>
     <span class='ocr_line' id='line_1_40' title="bbox 47 4222 842 4314; baseline -0.001 -21"><span class='ocrx_word' id='word_1_244' title='bbox 47 4253 156 4313; x_wconf 90' lang='lat' dir='ltr'>equum</span> <span class='ocrx_word' id='word_1_245' title='bbox 175 4252 262 4299; x_wconf 86' lang='lat' dir='ltr'>suurn</span> <span class='ocrx_word' id='word_1_246' title='bbox 281 4233 380 4293; x_wconf 89' lang='lat' dir='ltr'>album</span> <span class='ocrx_word' id='word_1_247' title='bbox 395 4222 537 4305; x_wconf 35' lang='lat' dir='ltr'>&#39;ascendis</span> <span class='ocrx_word' id='word_1_248' title='bbox 554 4235 630 4296; x_wconf 86' lang='lat' dir='ltr'>scala</span> <span class='ocrx_word' id='word_1_249' title='bbox 648 4225 772 4314; x_wconf 88' lang='lat' dir='ltr'>reposita</span> <span class='ocrx_word' id='word_1_250' title='bbox 788 4225 842 4294; x_wconf 88' lang='lat' dir='ltr'>luit</span> 
     </span>
    </p>
   </div>
   <div class='ocr_carea' id='block_1_5' title="bbox 690 4379 857 4411">
    <p class='ocr_par' dir='ltr' id='par_1_6' title="bbox 690 4379 857 4411">
     <span class='ocr_line' id='line_1_41' title="bbox 690 4379 857 4411; baseline 0.012 -2"><span class='ocrx_word' id='word_1_251' title='bbox 690 4379 857 4411; x_wconf 51' lang='lat' dir='ltr'>¹——unn—-.</span> 
     </span>
    </p>
   </div>
   <div class='ocr_carea' id='block_1_6' title="bbox 46 4486 845 5424">
    <p class='ocr_par' dir='ltr' id='par_1_7' title="bbox 46 4486 845 5424">
     <span class='ocr_line' id='line_1_42' title="bbox 85 4486 844 4547; baseline -0.016 0"><span class='ocrx_word' id='word_1_252' title='bbox 85 4497 123 4547; x_wconf 80' lang='lat' dir='ltr'>itt</span> <span class='ocrx_word' id='word_1_253' title='bbox 139 4490 309 4539; x_wconf 81' lang='lat' dir='ltr'>Gourerruos</span> <span class='ocrx_word' id='word_1_254' title='bbox 325 4487 477 4538; x_wconf 81' lang='lat' dir='ltr'>Leraatrros</span> <span class='ocrx_word' id='word_1_255' title='bbox 489 4490 514 4537; x_wconf 86' lang='lat' dir='ltr'>ia</span> <span class='ocrx_word' id='word_1_256' title='bbox 524 4488 649 4539; x_wconf 84' lang='lat' dir='ltr'>llontirsc</span> <span class='ocrx_word' id='word_1_257' title='bbox 665 4487 758 4538; x_wconf 83' lang='lat' dir='ltr'>codicis</span> <span class='ocrx_word' id='word_1_258' title='bbox 773 4486 844 4537; x_wconf 78' lang='lat' dir='ltr'>iuris</span> 
     </span>
     <span class='ocr_line' id='line_1_43' title="bbox 46 4567 843 4629; baseline 0.001 -12"><span class='ocrx_word' id='word_1_259' title='bbox 46 4568 163 4619; x_wconf 75' lang='lat' dir='ltr'>(tortium</span> <span class='ocrx_word' id='word_1_260' title='bbox 178 4568 338 4629; x_wconf 84' lang='lat' dir='ltr'>diplomaticr&#39;</span> <span class='ocrx_word' id='word_1_261' title='bbox 354 4569 531 4628; x_wconf 75' lang='lat' dir='ltr'>(honorares</span> <span class='ocrx_word' id='word_1_262' title='bbox 550 4570 611 4619; x_wconf 85' lang='lat'>170⁰</span> <span class='ocrx_word' id='word_1_263' title='bbox 623 4576 630 4625; x_wconf 79' lang='lat' dir='ltr'>t</span> <span class='ocrx_word' id='word_1_264' title='bbox 642 4579 701 4629; x_wconf 81' lang='lat' dir='ltr'>poq·</span> <span class='ocrx_word' id='word_1_265' title='bbox 720 4568 772 4627; x_wconf 79' lang='lat' dir='ltr'>tit,</span> <span class='ocrx_word' id='word_1_266' title='bbox 789 4567 843 4618; x_wconf 77' lang='lat' dir='ltr'>llo·</span> 
     </span>
     <span class='ocr_line' id='line_1_44' title="bbox 48 4636 843 4710; baseline -0.006 -11"><span class='ocrx_word' id='word_1_267' title='bbox 48 4660 150 4699; x_wconf 78' lang='lat' dir='ltr'>nme</span> <span class='ocrx_word' id='word_1_268' title='bbox 173 4649 205 4697; x_wconf 82' lang='lat' dir='ltr'>rie</span> <span class='ocrx_word' id='word_1_269' title='bbox 234 4648 392 4707; x_wconf 76' lang='lat' dir='ltr'>Prerbutnio</span> <span class='ocrx_word' id='word_1_270' title='bbox 416 4660 440 4710; x_wconf 89' lang='lat' dir='ltr'>p.</span> <span class='ocrx_word' id='word_1_271' title='bbox 461 4636 522 4698; x_wconf 74' lang='lat' dir='ltr'>2³7s</span> <span class='ocrx_word' id='word_1_272' title='bbox 540 4652 566 4698; x_wconf 90' lang='lat' dir='ltr'>et</span> <span class='ocrx_word' id='word_1_273' title='bbox 587 4647 747 4700; x_wconf 69' lang='lat' dir='ltr'>saracems</span> <span class='ocrx_word' id='word_1_274' title='bbox 771 4645 843 4695; x_wconf 81' lang='lat' dir='ltr'>Ceu·</span> 
     </span>
     <span class='ocr_line' id='line_1_45' title="bbox 49 4725 845 4789; baseline -0.001 -12"><span class='ocrx_word' id='word_1_275' title='bbox 49 4740 178 4786; x_wconf 75' lang='grc' dir='ltr'><strong>ιιιιιιιιι.</strong></span> <span class='ocrx_word' id='word_1_276' title='bbox 194 4731 219 4777; x_wconf 84' lang='lat' dir='ltr'>ih</span> <span class='ocrx_word' id='word_1_277' title='bbox 236 4728 320 4779; x_wconf 79' lang='lat' dir='ltr'>srersc</span> <span class='ocrx_word' id='word_1_278' title='bbox 336 4729 376 4778; x_wconf 84' lang='lat' dir='ltr'>dei</span> <span class='ocrx_word' id='word_1_279' title='bbox 387 4727 487 4777; x_wconf 78' lang='lat' dir='ltr'>solenni</span> <span class='ocrx_word' id='word_1_280' title='bbox 495 4728 606 4789; x_wconf 75' lang='lat' dir='ltr'>possesse·</span> <span class='ocrx_word' id='word_1_281' title='bbox 620 4725 763 4778; x_wconf 82' lang='lat' dir='ltr'>ds&#39;Sommi</span> <span class='ocrx_word' id='word_1_282' title='bbox 778 4727 845 4776; x_wconf 80' lang='lat' dir='ltr'>Port-</span> 
     </span>
     <span class='ocr_line' id='line_1_46' title="bbox 48 4807 843 4870; baseline -0.004 -12"><span class='ocrx_word' id='word_1_283' title='bbox 48 4809 110 4870; x_wconf 70' lang='lat' dir='ltr'>tsflrl</span> <span class='ocrx_word' id='word_1_284' title='bbox 135 4809 171 4857; x_wconf 80' lang='lat' dir='ltr'>cia</span> <span class='ocrx_word' id='word_1_285' title='bbox 193 4808 274 4858; x_wconf 79' lang='lat' dir='ltr'>beosa</span> <span class='ocrx_word' id='word_1_286' title='bbox 290 4809 323 4858; x_wconf 92' lang='lat' dir='ltr'>lll</span> <span class='ocrx_word' id='word_1_287' title='bbox 335 4821 353 4857; x_wconf 83' lang='lat' dir='ltr'>a</span> <span class='ocrx_word' id='word_1_288' title='bbox 369 4808 415 4858; x_wconf 85' lang='lat' dir='ltr'>Pio</span> <span class='ocrx_word' id='word_1_289' title='bbox 434 4807 598 4858; x_wconf 59' lang='lat' dir='ltr'>Vllutaomc</span> <span class='ocrx_word' id='word_1_290' title='bbox 624 4809 739 4869; x_wconf 65' lang='lat' dir='ltr'>libzip</span> <span class='ocrx_word' id='word_1_291' title='bbox 769 4808 800 4856; x_wconf 80' lang='lat' dir='ltr'>ld</span> <span class='ocrx_word' id='word_1_292' title='bbox 820 4810 843 4855; x_wconf 86' lang='lat' dir='ltr'>et</span> 
     </span>
     <span class='ocr_line' id='line_1_47' title="bbox 50 4885 842 4950; baseline 0.003 -17"><span class='ocrx_word' id='word_1_293' title='bbox 50 4899 99 4950; x_wconf 84' lang='lat' dir='ltr'>seq.</span> <span class='ocrx_word' id='word_1_294' title='bbox 116 4900 152 4938; x_wconf 83' lang='lat' dir='ltr'>ex</span> <span class='ocrx_word' id='word_1_295' title='bbox 173 4887 325 4938; x_wconf 70' lang='lat' dir='ltr'>burchardo</span> <span class='ocrx_word' id='word_1_296' title='bbox 341 4887 495 4938; x_wconf 86' lang='lat' dir='ltr'>describunt</span> <span class='ocrx_word' id='word_1_297' title='bbox 511 4887 544 4937; x_wconf 84' lang='lat' dir='ltr'>ad</span> <span class='ocrx_word' id='word_1_298' title='bbox 562 4887 684 4937; x_wconf 82' lang='lat' dir='ltr'>verbum.</span> <span class='ocrx_word' id='word_1_299' title='bbox 702 4885 842 4950; x_wconf 84' lang='lat' dir='ltr'>perpaucis</span> 
     </span>
     <span class='ocr_line' id='line_1_48' title="bbox 49 4966 843 5029; baseline 0 -14"><span class='ocrx_word' id='word_1_300' title='bbox 49 4967 243 5018; x_wconf 84' lang='lat' dir='ltr'>omissionibus</span> <span class='ocrx_word' id='word_1_301' title='bbox 260 4968 301 5016; x_wconf 88' lang='lat' dir='ltr'>rel</span> <span class='ocrx_word' id='word_1_302' title='bbox 328 4966 464 5017; x_wconf 88' lang='lat' dir='ltr'>erroribus</span> <span class='ocrx_word' id='word_1_303' title='bbox 485 4968 618 5029; x_wconf 81' lang='lat' dir='ltr'>demptis,</span> <span class='ocrx_word' id='word_1_304' title='bbox 637 4966 779 5016; x_wconf 87' lang='lat' dir='ltr'>iunocentii</span> <span class='ocrx_word' id='word_1_305' title='bbox 796 4966 843 5016; x_wconf 83' lang='lat' dir='ltr'>Sa·</span> 
     </span>
     <span class='ocr_line' id='line_1_49' title="bbox 51 5041 845 5103; baseline 0.005 -15"><span class='ocrx_word' id='word_1_306' title='bbox 51 5053 133 5102; x_wconf 85' lang='lat' dir='ltr'>crura,</span> <span class='ocrx_word' id='word_1_307' title='bbox 150 5041 201 5092; x_wconf 85' lang='lat' dir='ltr'>sub</span> <span class='ocrx_word' id='word_1_308' title='bbox 226 5042 275 5090; x_wconf 89' lang='lat' dir='ltr'>boc</span> <span class='ocrx_word' id='word_1_309' title='bbox 296 5041 373 5091; x_wconf 92' lang='lat' dir='ltr'>titulo</span> <span class='ocrx_word' id='word_1_310' title='bbox 392 5062 402 5085; x_wconf 76' lang='grc' dir='ltr'><strong>ι</strong></span> <span class='ocrx_word' id='word_1_311' title='bbox 421 5041 605 5092; x_wconf 73' lang='lat' dir='ltr'>castimoniale</span> <span class='ocrx_word' id='word_1_312' title='bbox 625 5043 759 5103; x_wconf 69' lang='lat' dir='ltr'>salmossa</span> <span class='ocrx_word' id='word_1_313' title='bbox 775 5041 845 5092; x_wconf 81' lang='lat' dir='ltr'>scau</span> 
     </span>
     <span class='ocr_line' id='line_1_50' title="bbox 52 5121 843 5183; baseline 0.003 -14"><span class='ocrx_word' id='word_1_314' title='bbox 52 5121 175 5172; x_wconf 78' lang='lat' dir='ltr'>homones</span> <span class='ocrx_word' id='word_1_315' title='bbox 185 5122 337 5181; x_wconf 65' lang='lat' dir='ltr'>aaronitas</span> <span class='ocrx_word' id='word_1_316' title='bbox 348 5121 506 5172; x_wconf 76' lang='lat' dir='ltr'>morlaSimtr&#39;</span> <span class='ocrx_word' id='word_1_317' title='bbox 519 5121 551 5171; x_wconf 79' lang='grc' dir='ltr'><em>Ν</em></span> <span class='ocrx_word' id='word_1_318' title='bbox 564 5132 644 5181; x_wconf 78' lang='lat' dir='ltr'>usque</span> <span class='ocrx_word' id='word_1_319' title='bbox 653 5121 687 5170; x_wconf 85' lang='lat' dir='ltr'>od</span> <span class='ocrx_word' id='word_1_320' title='bbox 701 5121 843 5183; x_wconf 76' lang='lat' dir='ltr'>inpressum</span> 
     </span>
     <span class='ocr_line' id='line_1_51' title="bbox 53 5200 843 5264; baseline 0 -14"><span class='ocrx_word' id='word_1_321' title='bbox 53 5203 110 5250; x_wconf 80' lang='lat' dir='ltr'>novt</span> <span class='ocrx_word' id='word_1_322' title='bbox 124 5202 254 5264; x_wconf 65' lang='lat' dir='ltr'>pontificis</span> <span class='ocrx_word' id='word_1_323' title='bbox 270 5201 297 5250; x_wconf 82' lang='lat' dir='ltr'>in</span> <span class='ocrx_word' id='word_1_324' title='bbox 312 5201 451 5252; x_wconf 81' lang='lat' dir='ltr'>llcctetiom</span> <span class='ocrx_word' id='word_1_325' title='bbox 466 5202 668 5260; x_wconf 78' lang='lat' dir='ltr'>Luteroomseet,</span> <span class='ocrx_word' id='word_1_326' title='bbox 684 5204 788 5251; x_wconf 73' lang='lat' dir='ltr'>wetere</span> <span class='ocrx_word' id='word_1_327' title='bbox 803 5200 843 5251; x_wconf 81' lang='lat' dir='ltr'>Jo·</span> 
     </span>
     <span class='ocr_line' id='line_1_52' title="bbox 56 5278 842 5343; baseline 0.001 -15"><span class='ocrx_word' id='word_1_328' title='bbox 56 5278 134 5332; x_wconf 69' lang='lat' dir='ltr'>mane</span> <span class='ocrx_word' id='word_1_329' title='bbox 150 5281 298 5332; x_wconf 83' lang='lat' dir='ltr'>liurehcrdo</span> <span class='ocrx_word' id='word_1_330' title='bbox 324 5284 539 5334; x_wconf 77' lang='lat' dir='ltr'>caerimoniarum</span> <span class='ocrx_word' id='word_1_331' title='bbox 560 5283 688 5343; x_wconf 64' lang='lat' dir='ltr'>atarseo.</span> <span class='ocrx_word' id='word_1_332' title='bbox 708 5301 718 5323; x_wconf 79' lang='grc' dir='ltr'><strong>ι</strong></span> <span class='ocrx_word' id='word_1_333' title='bbox 741 5281 842 5330; x_wconf 83' lang='lat' dir='ltr'>Deseri-</span> 
     </span>
     <span class='ocr_line' id='line_1_53' title="bbox 56 5360 839 5424; baseline -0.003 -16"><span class='ocrx_word' id='word_1_334' title='bbox 56 5361 166 5418; x_wconf 88' lang='lat' dir='ltr'>ptiooem</span> <span class='ocrx_word' id='word_1_335' title='bbox 183 5369 290 5413; x_wconf 89' lang='lat' dir='ltr'>sumunt</span> <span class='ocrx_word' id='word_1_336' title='bbox 307 5378 320 5414; x_wconf 87' lang='lat' dir='ltr'>a</span> <span class='ocrx_word' id='word_1_337' title='bbox 339 5365 437 5413; x_wconf 76' lang='lat' dir='ltr'>verbis,</span> <span class='ocrx_word' id='word_1_338' title='bbox 454 5361 617 5424; x_wconf 80' lang='lat' dir='ltr'>induiqsntiis</span> <span class='ocrx_word' id='word_1_339' title='bbox 634 5360 780 5424; x_wconf 78' lang='lat' dir='ltr'>hujtumodi</span> <span class='ocrx_word' id='word_1_340' title='bbox 795 5363 839 5410; x_wconf 83' lang='lat' dir='ltr'>alo.</span> 
     </span>
    </p>
   </div>
   <div class='ocr_carea' id='block_1_7' title="bbox 527 260 1691 340">
    <p class='ocr_par' dir='ltr' id='par_1_8' title="bbox 527 260 1691 340">
     <span class='ocr_line' id='line_1_54' title="bbox 527 260 1691 340; baseline 0.011 -14"><span class='ocrx_word' id='word_1_341' title='bbox 527 265 809 332; x_wconf 65' lang='lat' dir='ltr'>nuntiaremus</span> <span class='ocrx_word' id='word_1_342' title='bbox 826 260 1056 334; x_wconf 78' lang='lat' dir='ltr'>tuttocutttu</span> <span class='ocrx_word' id='word_1_343' title='bbox 1076 269 1219 335; x_wconf 79' lang='lat' dir='ltr'>OCTth</span> <span class='ocrx_word' id='word_1_344' title='bbox 1650 278 1691 340; x_wconf 78' lang='lat' dir='ltr'>th</span> 
     </span>
    </p>
   </div>
   <div class='ocr_carea' id='block_1_8' title="bbox 901 407 1772 4812">
    <p class='ocr_par' dir='ltr' id='par_1_9' title="bbox 901 407 1697 789">
     <span class='ocr_line' id='line_1_55' title="bbox 901 407 1693 487; baseline 0.008 -22"><span class='ocrx_word' id='word_1_345' title='bbox 901 423 989 486; x_wconf 89' lang='lat' dir='ltr'>super</span> <span class='ocrx_word' id='word_1_346' title='bbox 1010 409 1067 467; x_wconf 90' lang='lat' dir='ltr'>alio</span> <span class='ocrx_word' id='word_1_347' title='bbox 1088 427 1164 487; x_wconf 92' lang='lat' dir='ltr'>equo</span> <span class='ocrx_word' id='word_1_348' title='bbox 1184 407 1319 468; x_wconf 89' lang='lat' dir='ltr'>ordinato</span> <span class='ocrx_word' id='word_1_349' title='bbox 1338 409 1374 468; x_wconf 88' lang='lat' dir='ltr'>ad</span> <span class='ocrx_word' id='word_1_350' title='bbox 1393 409 1466 483; x_wconf 87' lang='lat' dir='ltr'>hoe,</span> <span class='ocrx_word' id='word_1_351' title='bbox 1486 423 1525 472; x_wconf 34' lang='lat' dir='ltr'>et*v</span> <span class='ocrx_word' id='word_1_352' title='bbox 1541 411 1632 471; x_wconf 88' lang='lat' dir='ltr'>dueto</span> <span class='ocrx_word' id='word_1_353' title='bbox 1656 412 1693 471; x_wconf 85' lang='lat' dir='ltr'>ad</span> 
     </span>
     <span class='ocr_line' id='line_1_56' title="bbox 905 507 1697 588; baseline 0.011 -23"><span class='ocrx_word' id='word_1_354' title='bbox 905 507 1002 567; x_wconf 88' lang='lat' dir='ltr'>locum</span> <span class='ocrx_word' id='word_1_355' title='bbox 1023 525 1120 567; x_wconf 90' lang='lat' dir='ltr'>suum.</span> <span class='ocrx_word' id='word_1_356' title='bbox 1142 507 1269 586; x_wconf 83' lang='lat' dir='ltr'>Equum</span> <span class='ocrx_word' id='word_1_357' title='bbox 1283 509 1378 588; x_wconf 84' lang='lat' dir='ltr'>Papae</span> <span class='ocrx_word' id='word_1_358' title='bbox 1400 512 1545 573; x_wconf 84' lang='lat' dir='ltr'>duxerunt</span> <span class='ocrx_word' id='word_1_359' title='bbox 1571 512 1697 574; x_wconf 65' lang='lat' dir='ltr'>&amp;tiator</span> 
     </span>
     <span class='ocr_line' id='line_1_57' title="bbox 903 604 1696 693; baseline 0.005 -23"><span class='ocrx_word' id='word_1_360' title='bbox 903 608 991 670; x_wconf 82' lang='lat' dir='ltr'>Urbis</span> <span class='ocrx_word' id='word_1_361' title='bbox 1012 620 1040 669; x_wconf 94' lang='lat' dir='ltr'>et</span> <span class='ocrx_word' id='word_1_362' title='bbox 1062 611 1289 671; x_wconf 78' lang='lat' dir='ltr'>Oonaervatores</span> <span class='ocrx_word' id='word_1_363' title='bbox 1307 610 1467 675; x_wconf 82' lang='lat' dir='ltr'>Cameraes</span> <span class='ocrx_word' id='word_1_364' title='bbox 1490 614 1557 692; x_wconf 90' lang='lat' dir='ltr'>quia</span> <span class='ocrx_word' id='word_1_365' title='bbox 1578 604 1696 693; x_wconf 70' lang='lat' dir='ltr'>diqnlor</span> 
     </span>
     <span class='ocr_line' id='line_1_58' title="bbox 902 709 1414 789; baseline 0.006 -22"><span class='ocrx_word' id='word_1_366' title='bbox 902 709 1000 769; x_wconf 88' lang='lat' dir='ltr'>nullus</span> <span class='ocrx_word' id='word_1_367' title='bbox 1022 709 1164 782; x_wconf 87' lang='lat' dir='ltr'>interluit,</span> <span class='ocrx_word' id='word_1_368' title='bbox 1184 710 1234 786; x_wconf 92' lang='lat' dir='ltr'>qui</span> <span class='ocrx_word' id='word_1_369' title='bbox 1256 709 1283 768; x_wconf 88' lang='lat' dir='ltr'>id</span> <span class='ocrx_word' id='word_1_370' title='bbox 1304 722 1414 789; x_wconf 79' lang='lat' dir='ltr'>agerat.</span> 
     </span>
    </p>

    <p class='ocr_par' dir='ltr' id='par_1_10' title="bbox 901 809 1700 2202">
     <span class='ocr_line' id='line_1_59' title="bbox 950 809 1696 891; baseline 0.003 -21"><span class='ocrx_word' id='word_1_371' title='bbox 950 809 1122 871; x_wconf 85' lang='lat' dir='ltr'>Cardinales</span> <span class='ocrx_word' id='word_1_372' title='bbox 1136 821 1164 871; x_wconf 88' lang='lat' dir='ltr'>et</span> <span class='ocrx_word' id='word_1_373' title='bbox 1184 812 1305 889; x_wconf 90' lang='lat' dir='ltr'>praelati</span> <span class='ocrx_word' id='word_1_374' title='bbox 1326 813 1419 891; x_wconf 88' lang='lat' dir='ltr'>parati</span> <span class='ocrx_word' id='word_1_375' title='bbox 1438 829 1539 874; x_wconf 87' lang='lat' dir='ltr'>omnes</span> <span class='ocrx_word' id='word_1_376' title='bbox 1563 824 1647 873; x_wconf 85' lang='lat' dir='ltr'>erant</span> <span class='ocrx_word' id='word_1_377' title='bbox 1668 814 1696 872; x_wconf 93' lang='lat' dir='ltr'>in</span> 
     </span>
     <span class='ocr_line' id='line_1_60' title="bbox 901 910 1699 984; baseline 0.004 -15"><span class='ocrx_word' id='word_1_378' title='bbox 901 911 995 970; x_wconf 86' lang='lat' dir='ltr'>mitris</span> <span class='ocrx_word' id='word_1_379' title='bbox 1016 921 1043 970; x_wconf 87' lang='lat' dir='ltr'>et</span> <span class='ocrx_word' id='word_1_380' title='bbox 1068 910 1201 970; x_wconf 88' lang='lat' dir='ltr'>omnibus</span> <span class='ocrx_word' id='word_1_381' title='bbox 1221 915 1417 984; x_wconf 84' lang='lat' dir='ltr'>ornamentis,</span> <span class='ocrx_word' id='word_1_382' title='bbox 1438 923 1470 973; x_wconf 91' lang='lat' dir='ltr'>ut</span> <span class='ocrx_word' id='word_1_383' title='bbox 1490 913 1519 973; x_wconf 92' lang='lat' dir='ltr'>in</span> <span class='ocrx_word' id='word_1_384' title='bbox 1541 912 1628 976; x_wconf 81' lang='lat' dir='ltr'>llisse</span> <span class='ocrx_word' id='word_1_385' title='bbox 1648 913 1699 972; x_wconf 89' lang='lat' dir='ltr'>in·</span> 
     </span>
     <span class='ocr_line' id='line_1_61' title="bbox 902 1002 1698 1086; baseline 0.006 -17"><span class='ocrx_word' id='word_1_386' title='bbox 902 1008 1077 1070; x_wconf 88' lang='lat' dir='ltr'>terluerunt.</span> <span class='ocrx_word' id='word_1_387' title='bbox 1097 1007 1174 1086; x_wconf 77' lang='lat' dir='ltr'>liqui</span> <span class='ocrx_word' id='word_1_388' title='bbox 1194 1002 1392 1071; x_wconf 78' lang='lat' dir='ltr'>cardinalium</span> <span class='ocrx_word' id='word_1_389' title='bbox 1414 1013 1451 1071; x_wconf 93' lang='lat' dir='ltr'>ab</span> <span class='ocrx_word' id='word_1_390' title='bbox 1472 1024 1539 1073; x_wconf 93' lang='lat' dir='ltr'>ante</span> <span class='ocrx_word' id='word_1_391' title='bbox 1560 1024 1588 1073; x_wconf 87' lang='lat' dir='ltr'>et</span> <span class='ocrx_word' id='word_1_392' title='bbox 1617 1023 1698 1074; x_wconf 86' lang='lat' dir='ltr'>retro</span> 
     </span>
     <span class='ocr_line' id='line_1_62' title="bbox 901 1111 1696 1194; baseline 0.006 -24"><span class='ocrx_word' id='word_1_393' title='bbox 901 1112 1031 1190; x_wconf 84' lang='lat' dir='ltr'>cooperti</span> <span class='ocrx_word' id='word_1_394' title='bbox 1052 1120 1136 1172; x_wconf 88' lang='lat' dir='ltr'>erant</span> <span class='ocrx_word' id='word_1_395' title='bbox 1147 1111 1303 1172; x_wconf 87' lang='lat' dir='ltr'>boecaelno</span> <span class='ocrx_word' id='word_1_396' title='bbox 1317 1113 1396 1185; x_wconf 90' lang='lat' dir='ltr'>albo,</span> <span class='ocrx_word' id='word_1_397' title='bbox 1409 1116 1612 1194; x_wconf 84' lang='lat' dir='ltr'>praelatorum</span> <span class='ocrx_word' id='word_1_398' title='bbox 1627 1134 1696 1176; x_wconf 85' lang='lat' dir='ltr'>rero</span> 
     </span>
     <span class='ocr_line' id='line_1_63' title="bbox 901 1210 1698 1294; baseline 0.011 -26"><span class='ocrx_word' id='word_1_399' title='bbox 901 1210 1038 1290; x_wconf 75' lang='lat' dir='ltr'>louagno</span> <span class='ocrx_word' id='word_1_400' title='bbox 1058 1210 1145 1281; x_wconf 91' lang='lat' dir='ltr'>albo,</span> <span class='ocrx_word' id='word_1_401' title='bbox 1164 1211 1200 1269; x_wconf 91' lang='lat' dir='ltr'>ad</span> <span class='ocrx_word' id='word_1_402' title='bbox 1224 1212 1349 1273; x_wconf 87' lang='lat' dir='ltr'>medium</span> <span class='ocrx_word' id='word_1_403' title='bbox 1372 1215 1501 1293; x_wconf 90' lang='lat' dir='ltr'>palmum</span> <span class='ocrx_word' id='word_1_404' title='bbox 1522 1233 1610 1294; x_wconf 87' lang='lat' dir='ltr'>super</span> <span class='ocrx_word' id='word_1_405' title='bbox 1634 1226 1698 1277; x_wconf 87' lang='lat' dir='ltr'>ter·</span> 
     </span>
     <span class='ocr_line' id='line_1_64' title="bbox 902 1310 1698 1394; baseline 0.008 -23"><span class='ocrx_word' id='word_1_406' title='bbox 902 1330 970 1382; x_wconf 33' lang='lat' dir='ltr'>ram,</span> <span class='ocrx_word' id='word_1_407' title='bbox 983 1312 1119 1391; x_wconf 83' lang='lat' dir='ltr'>pendente</span> <span class='ocrx_word' id='word_1_408' title='bbox 1130 1310 1325 1385; x_wconf 59' lang='lat' dir='ltr'>erubuissent</span> <span class='ocrx_word' id='word_1_409' title='bbox 1339 1328 1439 1373; x_wconf 85' lang='lat' dir='ltr'>omnes</span> <span class='ocrx_word' id='word_1_410' title='bbox 1457 1332 1545 1394; x_wconf 87' lang='lat' dir='ltr'>super</span> <span class='ocrx_word' id='word_1_411' title='bbox 1561 1313 1698 1386; x_wconf 90' lang='lat' dir='ltr'>rocheto,</span> 
     </span>
     <span class='ocr_line' id='line_1_65' title="bbox 903 1412 1697 1494; baseline 0.001 -21"><span class='ocrx_word' id='word_1_412' title='bbox 903 1412 1053 1488; x_wconf 87' lang='lat' dir='ltr'>tunicellas</span> <span class='ocrx_word' id='word_1_413' title='bbox 1075 1412 1155 1472; x_wconf 86' lang='lat' dir='ltr'>albas</span> <span class='ocrx_word' id='word_1_414' title='bbox 1177 1412 1330 1484; x_wconf 89' lang='lat' dir='ltr'>habebant,</span> <span class='ocrx_word' id='word_1_415' title='bbox 1345 1414 1461 1494; x_wconf 86' lang='lat' dir='ltr'>dempto</span> <span class='ocrx_word' id='word_1_416' title='bbox 1482 1416 1533 1476; x_wconf 90' lang='lat' dir='ltr'>illo</span> <span class='ocrx_word' id='word_1_417' title='bbox 1551 1416 1610 1493; x_wconf 46' lang='lat' dir='ltr'>qui.</span> <span class='ocrx_word' id='word_1_418' title='bbox 1623 1415 1697 1494; x_wconf 76' lang='lat' dir='ltr'>lipi-</span> 
     </span>
     <span class='ocr_line' id='line_1_66' title="bbox 902 1511 1698 1595; baseline 0.003 -22"><span class='ocrx_word' id='word_1_419' title='bbox 902 1511 1159 1586; x_wconf 73' lang='lat' dir='ltr'>salamannus,</span> <span class='ocrx_word' id='word_1_420' title='bbox 1180 1515 1231 1592; x_wconf 93' lang='lat' dir='ltr'>qui</span> <span class='ocrx_word' id='word_1_421' title='bbox 1252 1514 1346 1575; x_wconf 88' lang='lat' dir='ltr'>omnia</span> <span class='ocrx_word' id='word_1_422' title='bbox 1368 1527 1535 1595; x_wconf 85' lang='lat' dir='ltr'>paramenta</span> <span class='ocrx_word' id='word_1_423' title='bbox 1557 1516 1698 1587; x_wconf 84' lang='lat' dir='ltr'>retimrit,</span> 
     </span>
     <span class='ocr_line' id='line_1_67' title="bbox 901 1613 1697 1692; baseline 0.005 -20"><span class='ocrx_word' id='word_1_424' title='bbox 901 1615 928 1673; x_wconf 91' lang='lat' dir='ltr'>in</span> <span class='ocrx_word' id='word_1_425' title='bbox 955 1613 1060 1692; x_wconf 90' lang='lat' dir='ltr'>quibus</span> <span class='ocrx_word' id='word_1_426' title='bbox 1092 1615 1276 1683; x_wconf 84' lang='lat' dir='ltr'>ministrarit.</span> <span class='ocrx_word' id='word_1_427' title='bbox 1299 1616 1453 1679; x_wconf 73' lang='lat' dir='ltr'>auditores</span> <span class='ocrx_word' id='word_1_428' title='bbox 1475 1636 1574 1689; x_wconf 84' lang='lat' dir='ltr'>vero,</span> <span class='ocrx_word' id='word_1_429' title='bbox 1595 1616 1697 1678; x_wconf 85' lang='lat' dir='ltr'>clerici</span> 
     </span>
     <span class='ocr_line' id='line_1_68' title="bbox 901 1714 1693 1798; baseline 0.003 -23"><span class='ocrx_word' id='word_1_430' title='bbox 901 1714 1050 1786; x_wconf 83' lang='lat' dir='ltr'>Gamerae,</span> <span class='ocrx_word' id='word_1_431' title='bbox 1070 1727 1100 1775; x_wconf 84' lang='lat' dir='ltr'>et</span> <span class='ocrx_word' id='word_1_432' title='bbox 1120 1716 1245 1797; x_wconf 72' lang='lat' dir='ltr'>accolyti</span> <span class='ocrx_word' id='word_1_433' title='bbox 1266 1718 1455 1798; x_wconf 86' lang='lat' dir='ltr'>superpelicia</span> <span class='ocrx_word' id='word_1_434' title='bbox 1477 1716 1621 1779; x_wconf 84' lang='lat' dir='ltr'>habebant</span> <span class='ocrx_word' id='word_1_435' title='bbox 1640 1736 1693 1777; x_wconf 82' lang='lat' dir='ltr'>su-</span> 
     </span>
     <span class='ocr_line' id='line_1_69' title="bbox 902 1815 1692 1899; baseline 0.005 -23"><span class='ocrx_word' id='word_1_436' title='bbox 902 1830 953 1895; x_wconf 86' lang='lat' dir='ltr'>per</span> <span class='ocrx_word' id='word_1_437' title='bbox 981 1815 1128 1890; x_wconf 81' lang='lat' dir='ltr'>rochells3</span> <span class='ocrx_word' id='word_1_438' title='bbox 1161 1820 1309 1880; x_wconf 87' lang='lat' dir='ltr'>secretarii</span> <span class='ocrx_word' id='word_1_439' title='bbox 1345 1838 1462 1899; x_wconf 92' lang='lat' dir='ltr'>quoquc</span> <span class='ocrx_word' id='word_1_440' title='bbox 1490 1833 1520 1881; x_wconf 91' lang='lat' dir='ltr'>et</span> <span class='ocrx_word' id='word_1_441' title='bbox 1557 1820 1692 1880; x_wconf 79' lang='lat' dir='ltr'>advocati</span> 
     </span>
     <span class='ocr_line' id='line_1_70' title="bbox 901 1917 1696 2001; baseline 0.001 -25"><span class='ocrx_word' id='word_1_442' title='bbox 901 1918 1039 1996; x_wconf 77' lang='lat' dir='ltr'>pluvialia</span> <span class='ocrx_word' id='word_1_443' title='bbox 1069 1917 1157 1991; x_wconf 88' lang='lat' dir='ltr'>alba,</span> <span class='ocrx_word' id='word_1_444' title='bbox 1189 1933 1281 1999; x_wconf 81' lang='lat' dir='ltr'>super·</span> <span class='ocrx_word' id='word_1_445' title='bbox 1307 1921 1448 1981; x_wconf 83' lang='lat' dir='ltr'>mantellis</span> <span class='ocrx_word' id='word_1_446' title='bbox 1475 1931 1644 2001; x_wconf 87' lang='lat' dir='ltr'>aperturam</span> <span class='ocrx_word' id='word_1_447' title='bbox 1679 1936 1696 1977; x_wconf 89' lang='lat' dir='ltr'>a</span> 
     </span>
     <span class='ocr_line' id='line_1_71' title="bbox 902 2012 1700 2100; baseline 0.001 -23"><span class='ocrx_word' id='word_1_448' title='bbox 902 2031 987 2097; x_wconf 85' lang='lat' dir='ltr'>parte</span> <span class='ocrx_word' id='word_1_449' title='bbox 1001 2019 1118 2080; x_wconf 85' lang='lat' dir='ltr'>dextera</span> <span class='ocrx_word' id='word_1_450' title='bbox 1135 2018 1286 2094; x_wconf 60' lang='lat' dir='ltr'>moenum</span> <span class='ocrx_word' id='word_1_451' title='bbox 1296 2031 1325 2081; x_wconf 89' lang='lat' dir='ltr'>et</span> <span class='ocrx_word' id='word_1_452' title='bbox 1339 2034 1438 2082; x_wconf 85' lang='lat' dir='ltr'>omnes</span> <span class='ocrx_word' id='word_1_453' title='bbox 1453 2012 1486 2081; x_wconf 88' lang='lat' dir='ltr'>hi</span> <span class='ocrx_word' id='word_1_454' title='bbox 1505 2023 1596 2100; x_wconf 89' lang='lat' dir='ltr'>equos</span> <span class='ocrx_word' id='word_1_455' title='bbox 1612 2022 1700 2098; x_wconf 88' lang='lat' dir='ltr'>equi·</span> 
     </span>
     <span class='ocr_line' id='line_1_72' title="bbox 904 2112 1627 2202; baseline 0 -23"><span class='ocrx_word' id='word_1_456' title='bbox 904 2120 1012 2192; x_wconf 89' lang='lat' dir='ltr'>tabunt,</span> <span class='ocrx_word' id='word_1_457' title='bbox 1034 2132 1063 2181; x_wconf 89' lang='lat' dir='ltr'>et</span> <span class='ocrx_word' id='word_1_458' title='bbox 1079 2121 1172 2192; x_wconf 86' lang='lat' dir='ltr'>mrrlas</span> <span class='ocrx_word' id='word_1_459' title='bbox 1194 2122 1335 2180; x_wconf 89' lang='lat' dir='ltr'>consuetis</span> <span class='ocrx_word' id='word_1_460' title='bbox 1357 2122 1481 2202; x_wconf 81' lang='lat' dir='ltr'>repertis</span> <span class='ocrx_word' id='word_1_461' title='bbox 1502 2112 1627 2182; x_wconf 80' lang='lat' dir='ltr'>ornatas.</span> 
     </span>
    </p>

    <p class='ocr_par' dir='ltr' id='par_1_11' title="bbox 902 2218 1702 2501">
     <span class='ocr_line' id='line_1_73' title="bbox 943 2218 1700 2299; baseline 0.004 -20"><span class='ocrx_word' id='word_1_462' title='bbox 943 2219 1164 2281; x_wconf 85' lang='lat' dir='ltr'>Processionem</span> <span class='ocrx_word' id='word_1_463' title='bbox 1182 2240 1253 2281; x_wconf 82' lang='lat' dir='ltr'>vero</span> <span class='ocrx_word' id='word_1_464' title='bbox 1269 2219 1460 2299; x_wconf 76' lang='lat' dir='ltr'>buJusmodia</span> <span class='ocrx_word' id='word_1_465' title='bbox 1477 2218 1593 2282; x_wconf 88' lang='lat' dir='ltr'>basilica</span> <span class='ocrx_word' id='word_1_466' title='bbox 1610 2240 1700 2299; x_wconf 87' lang='lat' dir='ltr'>prue-</span> 
     </span>
     <span class='ocr_line' id='line_1_74' title="bbox 904 2318 1702 2383; baseline 0.001 -3"><span class='ocrx_word' id='word_1_467' title='bbox 904 2320 979 2380; x_wconf 84' lang='lat' dir='ltr'>dicta</span> <span class='ocrx_word' id='word_1_468' title='bbox 995 2318 1032 2379; x_wconf 87' lang='lat' dir='ltr'>ad</span> <span class='ocrx_word' id='word_1_469' title='bbox 1044 2318 1222 2381; x_wconf 84' lang='lat' dir='ltr'>Lateranum</span> <span class='ocrx_word' id='word_1_470' title='bbox 1236 2320 1385 2382; x_wconf 79' lang='lat' dir='ltr'>ordinavit</span> <span class='ocrx_word' id='word_1_471' title='bbox 1396 2321 1555 2383; x_wconf 78' lang='lat' dir='ltr'>cardinalia</span> <span class='ocrx_word' id='word_1_472' title='bbox 1569 2321 1702 2382; x_wconf 82' lang='lat' dir='ltr'>Senensis</span> 
     </span>
     <span class='ocr_line' id='line_1_75' title="bbox 902 2409 1553 2501; baseline 0.003 -20"><span class='ocrx_word' id='word_1_473' title='bbox 902 2422 992 2482; x_wconf 57' lang='lat' dir='ltr'>‘Prior</span> <span class='ocrx_word' id='word_1_474' title='bbox 1015 2421 1179 2501; x_wconf 85' lang='lat' dir='ltr'>praedictus</span> <span class='ocrx_word' id='word_1_475' title='bbox 1201 2421 1257 2482; x_wconf 78' lang='lat' dir='ltr'>hori</span> <span class='ocrx_word' id='word_1_476' title='bbox 1280 2420 1381 2482; x_wconf 86' lang='lat' dir='ltr'>modo:</span> <span class='ocrx_word' id='word_1_477' title='bbox 1552 2409 1553 2413; x_wconf 24' lang='lat'>¹</span> 
     </span>
    </p>

    <p class='ocr_par' dir='ltr' id='par_1_12' title="bbox 905 2521 1701 3110">
     <span class='ocr_line' id='line_1_76' title="bbox 946 2521 1700 2603; baseline -0.003 -20"><span class='ocrx_word' id='word_1_478' title='bbox 946 2523 1116 2583; x_wconf 69' lang='lat' dir='ltr'>Familiares</span> <span class='ocrx_word' id='word_1_479' title='bbox 1139 2521 1351 2594; x_wconf 76' lang='lat' dir='ltr'>cardinalium,</span> <span class='ocrx_word' id='word_1_480' title='bbox 1366 2523 1578 2603; x_wconf 86' lang='lat' dir='ltr'>praelatorum,</span> <span class='ocrx_word' id='word_1_481' title='bbox 1598 2533 1626 2582; x_wconf 92' lang='lat' dir='ltr'>et</span> <span class='ocrx_word' id='word_1_482' title='bbox 1644 2539 1700 2581; x_wconf 87' lang='lat' dir='ltr'>eu·</span> 
     </span>
     <span class='ocr_line' id='line_1_77' title="bbox 907 2620 1701 2699; baseline 0.005 -17"><span class='ocrx_word' id='word_1_483' title='bbox 907 2624 1025 2683; x_wconf 90' lang='lat' dir='ltr'>rialiam</span> <span class='ocrx_word' id='word_1_484' title='bbox 1041 2639 1076 2682; x_wconf 89' lang='lat' dir='ltr'>ac</span> <span class='ocrx_word' id='word_1_485' title='bbox 1093 2622 1156 2692; x_wconf 89' lang='lat' dir='ltr'>alii,</span> <span class='ocrx_word' id='word_1_486' title='bbox 1173 2620 1222 2699; x_wconf 92' lang='lat' dir='ltr'>qui</span> <span class='ocrx_word' id='word_1_487' title='bbox 1239 2621 1377 2683; x_wconf 87' lang='lat' dir='ltr'>hreribus</span> <span class='ocrx_word' id='word_1_488' title='bbox 1389 2624 1515 2684; x_wconf 80' lang='lat' dir='ltr'>vestibns</span> <span class='ocrx_word' id='word_1_489' title='bbox 1525 2624 1701 2694; x_wconf 86' lang='lat' dir='ltr'>utebantur,</span> 
     </span>
     <span class='ocr_line' id='line_1_78' title="bbox 905 2719 1700 2804; baseline -0.004 -19"><span class='ocrx_word' id='word_1_490' title='bbox 905 2726 992 2804; x_wconf 90' lang='lat' dir='ltr'>primi</span> <span class='ocrx_word' id='word_1_491' title='bbox 1003 2719 1170 2803; x_wconf 82' lang='lat' dir='ltr'>equitabant</span> <span class='ocrx_word' id='word_1_492' title='bbox 1182 2737 1248 2783; x_wconf 89' lang='lat' dir='ltr'>oum</span> <span class='ocrx_word' id='word_1_493' title='bbox 1262 2725 1368 2783; x_wconf 84' lang='lat' dir='ltr'>ralisils</span> <span class='ocrx_word' id='word_1_494' title='bbox 1378 2725 1586 2797; x_wconf 63' lang='lat' dir='ltr'>cardinalium</span> <span class='ocrx_word' id='word_1_495' title='bbox 1601 2722 1700 2784; x_wconf 89' lang='lat' dir='ltr'>deinde</span> 
     </span>
     <span class='ocr_line' id='line_1_79' title="bbox 905 2822 1700 2902; baseline -0.001 -18"><span class='ocrx_word' id='word_1_496' title='bbox 905 2822 1090 2886; x_wconf 88' lang='lat' dir='ltr'>barbitonsor</span> <span class='ocrx_word' id='word_1_497' title='bbox 1112 2823 1207 2902; x_wconf 87' lang='lat' dir='ltr'>Papae</span> <span class='ocrx_word' id='word_1_498' title='bbox 1229 2842 1297 2884; x_wconf 88' lang='lat' dir='ltr'>cum</span> <span class='ocrx_word' id='word_1_499' title='bbox 1317 2825 1426 2885; x_wconf 77' lang='lat' dir='ltr'>ralisia</span> <span class='ocrx_word' id='word_1_500' title='bbox 1443 2826 1574 2897; x_wconf 89' lang='lat' dir='ltr'>scarlati,</span> <span class='ocrx_word' id='word_1_501' title='bbox 1591 2826 1620 2884; x_wconf 92' lang='lat' dir='ltr'>in</span> <span class='ocrx_word' id='word_1_502' title='bbox 1642 2843 1700 2902; x_wconf 91' lang='lat' dir='ltr'>qua</span> 
     </span>
     <span class='ocr_line' id='line_1_80' title="bbox 905 2925 1700 3008; baseline -0.001 -22"><span class='ocrx_word' id='word_1_503' title='bbox 905 2938 969 2986; x_wconf 90' lang='lat' dir='ltr'>erat</span> <span class='ocrx_word' id='word_1_504' title='bbox 1003 2942 1115 3006; x_wconf 81' lang='lat' dir='ltr'>eappa,</span> <span class='ocrx_word' id='word_1_505' title='bbox 1144 2925 1205 2985; x_wconf 86' lang='lat' dir='ltr'>sire</span> <span class='ocrx_word' id='word_1_506' title='bbox 1238 2927 1415 3008; x_wconf 88' lang='lat' dir='ltr'>mantellum</span> <span class='ocrx_word' id='word_1_507' title='bbox 1429 2945 1470 2986; x_wconf 88' lang='lat' dir='ltr'>ao</span> <span class='ocrx_word' id='word_1_508' title='bbox 1503 2926 1574 2986; x_wconf 86' lang='lat' dir='ltr'>aliae</span> <span class='ocrx_word' id='word_1_509' title='bbox 1611 2936 1700 2987; x_wconf 88' lang='lat' dir='ltr'>restes</span> 
     </span>
     <span class='ocr_line' id='line_1_81' title="bbox 906 3028 1085 3110; baseline 0 -22"><span class='ocrx_word' id='word_1_510' title='bbox 906 3028 1012 3107; x_wconf 87' lang='lat' dir='ltr'>Papae.</span> <span class='ocrx_word' id='word_1_511' title='bbox 1083 3105 1085 3110; x_wconf 18' lang='lat'><strong>¹</strong></span> 
     </span>
    </p>

    <p class='ocr_par' dir='ltr' id='par_1_13' title="bbox 906 3121 1772 4499">
     <span class='ocr_line' id='line_1_82' title="bbox 949 3121 1701 3208; baseline -0.008 -18"><span class='ocrx_word' id='word_1_512' title='bbox 949 3130 1055 3191; x_wconf 85' lang='lat' dir='ltr'>Sartor</span> <span class='ocrx_word' id='word_1_513' title='bbox 1074 3128 1169 3208; x_wconf 87' lang='lat' dir='ltr'>Papae</span> <span class='ocrx_word' id='word_1_514' title='bbox 1185 3146 1253 3189; x_wconf 83' lang='lat' dir='ltr'>oum</span> <span class='ocrx_word' id='word_1_515' title='bbox 1269 3129 1356 3188; x_wconf 87' lang='lat' dir='ltr'>sintlli</span> <span class='ocrx_word' id='word_1_516' title='bbox 1373 3128 1470 3188; x_wconf 87' lang='lat' dir='ltr'>rallsla</span> <span class='ocrx_word' id='word_1_517' title='bbox 1490 3128 1519 3187; x_wconf 92' lang='lat' dir='ltr'>in</span> <span class='ocrx_word' id='word_1_518' title='bbox 1539 3146 1596 3205; x_wconf 91' lang='lat' dir='ltr'>qua</span> <span class='ocrx_word' id='word_1_519' title='bbox 1614 3121 1701 3186; x_wconf 91' lang='lat' dir='ltr'>etlam</span> 
     </span>
     <span class='ocr_line' id='line_1_83' title="bbox 907 3227 1700 3309; baseline -0.006 -18"><span class='ocrx_word' id='word_1_520' title='bbox 907 3242 989 3292; x_wconf 90' lang='lat' dir='ltr'>erant</span> <span class='ocrx_word' id='word_1_521' title='bbox 1002 3231 1158 3291; x_wconf 87' lang='lat' dir='ltr'>rreeessaris</span> <span class='ocrx_word' id='word_1_522' title='bbox 1177 3248 1232 3309; x_wconf 90' lang='lat' dir='ltr'>pro</span> <span class='ocrx_word' id='word_1_523' title='bbox 1246 3227 1392 3290; x_wconf 78' lang='lat' dir='ltr'>Pontifice.</span> <span class='ocrx_word' id='word_1_524' title='bbox 1411 3261 1448 3273; x_wconf 92' lang='lat'>—·</span> <span class='ocrx_word' id='word_1_525' title='bbox 1465 3229 1635 3289; x_wconf 72' lang='lat' dir='ltr'>Familiares</span> <span class='ocrx_word' id='word_1_526' title='bbox 1651 3240 1700 3286; x_wconf 83' lang='lat' dir='ltr'>seu</span> 
     </span>
     <span class='ocr_line' id='line_1_84' title="bbox 906 3319 1772 3412; baseline -0.006 -21"><span class='ocrx_word' id='word_1_527' title='bbox 906 3333 1037 3395; x_wconf 77' lang='lat' dir='ltr'>scutiferi</span> <span class='ocrx_word' id='word_1_528' title='bbox 1060 3332 1164 3412; x_wconf 89' lang='lat' dir='ltr'>Papae.</span> <span class='ocrx_word' id='word_1_529' title='bbox 1184 3362 1220 3376; x_wconf 82' lang='lat'>—-</span> <span class='ocrx_word' id='word_1_530' title='bbox 1237 3329 1356 3391; x_wconf 83' lang='lat' dir='ltr'>&#39;Nobiles</span> <span class='ocrx_word' id='word_1_531' title='bbox 1377 3331 1492 3391; x_wconf 72' lang='lat' dir='ltr'>stortae.</span> <span class='ocrx_word' id='word_1_532' title='bbox 1518 3363 1555 3376; x_wconf 83' lang='grc'>-</span> <span class='ocrx_word' id='word_1_533' title='bbox 1578 3319 1700 3406; x_wconf 80' lang='lat' dir='ltr'>Nepotes</span> <span class='ocrx_word' id='word_1_534' title='bbox 1770 3321 1772 3323; x_wconf 64' lang='grc'><strong>’</strong></span> 
     </span>
     <span class='ocr_line' id='line_1_85' title="bbox 907 3429 1704 3511; baseline -0.004 -19"><span class='ocrx_word' id='word_1_535' title='bbox 907 3444 936 3492; x_wconf 90' lang='lat' dir='ltr'>et</span> <span class='ocrx_word' id='word_1_536' title='bbox 966 3432 1063 3492; x_wconf 85' lang='lat' dir='ltr'>affines</span> <span class='ocrx_word' id='word_1_537' title='bbox 1085 3430 1291 3491; x_wconf 78' lang='lat' dir='ltr'>cardinalium.</span> <span class='ocrx_word' id='word_1_538' title='bbox 1318 3464 1354 3475; x_wconf 91' lang='lat'>-</span> <span class='ocrx_word' id='word_1_539' title='bbox 1382 3429 1469 3490; x_wconf 80' lang='lat' dir='ltr'>Scala</span> <span class='ocrx_word' id='word_1_540' title='bbox 1492 3429 1588 3511; x_wconf 89' lang='lat' dir='ltr'>Papae</span> <span class='ocrx_word' id='word_1_541' title='bbox 1608 3443 1704 3508; x_wconf 88' lang='lat' dir='ltr'>panno</span> 
     </span>
     <span class='ocr_line' id='line_1_86' title="bbox 907 3528 1701 3610; baseline -0.001 -19"><span class='ocrx_word' id='word_1_542' title='bbox 907 3543 1027 3592; x_wconf 87' lang='lat' dir='ltr'>rosaceo</span> <span class='ocrx_word' id='word_1_543' title='bbox 1050 3540 1185 3610; x_wconf 88' lang='lat' dir='ltr'>cooperta</span> <span class='ocrx_word' id='word_1_544' title='bbox 1206 3548 1294 3610; x_wconf 88' lang='lat' dir='ltr'>super</span> <span class='ocrx_word' id='word_1_545' title='bbox 1306 3549 1392 3608; x_wconf 90' lang='lat' dir='ltr'>equo</span> <span class='ocrx_word' id='word_1_546' title='bbox 1406 3528 1482 3602; x_wconf 86' lang='lat' dir='ltr'>albo,</span> <span class='ocrx_word' id='word_1_547' title='bbox 1498 3531 1583 3591; x_wconf 90' lang='lat' dir='ltr'>simili</span> <span class='ocrx_word' id='word_1_548' title='bbox 1605 3546 1701 3610; x_wconf 91' lang='lat' dir='ltr'>panno</span> 
     </span>
     <span class='ocr_line' id='line_1_87' title="bbox 908 3620 1701 3713; baseline -0.001 -21"><span class='ocrx_word' id='word_1_549' title='bbox 908 3641 1064 3713; x_wconf 88' lang='lat' dir='ltr'>cooperto,</span> <span class='ocrx_word' id='word_1_550' title='bbox 1086 3622 1181 3710; x_wconf 88' lang='lat' dir='ltr'>quern</span> <span class='ocrx_word' id='word_1_551' title='bbox 1203 3620 1298 3691; x_wconf 86' lang='lat' dir='ltr'>duxit</span> <span class='ocrx_word' id='word_1_552' title='bbox 1313 3649 1387 3692; x_wconf 86' lang='lat' dir='ltr'>unus</span> <span class='ocrx_word' id='word_1_553' title='bbox 1415 3633 1563 3693; x_wconf 80' lang='lat' dir='ltr'>familiaris</span> <span class='ocrx_word' id='word_1_554' title='bbox 1585 3630 1701 3710; x_wconf 89' lang='lat' dir='ltr'>Papae,</span> 
     </span>
     <span class='ocr_line' id='line_1_88' title="bbox 909 3724 1701 3805; baseline -0.003 -14"><span class='ocrx_word' id='word_1_555' title='bbox 909 3745 987 3795; x_wconf 86' lang='lat' dir='ltr'>reste</span> <span class='ocrx_word' id='word_1_556' title='bbox 1009 3749 1126 3793; x_wconf 84' lang='lat' dir='ltr'>rosaceo</span> <span class='ocrx_word' id='word_1_557' title='bbox 1148 3732 1276 3805; x_wconf 84' lang='lat' dir='ltr'>indutus,</span> <span class='ocrx_word' id='word_1_558' title='bbox 1298 3724 1580 3794; x_wconf 70' lang='lat' dir='ltr'>ascutum‘rutscam</span> <span class='ocrx_word' id='word_1_559' title='bbox 1602 3734 1629 3790; x_wconf 93' lang='lat' dir='ltr'>in</span> <span class='ocrx_word' id='word_1_560' title='bbox 1645 3731 1701 3790; x_wconf 85' lang='lat' dir='ltr'>alla</span> 
     </span>
     <span class='ocr_line' id='line_1_89' title="bbox 909 3830 1702 3895; baseline -0.004 0"><span class='ocrx_word' id='word_1_561' title='bbox 909 3830 996 3895; x_wconf 80' lang='lat' dir='ltr'>manu</span> <span class='ocrx_word' id='word_1_562' title='bbox 1019 3845 1125 3894; x_wconf 90' lang='lat' dir='ltr'>tenens.</span> <span class='ocrx_word' id='word_1_563' title='bbox 1149 3866 1188 3878; x_wconf 90' lang='lat'>—</span> <span class='ocrx_word' id='word_1_564' title='bbox 1216 3832 1375 3894; x_wconf 82' lang='lat' dir='ltr'>Duodecim</span> <span class='ocrx_word' id='word_1_565' title='bbox 1398 3852 1533 3895; x_wconf 79' lang='lat' dir='ltr'>cursores</span> <span class='ocrx_word' id='word_1_566' title='bbox 1554 3851 1620 3892; x_wconf 86' lang='lat' dir='ltr'>cunr</span> <span class='ocrx_word' id='word_1_567' title='bbox 1642 3847 1702 3893; x_wconf 66' lang='grc' dir='ltr'><strong>χιι.</strong></span> 
     </span>
     <span class='ocr_line' id='line_1_90' title="bbox 909 3931 1703 4007; baseline -0.005 -13"><span class='ocrx_word' id='word_1_568' title='bbox 909 3938 1019 3997; x_wconf 79' lang='lat' dir='ltr'>vexillis</span> <span class='ocrx_word' id='word_1_569' title='bbox 1041 3933 1238 4007; x_wconf 87' lang='lat' dir='ltr'>rubeis,·bitti</span> <span class='ocrx_word' id='word_1_570' title='bbox 1260 3945 1291 3994; x_wconf 89' lang='lat' dir='ltr'>et</span> <span class='ocrx_word' id='word_1_571' title='bbox 1314 3933 1394 4005; x_wconf 90' lang='lat' dir='ltr'>bini,</span> <span class='ocrx_word' id='word_1_572' title='bbox 1424 3931 1551 3993; x_wconf 86' lang='lat' dir='ltr'>vestibus</span> <span class='ocrx_word' id='word_1_573' title='bbox 1578 3932 1703 3992; x_wconf 82' lang='lat' dir='ltr'>rosaceis</span> 
     </span>
     <span class='ocr_line' id='line_1_91' title="bbox 906 4031 1703 4114; baseline -0.003 -22"><span class='ocrx_word' id='word_1_574' title='bbox 906 4035 1014 4109; x_wconf 87' lang='lat' dir='ltr'>induti,</span> <span class='ocrx_word' id='word_1_575' title='bbox 1031 4046 1190 4114; x_wconf 84' lang='lat' dir='ltr'>equestres,</span> <span class='ocrx_word' id='word_1_576' title='bbox 1203 4033 1226 4092; x_wconf 90' lang='lat' dir='ltr'>si</span> <span class='ocrx_word' id='word_1_577' title='bbox 1248 4045 1327 4096; x_wconf 89' lang='lat' dir='ltr'>recte</span> <span class='ocrx_word' id='word_1_578' title='bbox 1349 4033 1476 4094; x_wconf 89' lang='lat' dir='ltr'>memini.</span> <span class='ocrx_word' id='word_1_579' title='bbox 1491 4064 1526 4077; x_wconf 87' lang='lat'>-—</span> <span class='ocrx_word' id='word_1_580' title='bbox 1538 4031 1703 4092; x_wconf 83' lang='lat' dir='ltr'>&#39;Presdecim</span> 
     </span>
     <span class='ocr_line' id='line_1_92' title="bbox 906 4132 1699 4213; baseline -0.001 -18"><span class='ocrx_word' id='word_1_581' title='bbox 906 4137 1066 4199; x_wconf 83' lang='lat' dir='ltr'>lamii-iares</span> <span class='ocrx_word' id='word_1_582' title='bbox 1089 4136 1164 4195; x_wconf 88' lang='lat' dir='ltr'>male</span> <span class='ocrx_word' id='word_1_583' title='bbox 1191 4135 1301 4204; x_wconf 86' lang='lat' dir='ltr'>restiti,</span> <span class='ocrx_word' id='word_1_584' title='bbox 1324 4133 1469 4213; x_wconf 86' lang='lat' dir='ltr'>pedestres</span> <span class='ocrx_word' id='word_1_585' title='bbox 1489 4132 1612 4193; x_wconf 78' lang='lat' dir='ltr'>terentes</span> <span class='ocrx_word' id='word_1_586' title='bbox 1632 4149 1699 4194; x_wconf 73' lang='grc' dir='ltr'><strong>χιιι.</strong></span> 
     </span>
     <span class='ocr_line' id='line_1_93' title="bbox 910 4233 1702 4313; baseline -0.008 -15"><span class='ocrx_word' id='word_1_587' title='bbox 910 4240 1012 4299; x_wconf 81' lang='lat' dir='ltr'>vexilla</span> <span class='ocrx_word' id='word_1_588' title='bbox 1023 4254 1185 4297; x_wconf 89' lang='lat' dir='ltr'>armorum.</span> <span class='ocrx_word' id='word_1_589' title='bbox 1199 4268 1228 4276; x_wconf 93' lang='lat'>—</span> <span class='ocrx_word' id='word_1_590' title='bbox 1238 4233 1385 4313; x_wconf 84' lang='lat' dir='ltr'>Capitonei</span> <span class='ocrx_word' id='word_1_591' title='bbox 1403 4233 1566 4311; x_wconf 68' lang='lat' dir='ltr'>regionum,</span> <span class='ocrx_word' id='word_1_592' title='bbox 1580 4233 1702 4312; x_wconf 85' lang='lat' dir='ltr'>qni,per</span> 
     </span>
     <span class='ocr_line' id='line_1_94' title="bbox 907 4329 1703 4418; baseline -0.009 -20"><span class='ocrx_word' id='word_1_593' title='bbox 907 4359 938 4398; x_wconf 90' lang='lat' dir='ltr'>se</span> <span class='ocrx_word' id='word_1_594' title='bbox 960 4343 1035 4418; x_wconf 89' lang='lat' dir='ltr'>ipsos</span> <span class='ocrx_word' id='word_1_595' title='bbox 1057 4336 1127 4397; x_wconf 90' lang='lat' dir='ltr'>bene</span> <span class='ocrx_word' id='word_1_596' title='bbox 1155 4345 1291 4405; x_wconf 89' lang='lat' dir='ltr'>ornatos,</span> <span class='ocrx_word' id='word_1_597' title='bbox 1316 4344 1482 4413; x_wconf 87' lang='lat' dir='ltr'>equestres,</span> <span class='ocrx_word' id='word_1_598' title='bbox 1505 4329 1577 4393; x_wconf 90' lang='lat' dir='ltr'>haec</span> <span class='ocrx_word' id='word_1_599' title='bbox 1602 4333 1703 4391; x_wconf 83' lang='lat' dir='ltr'>rexilla</span> 
     </span>
     <span class='ocr_line' id='line_1_95' title="bbox 908 4435 1535 4499; baseline -0.002 -3"><span class='ocrx_word' id='word_1_600' title='bbox 908 4438 1058 4499; x_wconf 86' lang='lat' dir='ltr'>honestius</span> <span class='ocrx_word' id='word_1_601' title='bbox 1077 4435 1253 4495; x_wconf 88' lang='lat' dir='ltr'>detulissent.</span> <span class='ocrx_word' id='word_1_602' title='bbox 1533 4445 1535 4447; x_wconf 77' lang='grc'><strong><em>’</em></strong></span> 
     </span>
    </p>

    <p class='ocr_par' dir='ltr' id='par_1_14' title="bbox 906 4531 1706 4812">
     <span class='ocr_line' id='line_1_96' title="bbox 950 4531 1705 4606; baseline -0.009 -7"><span class='ocrx_word' id='word_1_603' title='bbox 950 4540 1016 4600; x_wconf 86' lang='lat' dir='ltr'>Duo</span> <span class='ocrx_word' id='word_1_604' title='bbox 1037 4538 1086 4597; x_wconf 88' lang='lat' dir='ltr'>alii</span> <span class='ocrx_word' id='word_1_605' title='bbox 1108 4554 1268 4606; x_wconf 89' lang='lat' dir='ltr'>cursores,</span> <span class='ocrx_word' id='word_1_606' title='bbox 1290 4533 1416 4595; x_wconf 86' lang='lat' dir='ltr'>restibus</span> <span class='ocrx_word' id='word_1_607' title='bbox 1442 4533 1570 4594; x_wconf 89' lang='lat' dir='ltr'>rosacels</span> <span class='ocrx_word' id='word_1_608' title='bbox 1592 4531 1705 4605; x_wconf 86' lang='lat' dir='ltr'>indoti,</span> 
     </span>
     <span class='ocr_line' id='line_1_97' title="bbox 906 4630 1706 4719; baseline -0.014 -18"><span class='ocrx_word' id='word_1_609' title='bbox 906 4651 1077 4719; x_wconf 85' lang='lat' dir='ltr'>equestres,</span> <span class='ocrx_word' id='word_1_610' title='bbox 1100 4654 1168 4695; x_wconf 89' lang='lat' dir='ltr'>cum</span> <span class='ocrx_word' id='word_1_611' title='bbox 1191 4633 1304 4694; x_wconf 91' lang='lat' dir='ltr'>dnobus</span> <span class='ocrx_word' id='word_1_612' title='bbox 1333 4634 1445 4694; x_wconf 75' lang='lat' dir='ltr'>vexillis</span> <span class='ocrx_word' id='word_1_613' title='bbox 1474 4632 1574 4693; x_wconf 87' lang='lat' dir='ltr'>rubeis</span> <span class='ocrx_word' id='word_1_614' title='bbox 1603 4630 1706 4712; x_wconf 89' lang='lat' dir='ltr'>primis</span> 
     </span>
     <span class='ocr_line' id='line_1_98' title="bbox 909 4730 1703 4812; baseline -0.008 -15"><span class='ocrx_word' id='word_1_615' title='bbox 909 4739 943 4801; x_wconf 90' lang='lat' dir='ltr'>de</span> <span class='ocrx_word' id='word_1_616' title='bbox 964 4755 1023 4800; x_wconf 79' lang='lat' dir='ltr'>stat.</span> <span class='ocrx_word' id='word_1_617' title='bbox 1045 4732 1217 4812; x_wconf 87' lang='lat' dir='ltr'>majoribus,</span> <span class='ocrx_word' id='word_1_618' title='bbox 1234 4733 1263 4792; x_wconf 90' lang='lat' dir='ltr'>in</span> <span class='ocrx_word' id='word_1_619' title='bbox 1287 4734 1391 4812; x_wconf 87' lang='lat' dir='ltr'>quibos</span> <span class='ocrx_word' id='word_1_620' title='bbox 1413 4732 1518 4812; x_wconf 85' lang='lat' dir='ltr'>depicti</span> <span class='ocrx_word' id='word_1_621' title='bbox 1540 4742 1623 4792; x_wconf 90' lang='lat' dir='ltr'>crant</span> <span class='ocrx_word' id='word_1_622' title='bbox 1644 4730 1703 4791; x_wconf 92' lang='lat' dir='ltr'>duo</span> 
     </span>
    </p>
   </div>
   <div class='ocr_carea' id='block_1_9' title="bbox 870 4834 1489 4921">
    <p class='ocr_par' dir='ltr' id='par_1_15' title="bbox 870 4834 1489 4921">
     <span class='ocr_line' id='line_1_99' title="bbox 870 4834 1489 4921; baseline -0.016 -21"><span class='ocrx_word' id='word_1_623' title='bbox 870 4864 871 4867; x_wconf 42' lang='lat'>¹</span> <span class='ocrx_word' id='word_1_624' title='bbox 909 4837 1050 4921; x_wconf 88' lang='lat' dir='ltr'>Spiritelli</span> <span class='ocrx_word' id='word_1_625' title='bbox 1073 4854 1146 4915; x_wconf 91' lang='lat' dir='ltr'>quos</span> <span class='ocrx_word' id='word_1_626' title='bbox 1169 4834 1352 4895; x_wconf 77' lang='lat' dir='ltr'>cherubinos</span> <span class='ocrx_word' id='word_1_627' title='bbox 1375 4844 1489 4892; x_wconf 86' lang='lat' dir='ltr'>vocant.</span> 
     </span>
    </p>
   </div>
   <div class='ocr_carea' id='block_1_10' title="bbox 908 4905 1706 5413">
    <p class='ocr_par' dir='ltr' id='par_1_16' title="bbox 908 4905 1706 5413">
     <span class='ocr_line' id='line_1_100' title="bbox 952 4905 1706 5007; baseline -0.02 -4"><span class='ocrx_word' id='word_1_628' title='bbox 952 4938 1070 5003; x_wconf 84' lang='lat' dir='ltr'>Gabriel</span> <span class='ocrx_word' id='word_1_629' title='bbox 1101 4935 1135 4996; x_wconf 92' lang='lat' dir='ltr'>de</span> <span class='ocrx_word' id='word_1_630' title='bbox 1163 4934 1308 4996; x_wconf 83' lang='lat' dir='ltr'>Cesarinis</span> <span class='ocrx_word' id='word_1_631' title='bbox 1322 4978 1331 5007; x_wconf 92' lang='lat'>,</span> <span class='ocrx_word' id='word_1_632' title='bbox 1352 4931 1569 4995; x_wconf 87' lang='lat' dir='ltr'>Conlalonerios</span> <span class='ocrx_word' id='word_1_633' title='bbox 1600 4905 1706 4999; x_wconf 67' lang='lat' dir='ltr'>Uibis,</span> 
     </span>
     <span class='ocr_line' id='line_1_101' title="bbox 909 5032 1705 5106; baseline -0.01 -8"><span class='ocrx_word' id='word_1_634' title='bbox 909 5050 990 5100; x_wconf 93' lang='lat' dir='ltr'>totus</span> <span class='ocrx_word' id='word_1_635' title='bbox 1010 5039 1041 5097; x_wconf 89' lang='lat' dir='ltr'>in</span> <span class='ocrx_word' id='word_1_636' title='bbox 1061 5037 1151 5096; x_wconf 88' lang='lat' dir='ltr'>armis</span> <span class='ocrx_word' id='word_1_637' title='bbox 1172 5034 1257 5106; x_wconf 88' lang='lat' dir='ltr'>albis,</span> <span class='ocrx_word' id='word_1_638' title='bbox 1276 5051 1344 5095; x_wconf 87' lang='lat' dir='ltr'>cum</span> <span class='ocrx_word' id='word_1_639' title='bbox 1365 5032 1546 5103; x_wconf 90' lang='lat' dir='ltr'>mantellino,</span> <span class='ocrx_word' id='word_1_640' title='bbox 1571 5032 1631 5092; x_wconf 89' lang='lat' dir='ltr'>sire</span> <span class='ocrx_word' id='word_1_641' title='bbox 1651 5049 1705 5092; x_wconf 85' lang='lat' dir='ltr'>su·</span> 
     </span>
     <span class='ocr_line' id='line_1_102' title="bbox 908 5132 1700 5220; baseline -0.011 -20"><span class='ocrx_word' id='word_1_642' title='bbox 908 5150 1042 5220; x_wconf 89' lang='lat' dir='ltr'>praveste</span> <span class='ocrx_word' id='word_1_643' title='bbox 1075 5136 1109 5198; x_wconf 91' lang='lat' dir='ltr'>de</span> <span class='ocrx_word' id='word_1_644' title='bbox 1140 5135 1237 5196; x_wconf 82' lang='lat' dir='ltr'>talletri</span> <span class='ocrx_word' id='word_1_645' title='bbox 1265 5134 1378 5207; x_wconf 89' lang='lat' dir='ltr'>rubeo,</span> <span class='ocrx_word' id='word_1_646' title='bbox 1405 5151 1515 5212; x_wconf 91' lang='lat' dir='ltr'>equum</span> <span class='ocrx_word' id='word_1_647' title='bbox 1547 5132 1700 5220; x_wconf 88' lang='lat' dir='ltr'>bardatum</span> 
     </span>
     <span class='ocr_line' id='line_1_103' title="bbox 908 5221 1703 5319; baseline -0.009 -18"><span class='ocrx_word' id='word_1_648' title='bbox 908 5243 1040 5319; x_wconf 89' lang='lat' dir='ltr'>equitans</span> <span class='ocrx_word' id='word_1_649' title='bbox 1062 5235 1156 5317; x_wconf 89' lang='lat' dir='ltr'>simili</span> <span class='ocrx_word' id='word_1_650' title='bbox 1175 5248 1253 5298; x_wconf 90' lang='lat' dir='ltr'>reste</span> <span class='ocrx_word' id='word_1_651' title='bbox 1274 5233 1402 5296; x_wconf 90' lang='lat' dir='ltr'>totaliter</span> <span class='ocrx_word' id='word_1_652' title='bbox 1433 5243 1614 5313; x_wconf 88' lang='lat' dir='ltr'>coopertum,</span> <span class='ocrx_word' id='word_1_653' title='bbox 1633 5221 1703 5294; x_wconf 87' lang='lat' dir='ltr'>bine</span> 
     </span>
     <span class='ocr_line' id='line_1_104' title="bbox 911 5332 1702 5413; baseline -0.005 -12"><span class='ocrx_word' id='word_1_654' title='bbox 911 5332 973 5401; x_wconf 81' lang='lat' dir='ltr'>inde</span> <span class='ocrx_word' id='word_1_655' title='bbox 993 5341 1090 5401; x_wconf 90' lang='lat' dir='ltr'>literas</span> <span class='ocrx_word' id='word_1_656' title='bbox 1112 5339 1218 5400; x_wconf 90' lang='lat' dir='ltr'>habens</span> <span class='ocrx_word' id='word_1_657' title='bbox 1239 5339 1268 5396; x_wconf 75' lang='lat' dir='ltr'>S.</span> <span class='ocrx_word' id='word_1_658' title='bbox 1292 5335 1325 5396; x_wconf 90' lang='lat' dir='ltr'>P.</span> <span class='ocrx_word' id='word_1_659' title='bbox 1347 5334 1382 5404; x_wconf 83' lang='grc'>0,</span> <span class='ocrx_word' id='word_1_660' title='bbox 1405 5334 1441 5396; x_wconf 83' lang='lat' dir='ltr'>R.</span> <span class='ocrx_word' id='word_1_661' title='bbox 1465 5345 1584 5413; x_wconf 88' lang='lat' dir='ltr'>portans</span> <span class='ocrx_word' id='word_1_662' title='bbox 1607 5335 1702 5397; x_wconf 78' lang='lat' dir='ltr'>resil-</span> 
     </span>
    </p>
   </div>
   <div class='ocr_carea' id='block_1_11' title="bbox 0 0 1907 6030">
    <p class='ocr_par' dir='ltr' id='par_1_17' title="bbox 0 0 1907 6030">
     <span class='ocr_line' id='line_1_105' title="bbox 0 0 1907 6030; baseline 0 0"><span class='ocrx_word' id='word_1_663' title='bbox 0 0 1907 6030; x_wconf 95' lang='lat' dir='ltr'> </span> 
     </span>
    </p>
   </div>
  </div>
 </body>
</html>
