3780 6030
34 269 148 355 (rest)

34 406 141 485 majori
156 407 185 467 in
206 405 320 466 casibus
335 400 476 465 consuetis
494 413 624 480 tempore
638 409 753 460 sanctae
767 413 831 456 me·

33 509 146 569 moriae
166 523 348 567 summorum
372 502 562 575 Pontificum,
582 501 691 562 Nicolai
712 497 831 571 Quinti,
855 580 856 583 Ἴ

33 620 60 668 et
78 608 186 669 Calixti
208 605 312 679 Tertii,
332 623 366 665 ac
388 604 443 677 Pii,
462 603 557 675 Pauli,
576 611 604 664 el
619 600 692 663 Sinti
708 600 831 680 praede·

32 725 183 768 remoram
211 723 343 767 meorum
361 704 588 784 praedictorum.

72 807 246 878 Praeterea,
266 822 335 865 curn
358 806 553 885 periculosum
570 805 616 876 sit,
638 802 716 881 quod
739 801 756 861 ii
779 804 832 880 qui

32 926 157 967 summo·
176 904 307 966 Pontifici
327 905 355 963 in
380 907 547 966 executione
572 905 725 984 pastoralis
745 903 830 964 offleii

32 1007 204 1084 trequenter
222 1007 366 1079 assistant,
381 1004 479 1082 aliqao
497 1021 564 1064 casa
584 998 830 1064 excomunicatio-

31 1108 85 1175 nis‚
105 1104 262 1178 interdicti,
278 1104 323 1164 vel
338 1105 529 1182 suspensionis
543 1104 712 1165 sententiam
727 1102 829 1162 incur-

32 1217 112 1278 rant,
128 1215 236 1276 statuo,
248 1202 372 1265 decerno
386 1214 416 1262 et
434 1204 552 1265 declara
570 1204 648 1283 quod
663 1203 830 1265 Cardiaales

31 1303 168 1384 praelati,
181 1306 233 1364 etsi
256 1303 403 1382 contingat
420 1322 468 1365 eos
483 1304 629 1382 aliquibus
644 1305 830 1366 constitutio-³

31 1403 127 1475 nibus,
147 1401 392 1474 ordinationibus,
407 1403 562 1476 sententiis,
582 1405 755 1484 praeceptis,
775 1417 828 1467 aut

30 1503 188 1575 mandatis,
205 1514 306 1580 quaea
322 1503 589 1583 praedecessoribus
603 1505 674 1566 meis
690 1505 829 1566 bactenus

28 1613 221 1675 emanassent,
240 1614 324 1663 nuta
346 1621 392 1664 me
410 1602 438 1662 in
463 1602 598 1665 latarum
614 1617 782 1668 emanarent
800 1607 828 1666 in

27 1722 150 1782 genere,
165 1705 210 1765 vel
227 1705 255 1763 in
271 1704 377 1782 specie,
391 1707 420 1781 iu
433 1703 537 1782 quibas
548 1705 634 1766 etiam
650 1704 686 1764 de
697 1704 827 1785 ipsorum

26 1803 230 1865 Cardinalium
246 1804 523 1883 persaaisexpressa
544 1804 652 1866 mentio
667 1803 760 1879 lieret,
780 1806 828 1866 di·

26 1914 121 1976 recle,
148 1905 196 1964 rel
225 1902 373 1976 indirecte,
393 1905 478 1965 tacite
504 1907 713 1986 relexpresse,
731 1908 828 1986 palam

26 2005 72 2064 vel
86 2002 221 2074 occulte,
232 2002 266 2063 de
277 2014 373 2065 cetero
388 2005 601 2081 quomodolibet
616 2010 828 2085 contravenire,

24 2119 179 2175 censuras,
190 2112 218 2161 et
234 2117 338 2180 poenas
349 2104 567 2181 ecclesiasticas,
582 2119 634 2168 sat
648 2108 704 2168 alia
717 2112 745 2169 in
759 2113 827 2173 talia

25 2203 167 2263 iacientes
184 2201 212 2261 ia
227 2201 332 2263 eisdem
348 2206 608 2280 constitutionibus,
620 2219 650 2270 et
666 2210 828 2274 ordinatia-

26 2302 127 2375 nibus,
150 2303 307 2375 sententiis,
333 2306 502 2384 praeceptis,
522 2320 552 2368 et
573 2308 712 2371 mandatis
730 2313 827 2374 forsan

26 2400 189 2462 fulminatis
213 2402 299 2462 etiarn
323 2423 374 2482 per
404 2406 510 2480 literas,
536 2427 612 2487 qaae
638 2410 780 2490 Quotus
798 2416 827 2477 in

29 2500 139 2562 Coena
154 2500 297 2575 Domini,
312 2503 428 2566 minime
444 2506 607 2582 incurrant,
619 2510 670 2570 nisi
682 2512 788 2586 solam,
799 2527 828 2577 et

26 2601 179 2660 duanaxat
201 2601 229 2660 in
256 2602 359 2679 quibus
380 2623 435 2683 pro
460 2605 629 2684 hujusmodi
649 2623 827 2676 contraven-

27 2702 105 2762 tione
128 2711 158 2762 et
178 2719 213 2763 ex
234 2703 332 2779 aliqua
350 2705 548 2768 constitutione
564 2709 593 2768 iu
615 2728 739 2790 carpore
750 2710 827 2790 juris

29 2803 131 2862 clausa
153 2813 319 2877 constaret,
346 2807 423 2883 qaod
451 2808 513 2868 talis
540 2828 631 2888 poena
657 2813 685 2870 in
710 2812 825 2876 easdem

31 2901 203 2964 Cardiuales
218 2904 379 2983 specialiter
391 2907 427 2965 sit
438 2906 558 2983 indicta,
573 2921 601 2971 et
616 2929 672 2972 naa
684 2914 763 2988 alias,
774 2933 827 2978 nec

33 3003 90 3064 alio
112 3003 215 3064 modo:
237 3014 266 3065 et
288 3022 344 3064 non
368 3005 527 3069 fulminabo
553 3011 665 3088 aliquas
680 3031 827 3075 <censuras

31 3102 172 3175 aduersus
193 3105 336 3181 aliquem,
363 3107 408 3168 vel
429 3108 541 3185 aliquos
562 3109 752 3188 cardinales,
773 3118 826 3177 nisi

34 3203 68 3265 de
83 3222 223 3264 consensu
238 3204 364 3264 duarum
382 3208 508 3285 partium
524 3213 704 3293 eorumdem,
715 3227 743 3276 et
758 3226 832 3278 tunc·

31 3314 142 3364 tantum
163 3305 190 3364 in
205 3304 317 3364 casibus
336 3311 479 3386 expressis
497 3310 525 3368 in
540 3308 610 3387 jure
634 3310 689 3395 (i).

71 3404 155 3477 ltem,
174 3422 241 3464 earn
258 3401 337 3481 juri,
359 3418 388 3467 et
408 3412 546 3487 aequitati
568 3417 728 3487 contremet,
748 3416 826 3495 quod

32 3505 92 3564 illis
109 3503 161 3581 qai
181 3503 216 3563 lt.
230 3503 375 3566 Ecclesiae
386 3507 414 3567 in
426 3509 485 3568 suis
496 3514 708 3573 necessitatibus
723 3534 825 3594 prom·

34 3617 79 3684 pta
102 3607 252 3667 voluntate
268 3605 475 3681 subvenerunt,
493 3609 528 3671 de
543 3610 669 3690 ejusdem
681 3613 826 3677 Ecclesiae

29 3706 216 3767 facultatibus
241 3705 335 3767 debita
354 3709 493 3771 satissalio
512 3712 705 3792 impendatur,
723 3734 826 3791 varen,

27 3802 108 3880 juro,
131 3818 160 3867 et
179 3808 419 3886 promitta,.quod
437 3809 511 3871 solui
531 3814 635 3874 laciam
652 3816 781 3889 realiter,
796 3829 826 3879 et

30 3924 95 3964 curn
118 3907 223 3967 ellectu
246 3906 364 3968 cullibet
379 3926 414 3969 ex
433 3909 644 3974 cardinalibus
658 3928 715 3977 tam
738 3935 826 3995 prae·

30 4006 168 4078 sentibus,
183 4024 270 4085 quatu
282 4009 369 4069 etium
385 4008 524 4074 defunctis
535 4034 619 4089 outae
631 4016 671 4090 id,
682 4029 709 4080 et
722 4031 826 4094 totum,

33 4105 127 4184 inquo
140 4118 264 4179 constat,
278 4120 305 4188 et
321 4121 452 4173 comtsre
464 4115 570 4192 poterit
584 4118 614 4176 in
629 4117 763 4180 laturam
776 4139 826 4182 eas

33 4226 89 4267 ease
105 4205 268 4267 creditores
283 4196 332 4269 tel
348 4228 407 4272 rec.
422 4211 495 4274 Sixli
510 4215 605 4298 Papae
616 4217 728 4287 Quarti·
738 4240 826 4300 prae-

33 4305 195 4369 decessoris
211 4311 277 4381 mei,
288 4328 337 4371 sea
350 4313 530 4392 apostolicae
545 4317 682 4384 Camenae
693 4333 721 4383 et
732 4322 826 4398 Sedis,

35 4426 221 4487 quacumque
244 4412 375 4486 ratione,
397 4417 442 4476 vel
465 4435 569 4492 causa,
588 4432 617 4481 et
631 4421 697 4482 illos
715 4443 749 4484 ex
768 4425 825 4501 eis,

36 4510 139 4586 quibus
154 4528 211 4588 pro
225 4529 328 4573 eorum
345 4515 472 4591 creditis,
487 4519 525 4577 ab
539 4520 638 4587 eadem
651 4524 824 4603 praedeces·

34 4627 94 4671 sore
122 4625 200 4678 meo,
221 4611 286 4673 laco
301 4613 429 4694 pignoris
450 4617 554 4680 tradita
576 4622 714 4684 bactenas
732 4625 825 4687 tarent

33 4720 55 4769 et
74 4727 224 4782 concessa,
241 4723 348 4787 castra,
362 4717 508 4792 civitates,
525 4732 554 4782 et
570 4724 648 4798 loca,
665 4727 765 4787 iocalia
782 4725 824 4813 (i)

34 4811 116 4888 aliaq.
138 4810 175 4869 ll,
196 4810 357 4889 Ecclesiae,
386 4829 436 4879 aut
462 4840 516 4899 pro
543 4828 759 4905 recuperatione
785 4826 842 4891 eis

35 4909 142 4971 debitae
164 4916 347 4988 quantitatis,
369 4918 458 4997 aliqui
481 4923 609 4986 redditus
629 4929 774 5007 assignati,
796 4932 824 4990 in

35 5009 197 5089 hujusmodi
220 5013 375 5094 pignorum
397 5031 425 5079 et
451 5021 727 5102 assignameatoruur
754 5049 824 5111 pos-

38 5161 822 5197 Ἣ

71 5252 106 5311 lt)
122 5249 161 5301 Da
172 5251 220 5301 bac
233 5255 317 5316 prima
334 5252 509 5312 conventione
521 5262 696 5317 cardinalium
709 5270 743 5320 ull
755 5272 824 5322 aliud

37 5325 181 5392 ingnaldus
200 5334 334 5384 recitatio
352 5337 469 5387 annalib.
487 5340 586 5391 eccles.

491 259 695 327 conculta
718 254 822 320 Post*
845 249 994 315 sixtum
1013 251 1213 322 QUARTUM.

1646 263 1686 325 at

907 389 1030 451 sessione
1052 392 1243 455 manutenebo
1263 404 1297 459 ,et
1313 397 1511 471 consecrabo,
1531 414 1696 460 concessas-

901 505 959 566 que
976 490 1015 549 eis
1033 489 1155 570 desuper
1171 493 1279 567 literas,
1295 506 1325 556 et
1338 497 1497 576 scripturas
1514 499 1691 578 approbabo,

899 600 929 649 et
944 588 1123 653 conlirmaba
1139 595 1209 655 meis
1224 596 1315 658 literis
1330 615 1399 657 cum
1415 600 1592 679 suppletione
1603 617 1692 678 qao·

900 706 1096 769 rnmcamque
1122 692 1289 769 delectatam
1309 696 1347 758 ob
1377 698 1495 759 illorum
1525 700 1690 763 uberiorem

898 789 1155 854 confirmationem.

939 891 1022 964 item,
1033 911 1101 954 cum
1117 875 1392 976 seutinpastoltase
1405 901 1565 980 plurimum
1578 904 1690 963 intersit

880 992 976 1068 ¹quad
993 991 1093 1055 literae
1102 996 1288 1073 apostolicae,
1302 1017 1376 1077 quae
1389 1001 1425 1059 ad
1441 1002 1573 1064 diversas
1591 1003 1691 1063 mandi

897 1103 993 1170 partes
1018 1091 1205 1168 deteruntur,
1227 1112 1365 1171 accurate
1389 1113 1417 1162 et
1438 1103 1589 1183 diligenter
1607 1102 1690 1180 juxta

896 1192 996 1253 stilum
1008 1193 1156 1257 Romanae
1170 1195 1276 1273 Curiae
1289 1200 1475 1279 expediantur
1499 1201 1551 1284 (et
1566 1217 1689 1284 propte·

896 1311 946 1352 rea
955 1293 991 1352 ⁴iu
1005 1293 1183 1357 cancellaria
1195 1299 1361 1378 Apostolica
1382 1314 1448 1363 sunt
1458 1303 1577 1364 dudum
1593 1305 1691 1384 plari·

896 1411 943 1452 ma
957 1395 1049 1455 allicis
1060 1395 1207 1480 instituta)
1218 1410 1246 1459 et
1261 1410 1294 1459 ut
1306 1400 1555 1483 laeli·experientia
1567 1404 1688 1465 demon·
1777 1469 1781 1473 ,

895 1504 981 1566 strat,
999 1496 1100 1558 literae
1123 1515 1205 1574 quae
1218 1500 1344 1572 aliunde,
1356 1517 1443 1580 quarn
1464 1502 1517 1584 per
1528 1505 1691 1566 r(lancella-

895 1594 971 1654 riam
986 1596 1178 1675 expediuntur
1193 1618 1250 1678 pro
1264 1602 1406 1682 tempore,
1422 1621 1558 1685 persaepe
1573 1606 1601 1666 in
1611 1608 1691 1675 stuc,
1735 1664 1736 1667 ,

898 1706 928 1754 et
942 1695 1005 1755 aliis
1018 1699 1186 1759 necmsariis
1200 1701 1254 1760 sint
1266 1701 1438 1778 defectivae,
1451 1705 1563 1767 intersit
1574 1717 1692 1784 quoque

896 1793 1026 1872 ejusdem
1042 1795 1136 1870 Sedis,
1150 1799 1229 1877 quod
1240 1801 1358 1862 illarum
1372 1805 1620 1885 sicexpeditnrum
1640 1825 1691 1867 re-

894 1894 987 1979 gistra
1005 1894 1125 1960 fideliter
1148 1899 1333 1977 adnotentur,
1345 1915 1374 1965 et
1390 1918 1599 1968 consecrentur
1620 1906 1691 1967 insi-

894 1991 955 2056 taal
968 1998 1002 2056 ia
1022 2016 1079 2060 uno
1092 1999 1250 2081 eademque
1266 2005 1341 2070 laco.
1357 2006 1415 2067 imo
1430 2007 1493 2085 pari
1508 2007 1594 2069 modo
1611 2008 1693 2082 volo,

893 2089 964 2173 juro
978 2106 1009 2157 et
1027 2099 1168 2175 promitto
1184 2118 1240 2162 nan
1255 2103 1400 2182 expedire,
1409 2115 1462 2165 aut
1474 2105 1599 2186 expediri
1620 2126 1690 2187 per·

896 2195 1011 2256 mittere
1036 2198 1108 2257 alias
1130 2200 1227 2261 literas
1248 2205 1419 2282 apostolicas
1438 2207 1574 2279 aliunde,
1602 2225 1689 2286 qaam

894 2313 947 2373 per
968 2295 1184 2360 Cancellariam'
1195 2302 1368 2380 praelatam,
1384 2317 1414 2367 et
1434 2307 1578 2369 officiales,
1590 2309 1688 2380 illius3

895 2393 986 2462 literis
1001 2396 1167 2458 officioram
1178 2401 1330 2463 civitatum
1345 2417 1374 2465 et
1393 2407 1526 2467 locorum
1541 2418 1690 2487 tempora·

874 2494 935 2554 ‘lis'
951 2495 1068 2556 dominii
1092 2498 1239 2562 Romanae
1262 2502 1407 2566 Ecclesiae
1426 2518 1454 2566 et
1477 2508 1554 2567 illius
1577 2518 1690 2588 tempa-

900 2597 1046 2658 ralitatem
1062 2602 1302 2664 concernentibus
1320 2604 1470 2667 dumtaxat
1483 2609 1622 2688 exeeptis,
1644 2609 1689 2668 ia·

895 2695 1039 2777 clamque,
1053 2711 1082 2760 et
1096 2702 1237 2764 mandabo
1252 2704 1316 2765 illas
1337 2722 1434 2768 omnes
1449 2708 1477 2767 in
1493 2709 1618 2788 registro
1635 2728 1689 2789 ge·

895 2799 988 2869 nerali
1003 2799 1402 2884 literaramapostalicarum
1416 2809 1575 2883 dumtaxat,
1586 2823 1615 2872 et
1633 2829 1689 2874 non

894 2897 962 2958 alibi
981 2900 1146 2979 registrari,
1168 2906 1222 2965 nisi
1236 2920 1329 2970 essent
1351 2910 1450 2971 literae
1464 2912 1640 2984 officiorum,
1661 2924 1690 2973 et

894 3002 1111 3079 temporalitatis
1132 3001 1216 3083 (quas
1237 3006 1265 3066 in
1284 3006 1411 3070 Camere
1427 3011 1618 3091 Apostoliea),
1639 3024 1690 3072 aut

893 3101 1010 3179 aliquod
1036 3105 1187 3182 negocium
1225 3110 1383 3171 necessario
1401 3121 1512 3172 secreto
1537 3112 1689 3173 tenendum

894 3200 1099 3284 continerent(
1119 3221 1190 3281 quas
1206 3205 1234 3266 in
1251 3225 1309 3270 uno
1325 3210 1400 3271 libra
1422 3222 1534 3273 secreta
1548 3211 1626 3291 apud
1641 3233 1691 3274 se·

894 3303 1054 3363 aretarium
1074 3304 1228 3383 registrari
1250 3309 1452 3392 permittam).
1586 3386 1590 3395 ,

935 3403 1017 3477 ltem,
1039 3421 1106 3464 cusa
1126 3423 1142 3464 a
1165 3409 1309 3468 nonnullis
1326 3424 1473 3473 asseratur
1494 3415 1634 3492 quosdam
1656 3415 1688 3474 S.

894 3500 930 3560 lt.
946 3501 982 3561 E.
998 3503 1175 3579 Cardinales,
1192 3509 1325 3571 timentes
1347 3530 1381 3573 ue
1402 3514 1550 3581 Romanus
1562 3515 1692 3577 Pontifex

892 3620 941 3663 eos
955 3603 1008 3663 sab
1020 3606 1257 3688 calarealicujus
1272 3612 1420 3691 legationis
1436 3618 1590 3696 compellat
1600 3636 1617 3676 a
1627 3616 1691 3677 Eo·

893 3721 976 3764 mana
997 3707 1079 3766 curia
1099 3709 1249 3783 secedere,
1278 3730 1495 3794 nonnumquam
1524 3717 1691 3781 abstinuisse

892 3814 920 3864 et
938 3804 1081 3870 abstinere
1103 3827 1120 3867 a
1149 3809 1238 3872 libere
1260 3817 1452 3879 consultando
1471 3818 1499 3877 in
1522 3819 1692 3881 consistorio

892 3922 924 3964 ea
944 3924 1017 3984 quae
1033 3909 1073 3969 eis
1101 3909 1248 3984 ridentur,
1278 3916 1446 3994 intersitque
1469 3917 1615 3979 Romanae
1628 3918 1690 3979 Ec·

893 4006 993 4068 clesiae
1008 4018 1037 4068 et
1052 4010 1340 4088 apostolicaesedis,
1352 4015 1690 4098 quodipsorumCardi·

893 4108 1002 4167 aalium
1016 4110 1137 4169 animus
1151 4111 1187 4171 sit
1201 4111 1231 4172 in
1248 4115 1422 4176 consulendo
1439 4117 1540 4192 liber‚‘
1551 4129 1581 4179 et
1600 4128 1691 4179 cesset

892 4204 922 4267 in
941 4209 1129 4271 consiliorum
1147 4212 1315 4285 eorumdem
1333 4215 1504 4280 exhibitione
1520 4217 1611 4281 omnis
1626 4220 1691 4279 lor·

893 4308 971 4369 mido
986 4311 1137 4388 omnisque
1155 4313 1252 4386 timor,
1276 4317 1449 4394 parimodo
1466 4339 1568 4395 roseo,
1581 4319 1652 4398 juro
1662 4333 1691 4383 et

892 4409 1030 4487 promitto
1053 4427 1110 4472 noa
1129 4411 1243 4474 mittere
1265 4415 1391 4495 aliquem
1408 4420 1590 4484 Cardinalem
1603 4424 1691 4487 ,inri-

893 4512 999 4570 tamin
1019 4512 1148 4589 aliquam
1171 4502 1354 4592 legationem,
1376 4522 1428 4580 nisi
1448 4523 1598 4584 necessitas
1619 4523 1691 4582 mit-

893 4612 969 4674 tendi
996 4633 1076 4689 vera,
1094 4627 1125 4676 et
1145 4633 1200 4676 aaa
1218 4614 1297 4690 licta,
1312 4619 1360 4681 sed
1376 4620 1524 4682 dumtaxat
1543 4623 1688 4694 volentes,

894 4725 924 4774 et
944 4733 1074 4795 expresse
1095 4718 1320 4794 consentientes,
1339 4739 1391 4784 nec
1412 4740 1462 4785 eos
1484 4723 1622 4785 indirecte
1651 4724 1688 4784 ad

894 4816 1049 4879 roleadum
1082 4827 1111 4880 et
1145 4821 1379 4882 comentiendum
1409 4843 1461 4903 per
1486 4825 1586 4902 aliqua
1615 4825 1690 4885 mala

892 4918 983 4979 media
1006 4919 1211 4997 quoquomodo
1233 4921 1378 4985 inducere.

935 5019 973 5080 Et
992 5022 1108 5101 insuper
1126 5022 1246 5100 ptnitati
1262 5025 1501 5085 conscientiarum
1516 5025 1685 5087 eorumdem

891 5121 1089 5183 Cardiaalium
1108 5126 1260 5185 consulere
1274 5125 1398 5186 roleutes
1418 5137 1505 5205 prout
1522 5137 1624 5215 optare
1639 5131 1686 5189 ri-

893 5222 1025 5300 deantur,
1037 5243 1085 5286 eos
1100 5237 1129 5286 et
1144 5225 1302 5305 quemlibet
1315 5245 1419 5288 eorum
1435 5227 1612 5305 aquibusris
1623 5231 1686 5290 eri·-

894 5329 1028 5401 minibus,
1046 5327 1226 5399 excessibus,
1240 5338 1268 5387 et
1284 5326 1394 5389 delictis
1418 5339 1689 5408 quantumcumque
