3764 6036
22 308 131 394 (raca)

68 448 156 511 Faria
181 447 281 527 quinta
292 452 304 518 ,'
322 444 458 524 vigesima
472 435 552 503 'crana
568 438 695 518 ejusdem
718 437 842 499 mensis-

26 548 146 621 rusrtii,
169 548 250 608 circe
265 545 383 606 boram
394 544 562 623 vigesimam
578 543 820 621 primamaeue-

29 659 101 709 runt
119 648 158 708 ad
180 647 290 710 Urbem
307 643 381 707 Rev.
404 645 432 704 in
451 644 569 704 cbristo
583 641 685 701 Patres
706 639 823 700 Domini

24 748 120 809 nostri
133 745 279 808 Oratores
291 744 481 807 liiustrissimi
504 743 593 823 Regis
614 741 750 827 Poianiae
769 759 823 821 pro

31 847 120 933 rebus
142 864 265 926 magnae
291 845 567 926 importantiae,.ut
586 842 768 914 asserebant,
785 839 823 900 ad

30 947 187 1030 Rempubl.
223 947 411 1008 christianam
434 943 727 1023 concernentibus...
747 988 753 1001 .
775 943 823 1001 in·

28 1048 197 1127 terrogavit
217 1053 267 1109 me'
281 1066 317 1106 an
333 1046 458 1107 familiae
476 1046 605 1123 omniurn
621 1041 821 1105 cardinalium

26 1162 54 1211 et
77 1148 132 1210 88.
157 1147 196 1219 D,
215 1147 250 1208 N.
273 1134 370 1228 Papae
391 1148 432 1207 eis
458 1146 574 1206 obviam
598 1141 754 1227 mittendae
775 1161 823 1202 es·

28 1262 114 1324 sent,
137 1252 182 1310 rei
199 1266 256 1310 non
267 1271 286 1322 3*
299 1260 329 1310 et
343 1264 411 1307 cum
432 1245 504 1309 lter.
516 1228 560 1305 D.
580 1243 612 1304 S.
631 1243 822 1307 declar-assem

28 1351 106 1429 quod
126 1367 198 1422 nou,
216 1361 244 1410 et
260 1367 351 1426 quare
367 1365 423 1407 nan
440 1338 533 1406 essent
550 1344 722 1417 mittendae,
738 1360 824 1403 corn·

32 1452 111 1513 misit
141 1449 216 1511 mibi·
249 1458 283 1509 ut
305 1447 360 1509 88.
386 1447 427 1507 DJ
448 1445 482 1507 lt.
515 1447 709 1527 supplicarem
745 1442 823 1522 qnod

30 1555 131 1615 saitem
168 1550 280 1612 duabus
314 1549 450 1630 praelatis
483 1547 646 1608 domesticis
678 1544 823 1617 Sanctitas

32 1654 92 1715 Sua
114 1654 312 1713 committeret
344 1650 459 1729 privato
480 1648 595 1708 nomine
616 1648 683 1726 ipsis
705 1644 822 1706 ebriam

31 1755 147 1827 renire3
170 1751 247 1831 quod
263 1761 359 1810 tamen
378 1749 434 1809 SS.
450 1749 485 1809 D.
509 1745 542 1807 ii.
565 1748 661 1807 iacere
680 1764 737 1807 uon
758 1746 823 1825 pla·

29 1855 98 1914 cuit.
116 1854 266 1916 Venerunt
280 1844 369 1931 igitur
387 1847 528 1931 Oratores
543 1849 683 1930 praedicti
705 1848 740 1907 ad
751 1839 821 1910 'Ur'-

30 1958 106 2030 lrem,
120 1978 135 2017 a
147 1955 256 2017 familia
269 1951 342 2017 Der.
356 1953 473 2015 Domini
485 1950 721 2014 vicecancellarii
735 1949 822 2010 dum·

31 2068 129 2130 taxat,
149 2067 180 2117 et
200 2051 370 2116 Curiaiibus
402 2052 495 2131 Regni
519 2052 656 2113 Palaniae
668 2049 823 2121 '.associati,

30 2158 65 2216 ad
95 2158 215 2216 domum
238 2173 293 2235 pro
322 2147 452 2236 ipsorum
473 2152 651 2212 habitatione
680 2154 823 2230 paratam,

30 2258 133 2318 ordine
155 2265 302 2317 consueta.
660 2307 663 2311 ,

70 2359 159 2420 Faria
176 2367 255 2418 sexta
266 2399 275 2429 ,
296 2354 445 2433 trigesima
467 2351 597 2430 ejusdem
617 2350 720 2412 matteis
741 2369 824 2410 arrar-

31 2460 85 2531 tii‚
120 2457 192 2518 iicr.
218 2456 358 2520 Dominus
389 2452 555 2516 cardinalis
574 2452 626 2518 'de
650 2449 769 2511 Medicis
795 2449 823 2508 iu

31 2576 116 2618 ratane
142 2568 208 2617 ante
240 2554 396 2635 prandium
421 2552 548 2614 visitavit
579 2551 652 2612 Rer.
684 2550 825 2610 Dominus

30 2649 199 2719 cardinales
230 2653 472 2726 Ulixbouensem,
505 2672 592 2732 quem
626 2651 755 2732 repperit
791 2649 820 2708 in

31 2757 156 2820 ccclesia
175 2755 276 2817 Sancti
298 2753 452 2816 Laurentii
474 2755 502 2815 ia
523 2752 634 2814 Lucina
657 2752 743 2812 titulo
770 2750 824 2811 sibi

30 2858 251 2930 commendato,
271 2856 463 2927 leonensem,
482 2855 517 2914 de
535 2853 697 2925 Columna,
712 2850 824 2912 decb·

34 2960 172 3029 anilibus,
188 2970 216 3020 et
236 2957 271 3019 de
286 2956 421 3027 Sabellis,
437 2965 465 3015 et
481 2953 709 3035 pertranseunda
720 2951 823 3032 palatia

33 3057 234 3125 cardinalium
257 3056 356 3118 Sancti
377 3056 480 3134 dnqeii
500 3066 529 3116 et
550 3054 650 3115 Sancti
676 3052 756 3113 Petri
788 3048 825 3110 ad

36 3161 174 3229 Vincula,
197 3170 230 3218 nt
243 3177 300 3220 cos
321 3155 607 3235 quoque'aisitaret,
626 3153 754 3234 repperit
776 3170 825 3212 eos

35 3264 63 3321 in
86 3259 223 3320 domibus
254 3276 357 3319 earum
379 3276 435 3343 non
457 3275 516 3318 esse
522 3279 533 3330 3
556 3254 706 3316 recordari
727 3264 824 3313 autem

34 3359 204 3443 hujusmodi
219 3344 395 3421 uisitationes
407 3376 496 3446 usque
515 3352 682 3435 modo,'pro
696 3373 731 3417 eo
747 3353 825 3432 quad

34 3487 52 3524 a
75 3464 123 3524 die
145 3463 283 3541 vigesima
305 3472 383 3521 sexta
411 3460 481 3520 dicti
502 3441 622 3529 mensis,
644 3456 733 3531 citra,
753 3477 825 3537 pro·

35 3579 102 3646 pter
122 3564 255 3636 labores,
274 3579 348 3639 quos
369 3562 397 3619 in
421 3559 561 3620 visitando
579 3561 651 3621 aiios
668 3560 740 3621 Rev.
762 3560 827 3622 Do·

35 3668 130 3727 minos
150 3663 318 3726 cardinales
335 3657 453 3733 babuit,
474 3662 759 3740 initaliquantuium
780 3665 827 3724 ai·

37 3771 161 3824 temtus.
177 3757 248 3819 Post
263 3756 416 3836 prandium
439 3756 515 3817 venit
530 3768 611 3816 extra
630 3769 744 3837 portam
776 3777 827 3819 ec·

37 3864 141 3925 clesiec
163 3859 288 3921 Sanctae
309 3857 420 3919 Mariae
440 3858 468 3916 in
500 3855 650 3917 Dominica
668 3856 721 3917 sibi
743 3875 827 3918 com·

35 3966 158 4035 missae,
181 3971 212 4020 ut
234 3966 298 4022 erim
331 3960 480 4031 risitaret,
502 3941 549 4018 sed
572 3957 698 4037 repperit
722 3956 827 4034 januas

37 4067 162 4125 clausas.
498 4120 502 4123 ,
586 4134 589 4144 Ι
778 4131 781 4134 ἦ

79 4164 190 4226 Eadem
207 4161 269 4231 ¹die
299 4161 449 4222 Dominica
471 4171 536 4240 post
568 4161 722 4240 prandium
755 4159 827 4222 lieu.

38 4267 181 4328 Dominus
208 4262 369 4325 cardinalis
390 4260 426 4323 de
446 4260 565 4321 Medicis
589 4261 667 4321 *lieu
691 4261 830 4322 Dominae

39 4365 141 4426 Sancti
163 4363 244 4424 Petri
263 4362 298 4421 ad
321 4362 442 4422 Vincula
464 4370 493 4422 et
513 4360 613 4422 Sancti
636 4361 736 4441 Angeii
752 4361 829 4423 car·

39 4467 150 4526 dinales
167 4464 308 4549 visitarit,
326 4471 354 4521 et
369 4460 413 4521 die
428 4461 529 4534 lunae,
546 4461 669 4521 secunda
684 4459 829 4539 ejusdcm,

40 4570 67 4628 in
90 4553 289 4638 mane‚idem
311 4563 438 4625 uisitauit
459 4554 531 4623 Rev.
552 4561 692 4649 vDominus
707 4562 829 4637 Uiinbo·

40 4687 157 4731 oensem
169 4669 197 4727 in
212 4664 348 4728 claustra
362 4662 397 4724 de
408 4662 533 4743 Populo,
547 4675 576 4724 et
588 4664 710 4726 Sanctae
723 4665 831 4728 iiar'iae

40 4773 67 4831 in
90 4768 216 4829 Porticu
244 4769 271 4826 in
294 4766 401 4845 palatio
420 4783 489 4838 suo,
511 4765 587 4846 apud
601 4765 749 4827 'Sanctum
772 4767 831 4837 Pe·

41 4885 140 4946 trum,
163 4887 291 4953 quorum
308 4877 382 4942 tres,
405 4868 470 4928 licet
487 4869 568 4947 prius
585 4868 614 4927 in
632 4867 764 4931 domibus
779 4887 832 4930 eo·

41 5083 125 5133 uerba
144 5081 279 5137 babuisse.
299 5080 376 5129 Forte
394 5081 472 5142 igitur
488 5079 634 5129 Cardiualis
651 5079 777 5137 Ursinus,
793 5082 833 5130 ai-

42 5159 99 5212 iiais
109 5161 288 5213 lladiceorum
301 5159 429 5215 iamliiaa,
447 5171 499 5207 non
515 5171 547 5209 en
560 5160 692 5219 inopinato
704 5158 760 5208 crat
772 5172 830 5209 cum

41 5243 174 5293 cardinali
192 5238 360 5294 Comei-ario,
376 5238 437 5286 dum
458 5236 603 5286 Cardinalis
620 5237 653 5286 da
675 5238 781 5288 Medicis
799 5239 831 5288 ad

43 5321 189 5370 literioram
214 5318 359 5380 palatium,
378 5319 414 5365 uti
440 5330 540 5366 norum.
557 5316 721 5366 cardinalem
739 5316 831 5377 dccet,

42 5401 161 5450 accessit.

493 299 784 399 'i'DN'i’lFichDS
807 293 1029 360 iliNDch'ill
1052 293 1205 357 curavi.
1621 290 1674 356 ur

889 448 957 496 rum
982 435 1110 494 risitandi
1130 452 1214 499 causa
1250 437 1432 512 quaesiverat
1465 447 1492 497 et
1512 454 1567 496 tum
1590 454 1675 519 repe·

889 547 996 609 rerat,
1028 553 1062 596 aa
1094 531 1317 597 Ulixbonensem
1349 534 1377 594 in
1421 538 1539 597 ecclesia
1573 535 1674 597 Sancti

888 630 1140 712 Laurentiijuxta
1163 636 1304 715 palatium
1320 622 1488 699 residentiae
1510 650 1677 718 repererat,

886 748 917 820 *et
937 758 967 800 se
986 756 1040 818 pro
1059 737 1178 798 visitatis
1193 735 1292 798 haberi
1309 737 1463 812 debebant,
1478 748 1590 813 tamen,
1605 742 1674 819 quia

888 823 1037 917 aliquibus
1061 838 1248 900 visitationem
1269 835 1436 915 hujusmodi
1458 850 1563 918 quater
1584 846 1676 922 repeti

888 938 992 1001 debere
1013 940 1143 1018 placuit,
1163 941 1205 1000 sic
1226 940 1335 1000 iactum
1357 950 1409 1002 est.

931 1038 1046 1101 Eadem*
1073 1039 1134 1112 die,
1167 1039 1290 1117 secunda
1313 1041 1429 1119 aprilis,
1464 1041 1536 1102 Rev.
1558 1031 1679 1124 illumiui

889 1139 1059 1201 cardinales
1079 1137 1177 1199 Sancti
1198 1139 1278 1227 Petri
1294 1139 1330 1200 ad
1345 1142 1485 1218 Vincula,
1501 1123 1680 1205 sanctiun-

889 1241 960 1318 qeii,
984 1239 1152 1312 Januensis,
1171 1251 1201 1300 et
1221 1240 1255 1301 de
1276 1240 1437 1318 columna,
1458 1245 1544 1306 simui
1578 1245 1679 1305 risita-

890 1351 960 1401 runt
989 1340 1169 1420 praedictum
1201 1341 1385 1421 Cardinaiem
1409 1343 1443 1405 de
1464 1343 1606 1406 Medicis
1629 1345 1682 1406 Die

892 1432 1010 1511 martis,
1032 1443 1118 1502 tertia
1133 1443 1250 1523 aprilis,
1274 1455 1338 1524 post
1353 1445 1506 1525 prandium
1525 1445 1598 1509 lica.
1618 1445 1681 1508 Do·

892 1544 962 1603 mini
984 1542 1153 1604 cardinales
1168 1542 1276 1604 Sancti
1297 1544 1399 1625 Angeii
1420 1557 1449 1606 et
1471 1546 1611 1627 praedicti
1630 1548 1681 1609 aiii

894 1646 1085 1705 visitaverunt
1101 1643 1224 1706 eundern
1244 1645 1273 1704 in
1295 1647 1413 1724 pinria3
1434 1646 1583 1721 Senensis,
1603 1648 1680 1709 Nea·

895 1748 1040 1826 politanus
1064 1734 1095 1806 et
1126 1735 1404 1823 vicecancellarius,
1427 1747 1494 1811 iicet
1520 1749 1679 1811 successive

891 1847 986 1907 medio
1019 1847 1173 1910 interuallo
1207 1844 1554 1922 vertissent,‘manserunt
1586 1861 1680 1911 tortian

890 1948 977 2008 simui
1000 1965 1068 2007 cum
1089 1967 1124 2010 eo
1145 1947 1261 2010 circiter
1284 1948 1367 2010 baris
1388 1950 1516 2026 duabus,
1537 1963 1567 2013 et
1580 1972 1613 2014 ea
1634 1953 1680 2014 dia

891 2064 947 2108 non
971 2059 1113 2109 uenerunt
1128 2048 1186 2107 aiii.
1209 2049 1260 2111 Die
1278 2054 1407 2128 sequenti
1422 2064 1487 2132 post
1507 2053 1680 2134 prandium,

892 2147 1022 2209 videlicet
1038 2160 1142 2228 quarta
1164 2151 1282 2230 aprilis,
1305 2152 1432 2213 visitarit
1447 2154 1581 2216 eumdem
1604 2154 1677 2216 Rea.

891 2247 1032 2311 Dominus
1063 2250 1225 2312 cardinalis
1248 2251 1396 2327 Senensis,
1418 2266 1449 2315 et
1473 2257 1631 2328 orantus,
1653 2258 1680 2316 iu

890 2363 1035 2432 tempore·
1048 2337 1190 2431 pluvioso.
1212 2351 1311 2428 ioris,
1344 2355 1445 2432 quinta
1467 2357 1585 2436 aprilis,
1607 2359 1681 2419 visi·

892 2462 993 2512 larunt
1013 2442 1147 2513 eumdem
1179 2452 1280 2516 Sancti
1305 2453 1479 2532 clementis,
1501 2458 1681 2534 Parmensis,

891 2553 1125 2627 Beneventanus,
1148 2554 1467 2632 Alerierrsis„Sauctae
1498 2558 1681 2634 Anastasiae,

891 2667 919 2717 et
942 2656 975 2717 dc
996 2656 1176 2730 comitibus,
1195 2664 1224 2718 et
1244 2656 1289 2717 die
1311 2658 1442 2732 veneris,
1460 2669 1538 2720 sexta
1568 2663 1679 2740 aprilis,

891 2755 1057 2817 cardinalis
1066 2757 1206 2829 Ursinus,
1229 2756 1264 2818 de
1279 2758 1341 2817 aliis
1363 2758 1462 2820 deinde
1477 2778 1533 2821 non
1557 2760 1680 2822 adverti.

933 2857 1018 2916 rer-to
1051 2856 1151 2929 tertia,
1183 2856 1293 2918 decima
1328 2859 1396 2920 dicti
1429 2862 1533 2922 mensis
1562 2840 1680 2941 aprilis,

891 2950 1076 3032 antediem,
1100 2957 1273 3020 caballarius
1302 2981 1336 3021 ex
1368 2948 1516 3022 Florentia
1538 2961 1574 3021 ad
1608 2963 1679 3024 iter.

892 3059 1047 3126 &minum
1080 3058 1263 3120 Cardinalem
1297 3061 1332 3123 de
1364 3058 1482 3124 Medicis
1516 3063 1591 3125 venit
1613 3081 1680 3122 cuna

893 3159 995 3221 littaris
1016 3160 1096 3247 Petri
1116 3159 1173 3247 (De
1194 3160 1323 3243 iiiedicis)
1350 3163 1460 3224 lunesto
1482 3163 1682 3223 annuntianti-

892 3259 1079 3338 bus,'quod
1114 3255 1158 3321 die
1190 3259 1334 3322 dominica
1365 3265 1495 3343 proxime
1526 3266 1682 3345 praeterita

893 3365 972 3423 circa
994 3360 1097 3421 boram
1118 3374 1253 3439 quartam
1271 3364 1379 3449 noctis,
1400 3363 1429 3423 in
1449 3363 1593 3443 carogio,
1609 3384 1681 3445 pos·

893 3464 1014 3530 seminus
1029 3462 1177 3523 Laurentii
1191 3463 1308 3543 Medicis
1323 3465 1402 3525 ciris
1420 3466 1592 3539 Florentiui,
1611 3466 1679 3527 dicti

893 3560 1054 3622 cardinalis
1066 3562 1190 3641 patris‚a
1202 3562 1317 3623 civitate
1330 3562 1495 3624 Florentiae
1506 3583 1558 3644 per
1566 3563 1679 3628 duode-

894 3664 950 3723 cim
964 3660 1047 3747 (duo)
1060 3664 1193 3725 milliaria
1209 3665 1254 3725 rei
1266 3665 1344 3735 circa
1357 3664 1490 3741 distante,
1508 3667 1582 3728 idem
1595 3666 1680 3729 Lau-

894 3764 1004 3828 rentius
1018 3763 1092 3851 diem
1109 3754 1212 3824 clausit
1224 3776 1384 3826 extremum
1395 3763 1452 3848 (ης
1464 3751 1585 3846 propter
1597 3786 1682 3846 quae,

1410 3910 1622 3919 --——...——..-

934 3989 969 4050 (u
986 3987 1021 4038 De
1039 3993 1123 4037 morte
1135 3991 1161 4036 et
1173 3985 1321 4035 infirmitate
1340 3969 1489 4044 Laurentii,
1509 3988 1573 4038 iracc
1595 3989 1682 4042 Anas,-

896 4079 943 4118 tus
961 4066 1129 4118 Portrrnuus
1147 4066 1243 4127 hospes
1260 4066 1329 4114 domi
1347 4065 1487 4117 Mediceae.
1523 4120 1526 4127 ,
1569 4134 1575 4143 ι

969 4226 1083 4288 Angelus
1100 4225 1256 4284 Politianus,
1272 4224 1370 4275 iacebo
1389 4224 1545 4286 Antiquario
1561 4240 1609 4276 suo

1252 4367 1276 4415 S.
1296 4365 1324 4415 D.

945 4533 954 4554 ι
975 4512 1083 4575 Vulgare
1100 4516 1156 4570 ast,
1181 4515 1208 4559 ut
1225 4512 1269 4573 qui
1286 4514 1373 4562 serius
1390 4510 1469 4575 paulo
1487 4512 1520 4561 ad
1538 4516 1680 4560 amicorum

898 4593 989 4643 literas
1003 4590 1197 4654 respondeant,
1214 4591 1308 4655 nimias
1325 4593 1513 4654 occupationes
1526 4604 1588 4640 suas
1601 4597 1682 4640 eircu-

898 4675 967 4721 seut.
984 4670 1036 4734 Ego
1054 4682 1119 4719 vero
1136 4682 1188 4732 quo
1205 4672 1292 4718 minus
1309 4673 1413 4720 mature
1439 4670 1472 4720 ad
1495 4674 1521 4719 ta
1538 4673 1686 4732 rescripse-

899 4751 948 4801 rim
958 4786 966 4810 ,
977 4764 1029 4801 uon
1041 4750 1210 4811 tam-cuipam
1222 4749 1330 4798 contero
1344 4751 1369 4798 iu
1381 4750 1585 4811 occupationes,
1603 4762 1684 4811 quan·
1725 4762 1728 4766 ’

899 4843 977 4892 quam
994 4842 1028 4879 ne
1045 4830 1118 4890 ipsae
1135 4827 1242 4890 quidem
1260 4827 1415 4886 defuerunt,
1432 4840 1509 4889 qnam
1527 4828 1552 4876 in
1566 4828 1687 4876 acerbis·

900 4915 993 4961 simum
1006 4909 1095 4971 potius
1109 4909 1176 4956 bunc
1188 4907 1306 4955 dolorem
1317 4919 1394 4968 quem
1408 4907 1469 4957 milri
1489 4906 1547 4968 ejas
1565 4906 1613 4954 riri
1631 4904 1686 4954 obi·

901 4997 942 5041 tus
960 4989 1063 5046 attulit,
1081 4987 1156 5044 cujus
1175 4986 1320 5050 patrocinio
1333 4996 1496 5047 nuperunus
1513 4997 1546 5033 ex
1565 4985 1685 5035 omnibus·

901 5072 1038 5120 literarum
1055 5065 1272 5130 professoribus,
1297 5067 1324 5113 ct
1348 5075 1420 5112 eram
1444 5063 1687 5121 fortunatissimus,

900 5155 927 5199 ct
944 5146 1073 5198 habebar.
1085 5147 1131 5196 iilo
1143 5146 1220 5209 igitur
1232 5157 1300 5193 nunc
1312 5144 1446 5200 extincto,
1464 5142 1509 5204 qui
1526 5142 1612 5192 iuerat
1629 5149 1685 5192 uni·

901 5243 948 5279 cus
974 5228 1070 5279 author
1094 5227 1191 5277 cruditi
1214 5212 1312 5275 laboris
1336 5223 1479 5279 videlicet,
1505 5223 1583 5271 ardor
1606 5224 1685 5273 etiam

902 5308 1037 5359 scribendi
1056 5311 1148 5357 noster
1165 5306 1298 5355 extinctus
1316 5309 1375 5362 ast,
1390 5304 1512 5362 omnique
1534 5315 1616 5364 prope
1639 5317 1687 5353 re.

902 5394 985 5440 terum
999 5388 1145 5439 studiorum
1160 5386 1282 5437 alacritas·
1295 5385 1417 5446 clanguit.
1429 5382 1475 5433 Sed
1488 5383 1508 5431 si
1519 5384 1604 5432 tonius
1615 5397 1688 5434 onear
