<?xml version="1.0" encoding="UTF-8"?>
<!DOCTYPE html PUBLIC "-//W3C//DTD XHTML 1.0 Transitional//EN"
    "http://www.w3.org/TR/xhtml1/DTD/xhtml1-transitional.dtd">
<html xmlns="http://www.w3.org/1999/xhtml" xml:lang="en" lang="en">
 <head>
  <title>
</title>
<meta http-equiv="Content-Type" content="text/html;charset=utf-8" />
  <meta name='ocr-system' content='tesseract 3.04.00' />
  <meta name='ocr-capabilities' content='ocr_page ocr_carea ocr_par ocr_line ocrx_word'/>
</head>
<body>
  <div class='ocr_page' id='page_1' title='image "./johannisburchar00genngoog/johannisburchar00genngoog_0265.png"; bbox 0 0 3758 6030; ppageno 0'>
   <div class='ocr_carea' id='block_1_1' title="bbox 665 246 1341 319">
    <p class='ocr_par' dir='ltr' id='par_1_1' title="bbox 665 246 1341 319">
     <span class='ocr_line' id='line_1_1' title="bbox 665 246 1341 319; baseline -0.01 -6"><span class='ocrx_word' id='word_1_1' title='bbox 665 252 949 319; x_wconf 79' lang='lat' dir='ltr'><strong>rottrtstcatus</strong></span> <span class='ocrx_word' id='word_1_2' title='bbox 970 246 1193 310; x_wconf 77' lang='lat' dir='ltr'><strong>Abuxthottt</strong></span> <span class='ocrx_word' id='word_1_3' title='bbox 1214 246 1341 310; x_wconf 77' lang='lat' dir='ltr'><strong>SEXTl.</strong></span> 
     </span>
    </p>
   </div>
   <div class='ocr_carea' id='block_1_2' title="bbox 170 579 969 5384">
    <p class='ocr_par' dir='ltr' id='par_1_2' title="bbox 170 579 960 1284">
     <span class='ocr_line' id='line_1_2' title="bbox 170 579 960 649; baseline 0.006 -19"><span class='ocrx_word' id='word_1_4' title='bbox 170 579 296 631; x_wconf 70' lang='lat' dir='ltr'><strong>lobannis</strong></span> <span class='ocrx_word' id='word_1_5' title='bbox 315 583 461 646; x_wconf 86' lang='lat' dir='ltr'><strong>Aragoniae</strong></span> <span class='ocrx_word' id='word_1_6' title='bbox 485 585 579 646; x_wconf 85' lang='lat' dir='ltr'><strong>Regis,</strong></span> <span class='ocrx_word' id='word_1_7' title='bbox 605 588 670 648; x_wconf 89' lang='lat' dir='ltr'><strong>qui,</strong></span> <span class='ocrx_word' id='word_1_8' title='bbox 697 586 829 649; x_wconf 90' lang='lat' dir='ltr'><strong>Alpbonso</strong></span> <span class='ocrx_word' id='word_1_9' title='bbox 855 587 960 637; x_wconf 87' lang='lat' dir='ltr'><strong>Seniore</strong></span> 
     </span>
     <span class='ocr_line' id='line_1_3' title="bbox 173 662 960 725; baseline 0.008 -16"><span class='ocrx_word' id='word_1_10' title='bbox 173 663 304 721; x_wconf 86' lang='lat' dir='ltr'><strong>extincto,</strong></span> <span class='ocrx_word' id='word_1_11' title='bbox 316 662 348 711; x_wconf 93' lang='lat' dir='ltr'><strong>ad</strong></span> <span class='ocrx_word' id='word_1_12' title='bbox 361 675 467 725; x_wconf 90' lang='lat' dir='ltr'><strong>regnum</strong></span> <span class='ocrx_word' id='word_1_13' title='bbox 479 668 591 713; x_wconf 87' lang='lat' dir='ltr'><strong>vocatus</strong></span> <span class='ocrx_word' id='word_1_14' title='bbox 603 666 688 714; x_wconf 88' lang='lat' dir='ltr'><strong>iuerat</strong></span> <span class='ocrx_word' id='word_1_15' title='bbox 700 668 876 715; x_wconf 79' lang='lat' dir='ltr'><strong>successionis</strong></span> <span class='ocrx_word' id='word_1_16' title='bbox 893 669 960 725; x_wconf 88' lang='lat' dir='ltr'><strong>jure,</strong></span> 
     </span>
     <span class='ocr_line' id='line_1_4' title="bbox 171 740 959 808; baseline 0.006 -19"><span class='ocrx_word' id='word_1_17' title='bbox 171 743 226 790; x_wconf 91' lang='lat' dir='ltr'><strong>tum</strong></span> <span class='ocrx_word' id='word_1_18' title='bbox 243 741 316 803; x_wconf 91' lang='lat' dir='ltr'><strong>quod</strong></span> <span class='ocrx_word' id='word_1_19' title='bbox 333 740 365 789; x_wconf 90' lang='lat' dir='ltr'><strong>ab</strong></span> <span class='ocrx_word' id='word_1_20' title='bbox 383 743 514 804; x_wconf 77' lang='lat' dir='ltr'>aliquibus</span> <span class='ocrx_word' id='word_1_21' title='bbox 531 744 693 805; x_wconf 78' lang='lat' dir='ltr'><strong>Magnetibus</strong></span> <span class='ocrx_word' id='word_1_22' title='bbox 715 746 740 793; x_wconf 92' lang='lat' dir='ltr'><strong>in</strong></span> <span class='ocrx_word' id='word_1_23' title='bbox 765 759 838 806; x_wconf 89' lang='lat' dir='ltr'><strong>spem</strong></span> <span class='ocrx_word' id='word_1_24' title='bbox 854 746 959 808; x_wconf 89' lang='lat' dir='ltr'><strong>Neapo-</strong></span> 
     </span>
     <span class='ocr_line' id='line_1_5' title="bbox 173 815 960 884; baseline 0.009 -19"><span class='ocrx_word' id='word_1_25' title='bbox 173 815 246 868; x_wconf 85' lang='lat' dir='ltr'><strong>litani</strong></span> <span class='ocrx_word' id='word_1_26' title='bbox 265 820 367 882; x_wconf 86' lang='lat' dir='ltr'><strong>imperii</strong></span> <span class='ocrx_word' id='word_1_27' title='bbox 385 827 542 881; x_wconf 76' lang='lat' dir='ltr'><strong>accuratur,</strong></span> <span class='ocrx_word' id='word_1_28' title='bbox 560 824 751 884; x_wconf 90' lang='lat' dir='ltr'><strong>amplissimum</strong></span> <span class='ocrx_word' id='word_1_29' title='bbox 770 823 908 872; x_wconf 79' lang='lat' dir='ltr'><strong>Oratorem</strong></span> <span class='ocrx_word' id='word_1_30' title='bbox 927 823 960 873; x_wconf 91' lang='lat' dir='ltr'><strong>ad</strong></span> 
     </span>
     <span class='ocr_line' id='line_1_6' title="bbox 173 895 960 957; baseline 0.01 -13"><span class='ocrx_word' id='word_1_31' title='bbox 173 895 351 946; x_wconf 74' lang='lat' dir='ltr'><strong>Alexandrum</strong></span> <span class='ocrx_word' id='word_1_32' title='bbox 371 900 456 957; x_wconf 87' lang='lat' dir='ltr'><strong>misit,</strong></span> <span class='ocrx_word' id='word_1_33' title='bbox 472 904 501 950; x_wconf 89' lang='lat' dir='ltr'><strong>ut</strong></span> <span class='ocrx_word' id='word_1_34' title='bbox 519 915 531 948; x_wconf 92' lang='lat' dir='ltr'><strong>a</strong></span> <span class='ocrx_word' id='word_1_35' title='bbox 549 901 646 951; x_wconf 87' lang='lat' dir='ltr'><strong>Gallica</strong></span> <span class='ocrx_word' id='word_1_36' title='bbox 658 902 731 951; x_wconf 89' lang='lat' dir='ltr'><strong>illum</strong></span> <span class='ocrx_word' id='word_1_37' title='bbox 744 904 858 951; x_wconf 89' lang='lat' dir='ltr'><strong>amicitia</strong></span> <span class='ocrx_word' id='word_1_38' title='bbox 876 902 960 952; x_wconf 83' lang='lat' dir='ltr'><strong>divet-</strong></span> 
     </span>
     <span class='ocr_line' id='line_1_7' title="bbox 174 973 957 1039; baseline 0.011 -17"><span class='ocrx_word' id='word_1_39' title='bbox 174 973 253 1032; x_wconf 89' lang='lat' dir='ltr'><strong>leret,</strong></span> <span class='ocrx_word' id='word_1_40' title='bbox 270 978 457 1039; x_wconf 85' lang='lat' dir='ltr'><strong>contenditque</strong></span> <span class='ocrx_word' id='word_1_41' title='bbox 482 978 515 1026; x_wconf 93' lang='lat' dir='ltr'><strong>ab</strong></span> <span class='ocrx_word' id='word_1_42' title='bbox 533 992 564 1027; x_wconf 88' lang='lat' dir='ltr'><strong>eo</strong></span> <span class='ocrx_word' id='word_1_43' title='bbox 590 992 624 1029; x_wconf 88' lang='lat' dir='ltr'><strong>aa</strong></span> <span class='ocrx_word' id='word_1_44' title='bbox 648 992 716 1030; x_wconf 85' lang='lat' dir='ltr'><strong>nova</strong></span> <span class='ocrx_word' id='word_1_45' title='bbox 740 982 766 1029; x_wconf 95' lang='lat' dir='ltr'><strong>in</strong></span> <span class='ocrx_word' id='word_1_46' title='bbox 792 982 865 1031; x_wconf 91' lang='lat' dir='ltr'><strong>ltalia</strong></span> <span class='ocrx_word' id='word_1_47' title='bbox 889 981 957 1031; x_wconf 90' lang='lat' dir='ltr'><strong>bella</strong></span> 
     </span>
     <span class='ocr_line' id='line_1_8' title="bbox 171 1056 959 1122; baseline 0.008 -20"><span class='ocrx_word' id='word_1_48' title='bbox 171 1056 300 1104; x_wconf 90' lang='lat' dir='ltr'><strong>concitari</strong></span> <span class='ocrx_word' id='word_1_49' title='bbox 328 1058 452 1115; x_wconf 87' lang='lat' dir='ltr'><strong>sineret,</strong></span> <span class='ocrx_word' id='word_1_50' title='bbox 480 1058 542 1119; x_wconf 88' lang='lat' dir='ltr'><strong>quin</strong></span> <span class='ocrx_word' id='word_1_51' title='bbox 565 1060 654 1120; x_wconf 86' lang='lat' dir='ltr'><strong>potius</strong></span> <span class='ocrx_word' id='word_1_52' title='bbox 679 1059 815 1122; x_wconf 87' lang='lat' dir='ltr'><strong>dissipatis</strong></span> <span class='ocrx_word' id='word_1_53' title='bbox 837 1060 959 1109; x_wconf 92' lang='lat' dir='ltr'><strong>omnibus</strong></span> 
     </span>
     <span class='ocr_line' id='line_1_9' title="bbox 172 1131 959 1189; baseline 0.01 -8"><span class='ocrx_word' id='word_1_54' title='bbox 172 1131 303 1182; x_wconf 71' lang='lat' dir='ltr'><strong>intestinis</strong></span> <span class='ocrx_word' id='word_1_55' title='bbox 330 1132 537 1185; x_wconf 89' lang='lat' dir='ltr'><strong>Christianorum</strong></span> <span class='ocrx_word' id='word_1_56' title='bbox 564 1135 705 1187; x_wconf 81' lang='lat' dir='ltr'>discordiis</span> <span class='ocrx_word' id='word_1_57' title='bbox 732 1152 804 1188; x_wconf 89' lang='lat' dir='ltr'><strong>arma</strong></span> <span class='ocrx_word' id='word_1_58' title='bbox 830 1153 905 1189; x_wconf 90' lang='lat' dir='ltr'><strong>sacra</strong></span> <span class='ocrx_word' id='word_1_59' title='bbox 933 1141 959 1189; x_wconf 92' lang='lat' dir='ltr'><strong>iu</strong></span> 
     </span>
     <span class='ocr_line' id='line_1_10' title="bbox 174 1210 493 1284; baseline 0 -22"><span class='ocrx_word' id='word_1_60' title='bbox 174 1210 275 1284; x_wconf 78' lang='lat' dir='ltr'><strong>&#39;furcas</strong></span> <span class='ocrx_word' id='word_1_61' title='bbox 285 1211 460 1273; x_wconf 82' lang='lat' dir='ltr'><strong>jungerentur</strong></span> <span class='ocrx_word' id='word_1_62' title='bbox 473 1236 493 1262; x_wconf 82' lang='grc' dir='ltr'><strong>ι.</strong></span> 
     </span>
    </p>

    <p class='ocr_par' dir='ltr' id='par_1_3' title="bbox 176 1288 961 1432">
     <span class='ocr_line' id='line_1_11' title="bbox 209 1288 961 1358; baseline 0.009 -19"><span class='ocrx_word' id='word_1_63' title='bbox 209 1291 357 1352; x_wconf 80' lang='lat' dir='ltr'><strong>Stephanus</strong></span> <span class='ocrx_word' id='word_1_64' title='bbox 376 1305 440 1341; x_wconf 87' lang='lat' dir='ltr'><strong>vero</strong></span> <span class='ocrx_word' id='word_1_65' title='bbox 458 1291 608 1356; x_wconf 84' lang='lat' dir='ltr'><strong>ialessura,</strong></span> <span class='ocrx_word' id='word_1_66' title='bbox 624 1296 690 1346; x_wconf 90' lang='lat' dir='ltr'><strong>baec</strong></span> <span class='ocrx_word' id='word_1_67' title='bbox 707 1297 739 1346; x_wconf 89' lang='lat' dir='ltr'><strong>de</strong></span> <span class='ocrx_word' id='word_1_68' title='bbox 757 1296 894 1358; x_wconf 77' lang='lat' dir='ltr'><strong>Legatione</strong></span> <span class='ocrx_word' id='word_1_69' title='bbox 911 1288 961 1346; x_wconf 91' lang='lat' dir='ltr'><strong>bu·</strong></span> 
     </span>
     <span class='ocr_line' id='line_1_12' title="bbox 176 1370 551 1432; baseline 0.003 -13"><span class='ocrx_word' id='word_1_70' title='bbox 176 1370 290 1430; x_wconf 75' lang='lat' dir='ltr'><strong>jusmodi</strong></span> <span class='ocrx_word' id='word_1_71' title='bbox 309 1375 421 1432; x_wconf 79' lang='lat' dir='ltr'><strong>posteris</strong></span> <span class='ocrx_word' id='word_1_72' title='bbox 437 1372 551 1422; x_wconf 80' lang='lat' dir='ltr'><strong>tradidit.</strong></span> 
     </span>
    </p>

    <p class='ocr_par' dir='ltr' id='par_1_4' title="bbox 170 1447 966 4348">
     <span class='ocr_line' id='line_1_13' title="bbox 216 1447 961 1515; baseline 0.004 -18"><span class='ocrx_word' id='word_1_73' title='bbox 216 1469 227 1490; x_wconf 86' lang='lat'><strong>·</strong></span> <span class='ocrx_word' id='word_1_74' title='bbox 246 1447 304 1498; x_wconf 91' lang='lat' dir='ltr'><strong>Post</strong></span> <span class='ocrx_word' id='word_1_75' title='bbox 322 1449 437 1498; x_wconf 90' lang='lat' dir='ltr'><strong>triduum</strong></span> <span class='ocrx_word' id='word_1_76' title='bbox 455 1452 564 1501; x_wconf 83' lang='lat' dir='ltr'><strong>intravit</strong></span> <span class='ocrx_word' id='word_1_77' title='bbox 577 1451 761 1503; x_wconf 91' lang='lat' dir='ltr'><strong>Ambasciator</strong></span> <span class='ocrx_word' id='word_1_78' title='bbox 776 1454 851 1514; x_wconf 85' lang='lat' dir='ltr'><strong>Regis</strong></span> <span class='ocrx_word' id='word_1_79' title='bbox 867 1451 961 1515; x_wconf 88' lang='lat' dir='ltr'><strong>Hispa·</strong></span> 
     </span>
     <span class='ocr_line' id='line_1_14' title="bbox 177 1529 960 1593; baseline 0.005 -17"><span class='ocrx_word' id='word_1_80' title='bbox 177 1529 236 1577; x_wconf 86' lang='lat' dir='ltr'><strong>ntae</strong></span> <span class='ocrx_word' id='word_1_81' title='bbox 248 1542 306 1582; x_wconf 86' lang='lat' dir='ltr'><strong>cum</strong></span> <span class='ocrx_word' id='word_1_82' title='bbox 319 1542 413 1591; x_wconf 89' lang='lat' dir='ltr'><strong>magno</strong></span> <span class='ocrx_word' id='word_1_83' title='bbox 423 1530 546 1579; x_wconf 84' lang='lat' dir='ltr'><strong>comitatu</strong></span> <span class='ocrx_word' id='word_1_84' title='bbox 559 1530 748 1593; x_wconf 87' lang='lat' dir='ltr'><strong>Episcoporum</strong></span> <span class='ocrx_word' id='word_1_85' title='bbox 767 1537 793 1581; x_wconf 90' lang='lat' dir='ltr'><strong>et</strong></span> <span class='ocrx_word' id='word_1_86' title='bbox 810 1530 960 1581; x_wconf 76' lang='lat' dir='ltr'><strong>Curiatium,</strong></span> 
     </span>
     <span class='ocr_line' id='line_1_15' title="bbox 174 1607 960 1673; baseline 0 -12"><span class='ocrx_word' id='word_1_87' title='bbox 174 1607 206 1661; x_wconf 81' lang='lat' dir='ltr'><strong>tta</strong></span> <span class='ocrx_word' id='word_1_88' title='bbox 223 1610 307 1659; x_wconf 88' lang='lat' dir='ltr'><strong>lactus</strong></span> <span class='ocrx_word' id='word_1_89' title='bbox 325 1612 353 1659; x_wconf 88' lang='lat' dir='ltr'><strong>ei</strong></span> <span class='ocrx_word' id='word_1_90' title='bbox 366 1614 405 1659; x_wconf 90' lang='lat' dir='ltr'><strong>est</strong></span> <span class='ocrx_word' id='word_1_91' title='bbox 418 1609 502 1660; x_wconf 90' lang='lat' dir='ltr'><strong>bonor</strong></span> <span class='ocrx_word' id='word_1_92' title='bbox 515 1624 634 1673; x_wconf 88' lang='lat' dir='ltr'><strong>maguus.</strong></span> <span class='ocrx_word' id='word_1_93' title='bbox 651 1612 683 1661; x_wconf 92' lang='lat' dir='ltr'><strong>Et</strong></span> <span class='ocrx_word' id='word_1_94' title='bbox 694 1615 763 1661; x_wconf 92' lang='lat' dir='ltr'><strong>inter</strong></span> <span class='ocrx_word' id='word_1_95' title='bbox 774 1612 838 1670; x_wconf 89' lang='lat' dir='ltr'><strong>alia,</strong></span> <span class='ocrx_word' id='word_1_96' title='bbox 855 1612 960 1673; x_wconf 90' lang='lat' dir='ltr'><strong>qnando</strong></span> 
     </span>
     <span class='ocr_line' id='line_1_16' title="bbox 173 1689 960 1751; baseline 0.004 -15"><span class='ocrx_word' id='word_1_97' title='bbox 173 1689 281 1738; x_wconf 85' lang='lat' dir='ltr'><strong>intravit</strong></span> <span class='ocrx_word' id='word_1_98' title='bbox 298 1701 345 1751; x_wconf 87' lang='lat' dir='ltr'><strong>per</strong></span> <span class='ocrx_word' id='word_1_99' title='bbox 362 1694 466 1751; x_wconf 89' lang='lat' dir='ltr'><strong>portam</strong></span> <span class='ocrx_word' id='word_1_100' title='bbox 484 1690 637 1740; x_wconf 73' lang='lat' dir='ltr'><strong>viridarium</strong></span> <span class='ocrx_word' id='word_1_101' title='bbox 655 1692 795 1741; x_wconf 87' lang='lat' dir='ltr'><strong>comitatus</strong></span> <span class='ocrx_word' id='word_1_102' title='bbox 811 1691 860 1740; x_wconf 84' lang='lat' dir='ltr'><strong>luit</strong></span> <span class='ocrx_word' id='word_1_103' title='bbox 877 1704 892 1739; x_wconf 90' lang='lat' dir='ltr'><strong>a</strong></span> <span class='ocrx_word' id='word_1_104' title='bbox 907 1689 960 1739; x_wconf 89' lang='lat' dir='ltr'><strong>illio</strong></span> 
     </span>
     <span class='ocr_line' id='line_1_17' title="bbox 170 1755 960 1831; baseline 0.005 -16"><span class='ocrx_word' id='word_1_105' title='bbox 170 1765 256 1828; x_wconf 87' lang='lat' dir='ltr'><strong>Papae</strong></span> <span class='ocrx_word' id='word_1_106' title='bbox 273 1781 288 1816; x_wconf 94' lang='lat' dir='ltr'><strong>a</strong></span> <span class='ocrx_word' id='word_1_107' title='bbox 305 1767 422 1824; x_wconf 83' lang='lat' dir='ltr'><strong>dextris,</strong></span> <span class='ocrx_word' id='word_1_108' title='bbox 440 1774 466 1817; x_wconf 89' lang='lat' dir='ltr'><strong>et</strong></span> <span class='ocrx_word' id='word_1_109' title='bbox 483 1782 497 1817; x_wconf 91' lang='lat' dir='ltr'><strong>a</strong></span> <span class='ocrx_word' id='word_1_110' title='bbox 513 1755 610 1831; x_wconf 76' lang='lat' dir='ltr'><strong>genero</strong></span> <span class='ocrx_word' id='word_1_111' title='bbox 628 1783 693 1830; x_wconf 91' lang='lat' dir='ltr'><strong>suo,</strong></span> <span class='ocrx_word' id='word_1_112' title='bbox 710 1770 832 1820; x_wconf 90' lang='lat' dir='ltr'><strong>videlicet</strong></span> <span class='ocrx_word' id='word_1_113' title='bbox 850 1771 960 1819; x_wconf 88' lang='lat' dir='ltr'><strong>Domino</strong></span> 
     </span>
     <span class='ocr_line' id='line_1_18' title="bbox 170 1843 960 1908; baseline 0.004 -14"><span class='ocrx_word' id='word_1_114' title='bbox 170 1843 271 1894; x_wconf 79' lang='lat' dir='ltr'><strong>Pisauri</strong></span> <span class='ocrx_word' id='word_1_115' title='bbox 287 1858 302 1893; x_wconf 90' lang='lat' dir='ltr'><strong>a</strong></span> <span class='ocrx_word' id='word_1_116' title='bbox 322 1846 451 1903; x_wconf 89' lang='lat' dir='ltr'><strong>sinistris,</strong></span> <span class='ocrx_word' id='word_1_117' title='bbox 470 1849 496 1895; x_wconf 91' lang='lat' dir='ltr'><strong>et</strong></span> <span class='ocrx_word' id='word_1_118' title='bbox 513 1849 562 1897; x_wconf 91' lang='lat' dir='ltr'><strong>hoc</strong></span> <span class='ocrx_word' id='word_1_119' title='bbox 575 1862 588 1897; x_wconf 91' lang='lat' dir='ltr'><strong>a</strong></span> <span class='ocrx_word' id='word_1_120' title='bbox 601 1849 659 1897; x_wconf 93' lang='lat' dir='ltr'><strong>loco</strong></span> <span class='ocrx_word' id='word_1_121' title='bbox 672 1849 740 1898; x_wconf 91' lang='lat' dir='ltr'><strong>uode</strong></span> <span class='ocrx_word' id='word_1_122' title='bbox 753 1851 848 1908; x_wconf 83' lang='lat' dir='ltr'><strong>exirit,</strong></span> <span class='ocrx_word' id='word_1_123' title='bbox 866 1861 960 1897; x_wconf 89' lang='lat' dir='ltr'><strong>versus</strong></span> 
     </span>
     <span class='ocr_line' id='line_1_19' title="bbox 170 1924 961 1989; baseline 0.001 -15"><span class='ocrx_word' id='word_1_124' title='bbox 170 1924 285 1974; x_wconf 83' lang='lat' dir='ltr'><strong>biontem</strong></span> <span class='ocrx_word' id='word_1_125' title='bbox 301 1924 427 1984; x_wconf 78' lang='lat' dir='ltr'><strong>idacium,</strong></span> <span class='ocrx_word' id='word_1_126' title='bbox 453 1937 536 1986; x_wconf 90' lang='lat' dir='ltr'><strong>usque</strong></span> <span class='ocrx_word' id='word_1_127' title='bbox 553 1928 578 1975; x_wconf 89' lang='lat' dir='ltr'><strong>iu</strong></span> <span class='ocrx_word' id='word_1_128' title='bbox 594 1926 719 1976; x_wconf 88' lang='lat' dir='ltr'><strong>Palatium</strong></span> <span class='ocrx_word' id='word_1_129' title='bbox 740 1926 831 1989; x_wconf 86' lang='lat' dir='ltr'><strong>Campi</strong></span> <span class='ocrx_word' id='word_1_130' title='bbox 852 1926 961 1986; x_wconf 80' lang='lat' dir='ltr'><strong>Florae,</strong></span> 
     </span>
     <span class='ocr_line' id='line_1_20' title="bbox 173 2000 961 2067; baseline 0.001 -16"><span class='ocrx_word' id='word_1_131' title='bbox 173 2000 220 2051; x_wconf 93' lang='lat' dir='ltr'><strong>ubi</strong></span> <span class='ocrx_word' id='word_1_132' title='bbox 237 2013 266 2050; x_wconf 90' lang='lat' dir='ltr'><strong>se</strong></span> <span class='ocrx_word' id='word_1_133' title='bbox 282 2004 378 2063; x_wconf 89' lang='lat' dir='ltr'><strong>posuit.</strong></span> <span class='ocrx_word' id='word_1_134' title='bbox 392 2002 419 2051; x_wconf 92' lang='lat' dir='ltr'><strong>ln</strong></span> <span class='ocrx_word' id='word_1_135' title='bbox 436 2005 595 2053; x_wconf 88' lang='lat' dir='ltr'><strong>concistorio</strong></span> <span class='ocrx_word' id='word_1_136' title='bbox 610 2005 736 2067; x_wconf 91' lang='lat' dir='ltr'><strong>publico,</strong></span> <span class='ocrx_word' id='word_1_137' title='bbox 751 2007 821 2054; x_wconf 86' lang='lat' dir='ltr'><strong>ultra</strong></span> <span class='ocrx_word' id='word_1_138' title='bbox 838 2004 961 2055; x_wconf 87' lang='lat' dir='ltr'><strong>obedien-</strong></span> 
     </span>
     <span class='ocr_line' id='line_1_21' title="bbox 173 2080 960 2147; baseline 0.006 -19"><span class='ocrx_word' id='word_1_139' title='bbox 173 2081 245 2141; x_wconf 88' lang='lat' dir='ltr'><strong>tiam,</strong></span> <span class='ocrx_word' id='word_1_140' title='bbox 257 2093 335 2143; x_wconf 87' lang='lat' dir='ltr'><strong>quam</strong></span> <span class='ocrx_word' id='word_1_141' title='bbox 347 2080 432 2131; x_wconf 78' lang='lat' dir='ltr'><strong>fertur</strong></span> <span class='ocrx_word' id='word_1_142' title='bbox 443 2080 541 2130; x_wconf 91' lang='lat' dir='ltr'><strong>dictum</strong></span> <span class='ocrx_word' id='word_1_143' title='bbox 550 2082 778 2134; x_wconf 89' lang='lat' dir='ltr'><strong>Ambasciatorem</strong></span> <span class='ocrx_word' id='word_1_144' title='bbox 793 2084 960 2147; x_wconf 85' lang='lat' dir='ltr'><strong>praestitisse</strong></span> 
     </span>
     <span class='ocr_line' id='line_1_22' title="bbox 177 2159 961 2226; baseline 0.005 -19"><span class='ocrx_word' id='word_1_145' title='bbox 177 2159 284 2208; x_wconf 87' lang='lat' dir='ltr'><strong>nomine</strong></span> <span class='ocrx_word' id='word_1_146' title='bbox 311 2160 386 2222; x_wconf 79' lang='lat' dir='ltr'><strong>Regis</strong></span> <span class='ocrx_word' id='word_1_147' title='bbox 401 2160 559 2222; x_wconf 88' lang='lat' dir='ltr'><strong>Hispaniae,</strong></span> <span class='ocrx_word' id='word_1_148' title='bbox 587 2167 709 2225; x_wconf 83' lang='lat' dir='ltr'><strong>exposuit</strong></span> <span class='ocrx_word' id='word_1_149' title='bbox 726 2165 806 2213; x_wconf 88' lang='lat' dir='ltr'><strong>etiam</strong></span> <span class='ocrx_word' id='word_1_150' title='bbox 835 2167 961 2226; x_wconf 90' lang='lat' dir='ltr'><strong>exparte</strong></span> 
     </span>
     <span class='ocr_line' id='line_1_23' title="bbox 174 2237 961 2303; baseline 0.006 -17"><span class='ocrx_word' id='word_1_151' title='bbox 174 2237 259 2300; x_wconf 89' lang='lat' dir='ltr'><strong>ipsius</strong></span> <span class='ocrx_word' id='word_1_152' title='bbox 276 2241 368 2302; x_wconf 77' lang='lat' dir='ltr'><strong>Regis,</strong></span> <span class='ocrx_word' id='word_1_153' title='bbox 384 2240 455 2303; x_wconf 89' lang='lat' dir='ltr'><strong>quod</strong></span> <span class='ocrx_word' id='word_1_154' title='bbox 480 2238 615 2303; x_wconf 81' lang='lat' dir='ltr'><strong>praetatus</strong></span> <span class='ocrx_word' id='word_1_155' title='bbox 633 2244 686 2294; x_wconf 83' lang='lat' dir='ltr'><strong>Rex</strong></span> <span class='ocrx_word' id='word_1_156' title='bbox 711 2244 828 2293; x_wconf 90' lang='lat' dir='ltr'><strong>babebat</strong></span> <span class='ocrx_word' id='word_1_157' title='bbox 851 2245 961 2292; x_wconf 90' lang='lat' dir='ltr'><strong>multum</strong></span> 
     </span>
     <span class='ocr_line' id='line_1_24' title="bbox 173 2317 962 2381; baseline 0.003 -14"><span class='ocrx_word' id='word_1_158' title='bbox 173 2318 200 2367; x_wconf 92' lang='lat' dir='ltr'><strong>in</strong></span> <span class='ocrx_word' id='word_1_159' title='bbox 224 2317 285 2367; x_wconf 89' lang='lat' dir='ltr'><strong>odio</strong></span> <span class='ocrx_word' id='word_1_160' title='bbox 310 2317 378 2367; x_wconf 85' lang='lat' dir='ltr'><strong>bella</strong></span> <span class='ocrx_word' id='word_1_161' title='bbox 403 2332 470 2381; x_wconf 91' lang='lat' dir='ltr'><strong>quae</strong></span> <span class='ocrx_word' id='word_1_162' title='bbox 490 2319 589 2371; x_wconf 85' lang='lat' dir='ltr'><strong>flebant</strong></span> <span class='ocrx_word' id='word_1_163' title='bbox 611 2323 730 2371; x_wconf 88' lang='lat' dir='ltr'><strong>initalia</strong></span> <span class='ocrx_word' id='word_1_164' title='bbox 751 2321 962 2372; x_wconf 87' lang='lat' dir='ltr'><strong>interchristia·</strong></span> 
     </span>
     <span class='ocr_line' id='line_1_25' title="bbox 175 2397 961 2464; baseline 0.005 -16"><span class='ocrx_word' id='word_1_165' title='bbox 175 2409 244 2456; x_wconf 85' lang='lat' dir='ltr'><strong>nos,</strong></span> <span class='ocrx_word' id='word_1_166' title='bbox 260 2409 291 2446; x_wconf 88' lang='lat' dir='ltr'><strong>eo</strong></span> <span class='ocrx_word' id='word_1_167' title='bbox 308 2398 379 2460; x_wconf 89' lang='lat' dir='ltr'><strong>quod</strong></span> <span class='ocrx_word' id='word_1_168' title='bbox 395 2397 512 2459; x_wconf 90' lang='lat' dir='ltr'><strong>diceret,</strong></span> <span class='ocrx_word' id='word_1_169' title='bbox 529 2412 558 2449; x_wconf 89' lang='lat' dir='ltr'><strong>se</strong></span> <span class='ocrx_word' id='word_1_170' title='bbox 576 2405 699 2450; x_wconf 89' lang='lat' dir='ltr'><strong>continuo</strong></span> <span class='ocrx_word' id='word_1_171' title='bbox 712 2412 847 2464; x_wconf 83' lang='lat' dir='ltr'><strong>exponere</strong></span> <span class='ocrx_word' id='word_1_172' title='bbox 864 2403 961 2452; x_wconf 85' lang='lat' dir='ltr'><strong>statum</strong></span> 
     </span>
     <span class='ocr_line' id='line_1_26' title="bbox 174 2477 962 2540; baseline 0.005 -16"><span class='ocrx_word' id='word_1_173' title='bbox 174 2487 264 2533; x_wconf 91' lang='lat' dir='ltr'><strong>suum,</strong></span> <span class='ocrx_word' id='word_1_174' title='bbox 281 2481 307 2525; x_wconf 89' lang='lat' dir='ltr'><strong>et</strong></span> <span class='ocrx_word' id='word_1_175' title='bbox 324 2477 404 2525; x_wconf 92' lang='lat' dir='ltr'><strong>vitam</strong></span> <span class='ocrx_word' id='word_1_176' title='bbox 421 2489 495 2526; x_wconf 89' lang='lat' dir='ltr'><strong>suam</strong></span> <span class='ocrx_word' id='word_1_177' title='bbox 513 2480 562 2540; x_wconf 91' lang='lat' dir='ltr'><strong>pro</strong></span> <span class='ocrx_word' id='word_1_178' title='bbox 579 2481 663 2529; x_wconf 89' lang='lat' dir='ltr'><strong>salute</strong></span> <span class='ocrx_word' id='word_1_179' title='bbox 680 2480 845 2530; x_wconf 87' lang='lat' dir='ltr'><strong>Christianae</strong></span> <span class='ocrx_word' id='word_1_180' title='bbox 862 2479 922 2529; x_wconf 88' lang='lat' dir='ltr'><strong>iidei</strong></span> <span class='ocrx_word' id='word_1_181' title='bbox 936 2484 962 2529; x_wconf 93' lang='lat' dir='ltr'><strong>et</strong></span> 
     </span>
     <span class='ocr_line' id='line_1_27' title="bbox 175 2555 963 2617; baseline 0.009 -17"><span class='ocrx_word' id='word_1_182' title='bbox 175 2559 333 2616; x_wconf 80' lang='lat' dir='ltr'><strong>augumento</strong></span> <span class='ocrx_word' id='word_1_183' title='bbox 357 2555 457 2617; x_wconf 84' lang='lat' dir='ltr'><strong>ipsius,</strong></span> <span class='ocrx_word' id='word_1_184' title='bbox 474 2557 600 2606; x_wconf 90' lang='lat' dir='ltr'><strong>continuo</strong></span> <span class='ocrx_word' id='word_1_185' title='bbox 625 2559 751 2608; x_wconf 89' lang='lat' dir='ltr'><strong>certando</strong></span> <span class='ocrx_word' id='word_1_186' title='bbox 768 2572 827 2608; x_wconf 91' lang='lat' dir='ltr'><strong>cum</strong></span> <span class='ocrx_word' id='word_1_187' title='bbox 855 2558 963 2614; x_wconf 84' lang='lat' dir='ltr'><strong>infideli·</strong></span> 
     </span>
     <span class='ocr_line' id='line_1_28' title="bbox 176 2631 963 2698; baseline 0.011 -19"><span class='ocrx_word' id='word_1_188' title='bbox 176 2631 226 2680; x_wconf 91' lang='lat' dir='ltr'><strong>bus</strong></span> <span class='ocrx_word' id='word_1_189' title='bbox 237 2652 243 2679; x_wconf 73' lang='grc' dir='ltr'><strong>ε</strong></span> <span class='ocrx_word' id='word_1_190' title='bbox 255 2636 280 2680; x_wconf 82' lang='lat' dir='ltr'><strong>at</strong></span> <span class='ocrx_word' id='word_1_191' title='bbox 293 2633 376 2694; x_wconf 90' lang='lat' dir='ltr'><strong>Papa,</strong></span> <span class='ocrx_word' id='word_1_192' title='bbox 387 2635 432 2695; x_wconf 90' lang='lat' dir='ltr'><strong>qui</strong></span> <span class='ocrx_word' id='word_1_193' title='bbox 444 2645 516 2684; x_wconf 88' lang='lat' dir='ltr'><strong>esset</strong></span> <span class='ocrx_word' id='word_1_194' title='bbox 527 2642 606 2698; x_wconf 89' lang='lat' dir='ltr'><strong>caput</strong></span> <span class='ocrx_word' id='word_1_195' title='bbox 618 2637 675 2688; x_wconf 84' lang='lat' dir='ltr'><strong>ildei</strong></span> <span class='ocrx_word' id='word_1_196' title='bbox 684 2639 863 2697; x_wconf 84' lang='lat' dir='ltr'><strong>Christianae,</strong></span> <span class='ocrx_word' id='word_1_197' title='bbox 880 2640 963 2688; x_wconf 90' lang='lat' dir='ltr'><strong>inten-</strong></span> 
     </span>
     <span class='ocr_line' id='line_1_29' title="bbox 177 2707 963 2780; baseline 0.011 -22"><span class='ocrx_word' id='word_1_198' title='bbox 177 2707 253 2758; x_wconf 82' lang='lat' dir='ltr'><strong>deret</strong></span> <span class='ocrx_word' id='word_1_199' title='bbox 266 2710 299 2766; x_wconf 88' lang='lat' dir='ltr'><strong>ad</strong></span> <span class='ocrx_word' id='word_1_200' title='bbox 311 2713 394 2772; x_wconf 86' lang='lat' dir='ltr'><strong>ipsius</strong></span> <span class='ocrx_word' id='word_1_201' title='bbox 406 2711 465 2762; x_wconf 87' lang='lat' dir='ltr'><strong>ildei</strong></span> <span class='ocrx_word' id='word_1_202' title='bbox 478 2714 697 2776; x_wconf 77' lang='lat' dir='ltr'><strong>dissipationem:</strong></span> <span class='ocrx_word' id='word_1_203' title='bbox 709 2722 735 2768; x_wconf 91' lang='lat' dir='ltr'><strong>et</strong></span> <span class='ocrx_word' id='word_1_204' title='bbox 747 2721 867 2780; x_wconf 84' lang='lat' dir='ltr'><strong>exposuit</strong></span> <span class='ocrx_word' id='word_1_205' title='bbox 880 2721 963 2767; x_wconf 89' lang='lat' dir='ltr'><strong>etiam</strong></span> 
     </span>
     <span class='ocr_line' id='line_1_30' title="bbox 177 2788 962 2856; baseline 0.013 -21"><span class='ocrx_word' id='word_1_206' title='bbox 177 2788 249 2850; x_wconf 90' lang='lat' dir='ltr'><strong>quod</strong></span> <span class='ocrx_word' id='word_1_207' title='bbox 266 2788 352 2838; x_wconf 91' lang='lat' dir='ltr'><strong>dictus</strong></span> <span class='ocrx_word' id='word_1_208' title='bbox 368 2789 423 2839; x_wconf 81' lang='lat' dir='ltr'><strong>ilex</strong></span> <span class='ocrx_word' id='word_1_209' title='bbox 440 2792 595 2843; x_wconf 85' lang='lat' dir='ltr'><strong>intendebat</strong></span> <span class='ocrx_word' id='word_1_210' title='bbox 614 2795 712 2845; x_wconf 87' lang='lat' dir='ltr'><strong>babere</strong></span> <span class='ocrx_word' id='word_1_211' title='bbox 728 2795 848 2845; x_wconf 92' lang='lat' dir='ltr'><strong>notitiam</strong></span> <span class='ocrx_word' id='word_1_212' title='bbox 865 2796 900 2845; x_wconf 88' lang='lat' dir='ltr'><strong>de·</strong></span> <span class='ocrx_word' id='word_1_213' title='bbox 915 2809 962 2856; x_wconf 82' lang='lat' dir='ltr'><strong>eo,</strong></span> 
     </span>
     <span class='ocr_line' id='line_1_31' title="bbox 177 2874 963 2938; baseline 0.011 -22"><span class='ocrx_word' id='word_1_214' title='bbox 177 2876 224 2930; x_wconf 88' lang='lat' dir='ltr'><strong>per</strong></span> <span class='ocrx_word' id='word_1_215' title='bbox 251 2882 328 2931; x_wconf 90' lang='lat' dir='ltr'><strong>quem</strong></span> <span class='ocrx_word' id='word_1_216' title='bbox 357 2877 522 2932; x_wconf 88' lang='lat' dir='ltr'><strong>remaneret,</strong></span> <span class='ocrx_word' id='word_1_217' title='bbox 547 2876 686 2934; x_wconf 87' lang='lat' dir='ltr'><strong>quominus</strong></span> <span class='ocrx_word' id='word_1_218' title='bbox 715 2875 785 2925; x_wconf 83' lang='lat' dir='ltr'><strong>dicta</strong></span> <span class='ocrx_word' id='word_1_219' title='bbox 809 2889 861 2938; x_wconf 85' lang='lat' dir='ltr'><strong>pax</strong></span> <span class='ocrx_word' id='word_1_220' title='bbox 888 2874 963 2925; x_wconf 90' lang='lat' dir='ltr'><strong>iteret</strong></span> 
     </span>
     <span class='ocr_line' id='line_1_32' title="bbox 176 2947 962 3016; baseline 0.011 -22"><span class='ocrx_word' id='word_1_221' title='bbox 176 2947 245 2997; x_wconf 87' lang='lat' dir='ltr'><strong>inter</strong></span> <span class='ocrx_word' id='word_1_222' title='bbox 262 2948 441 3008; x_wconf 83' lang='lat' dir='ltr'><strong>Christianos;</strong></span> <span class='ocrx_word' id='word_1_223' title='bbox 468 2954 591 3012; x_wconf 89' lang='lat' dir='ltr'><strong>quoniam</strong></span> <span class='ocrx_word' id='word_1_224' title='bbox 608 2953 715 3003; x_wconf 89' lang='lat' dir='ltr'><strong>dicebat</strong></span> <span class='ocrx_word' id='word_1_225' title='bbox 741 2954 839 3004; x_wconf 87' lang='lat' dir='ltr'><strong>dictum</strong></span> <span class='ocrx_word' id='word_1_226' title='bbox 868 2953 962 3016; x_wconf 80' lang='lat' dir='ltr'><strong>Regem</strong></span> 
     </span>
     <span class='ocr_line' id='line_1_33' title="bbox 177 3026 963 3094; baseline 0.011 -20"><span class='ocrx_word' id='word_1_227' title='bbox 177 3026 329 3076; x_wconf 90' lang='lat' dir='ltr'><strong>habiturum</strong></span> <span class='ocrx_word' id='word_1_228' title='bbox 346 3041 404 3077; x_wconf 90' lang='lat' dir='ltr'><strong>cum</strong></span> <span class='ocrx_word' id='word_1_229' title='bbox 424 3031 462 3078; x_wconf 91' lang='lat' dir='ltr'><strong>eis</strong></span> <span class='ocrx_word' id='word_1_230' title='bbox 489 3031 670 3090; x_wconf 84' lang='lat' dir='ltr'><strong>inimicitiam,</strong></span> <span class='ocrx_word' id='word_1_231' title='bbox 694 3034 830 3094; x_wconf 85' lang='lat' dir='ltr'><strong>potissima</strong></span> <span class='ocrx_word' id='word_1_232' title='bbox 857 3035 878 3082; x_wconf 91' lang='lat' dir='ltr'><strong>si</strong></span> <span class='ocrx_word' id='word_1_233' title='bbox 906 3034 963 3083; x_wconf 90' lang='lat' dir='ltr'><strong>sine</strong></span> 
     </span>
     <span class='ocr_line' id='line_1_34' title="bbox 179 3106 965 3175; baseline 0.011 -22"><span class='ocrx_word' id='word_1_234' title='bbox 179 3116 260 3155; x_wconf 90' lang='lat' dir='ltr'><strong>causa</strong></span> <span class='ocrx_word' id='word_1_235' title='bbox 273 3107 343 3156; x_wconf 91' lang='lat' dir='ltr'><strong>istud</strong></span> <span class='ocrx_word' id='word_1_236' title='bbox 360 3106 442 3158; x_wconf 83' lang='lat' dir='ltr'><strong>fieret.</strong></span> <span class='ocrx_word' id='word_1_237' title='bbox 459 3109 553 3168; x_wconf 91' lang='lat' dir='ltr'><strong>Aliud,</strong></span> <span class='ocrx_word' id='word_1_238' title='bbox 569 3110 638 3172; x_wconf 84' lang='lat' dir='ltr'><strong>quod</strong></span> <span class='ocrx_word' id='word_1_239' title='bbox 662 3114 875 3175; x_wconf 76' lang='lat' dir='ltr'><strong>proposuisse,</strong></span> <span class='ocrx_word' id='word_1_240' title='bbox 892 3114 965 3174; x_wconf 90' lang='lat' dir='ltr'><strong>quod</strong></span> 
     </span>
     <span class='ocr_line' id='line_1_35' title="bbox 177 3184 963 3253; baseline 0.01 -20"><span class='ocrx_word' id='word_1_241' title='bbox 177 3198 210 3234; x_wconf 85' lang='lat' dir='ltr'><strong>ex</strong></span> <span class='ocrx_word' id='word_1_242' title='bbox 227 3197 281 3248; x_wconf 90' lang='lat' dir='ltr'><strong>quo</strong></span> <span class='ocrx_word' id='word_1_243' title='bbox 298 3186 434 3248; x_wconf 83' lang='lat' dir='ltr'><strong>praetatus</strong></span> <span class='ocrx_word' id='word_1_244' title='bbox 445 3188 499 3237; x_wconf 86' lang='lat' dir='ltr'><strong>ilex</strong></span> <span class='ocrx_word' id='word_1_245' title='bbox 512 3190 650 3250; x_wconf 83' lang='lat' dir='ltr'><strong>expulerat</strong></span> <span class='ocrx_word' id='word_1_246' title='bbox 660 3184 796 3241; x_wconf 79' lang='lat' dir='ltr'><strong>Marranos</strong></span> <span class='ocrx_word' id='word_1_247' title='bbox 807 3192 840 3242; x_wconf 91' lang='lat' dir='ltr'><strong>de</strong></span> <span class='ocrx_word' id='word_1_248' title='bbox 853 3192 963 3253; x_wconf 89' lang='lat' dir='ltr'><strong>imperio</strong></span> 
     </span>
     <span class='ocr_line' id='line_1_36' title="bbox 180 3266 963 3332; baseline 0.009 -19"><span class='ocrx_word' id='word_1_249' title='bbox 180 3278 245 3325; x_wconf 89' lang='lat' dir='ltr'><strong>suo,</strong></span> <span class='ocrx_word' id='word_1_250' title='bbox 262 3270 386 3328; x_wconf 89' lang='lat' dir='ltr'><strong>tauquam</strong></span> <span class='ocrx_word' id='word_1_251' title='bbox 412 3266 530 3316; x_wconf 90' lang='lat' dir='ltr'><strong>inimicus</strong></span> <span class='ocrx_word' id='word_1_252' title='bbox 547 3267 712 3319; x_wconf 81' lang='lat' dir='ltr'><strong>Christianae</strong></span> <span class='ocrx_word' id='word_1_253' title='bbox 730 3270 805 3329; x_wconf 88' lang='lat' dir='ltr'><strong>tidei,</strong></span> <span class='ocrx_word' id='word_1_254' title='bbox 831 3270 900 3332; x_wconf 91' lang='lat' dir='ltr'><strong>quod</strong></span> <span class='ocrx_word' id='word_1_255' title='bbox 918 3273 963 3320; x_wconf 92' lang='lat' dir='ltr'><strong>mi·</strong></span> 
     </span>
     <span class='ocr_line' id='line_1_37' title="bbox 183 3337 965 3412; baseline 0.009 -21"><span class='ocrx_word' id='word_1_256' title='bbox 183 3344 308 3401; x_wconf 86' lang='lat' dir='ltr'><strong>rabatur,</strong></span> <span class='ocrx_word' id='word_1_257' title='bbox 324 3344 393 3406; x_wconf 89' lang='lat' dir='ltr'><strong>quod</strong></span> <span class='ocrx_word' id='word_1_258' title='bbox 409 3344 565 3409; x_wconf 83' lang='lat' dir='ltr'><strong>Papa,&#39;qui</strong></span> <span class='ocrx_word' id='word_1_259' title='bbox 583 3352 654 3398; x_wconf 87' lang='lat' dir='ltr'><strong>esset</strong></span> <span class='ocrx_word' id='word_1_260' title='bbox 681 3355 760 3412; x_wconf 89' lang='lat' dir='ltr'><strong>caput</strong></span> <span class='ocrx_word' id='word_1_261' title='bbox 776 3351 862 3400; x_wconf 87' lang='lat' dir='ltr'><strong>dictae</strong></span> <span class='ocrx_word' id='word_1_262' title='bbox 889 3337 965 3408; x_wconf 90' lang='lat' dir='ltr'><strong>ildei,</strong></span> 
     </span>
     <span class='ocr_line' id='line_1_38' title="bbox 184 3422 964 3490; baseline 0.01 -20"><span class='ocrx_word' id='word_1_263' title='bbox 184 3422 243 3472; x_wconf 90' lang='lat' dir='ltr'><strong>illos</strong></span> <span class='ocrx_word' id='word_1_264' title='bbox 260 3425 406 3486; x_wconf 88' lang='lat' dir='ltr'><strong>recepisset</strong></span> <span class='ocrx_word' id='word_1_265' title='bbox 422 3426 449 3473; x_wconf 92' lang='lat' dir='ltr'><strong>in</strong></span> <span class='ocrx_word' id='word_1_266' title='bbox 467 3423 552 3474; x_wconf 76' lang='lat' dir='ltr'><strong>Urbe:</strong></span> <span class='ocrx_word' id='word_1_267' title='bbox 576 3431 603 3476; x_wconf 90' lang='lat' dir='ltr'><strong>et</strong></span> <span class='ocrx_word' id='word_1_268' title='bbox 619 3433 761 3490; x_wconf 88' lang='lat' dir='ltr'><strong>propterca</strong></span> <span class='ocrx_word' id='word_1_269' title='bbox 786 3433 907 3479; x_wconf 87' lang='lat' dir='ltr'><strong>hortatus</strong></span> <span class='ocrx_word' id='word_1_270' title='bbox 924 3433 964 3478; x_wconf 91' lang='lat' dir='ltr'><strong>est</strong></span> 
     </span>
     <span class='ocr_line' id='line_1_39' title="bbox 185 3501 965 3570; baseline 0.012 -22"><span class='ocrx_word' id='word_1_271' title='bbox 185 3512 257 3560; x_wconf 90' lang='lat' dir='ltr'><strong>eum,</strong></span> <span class='ocrx_word' id='word_1_272' title='bbox 275 3504 302 3549; x_wconf 92' lang='lat' dir='ltr'><strong>ut</strong></span> <span class='ocrx_word' id='word_1_273' title='bbox 319 3501 352 3550; x_wconf 93' lang='lat' dir='ltr'><strong>de</strong></span> <span class='ocrx_word' id='word_1_274' title='bbox 370 3506 447 3552; x_wconf 88' lang='lat' dir='ltr'><strong>terris</strong></span> <span class='ocrx_word' id='word_1_275' title='bbox 465 3503 599 3556; x_wconf 81' lang='lat' dir='ltr'><strong>Ecclesiae</strong></span> <span class='ocrx_word' id='word_1_276' title='bbox 612 3508 648 3556; x_wconf 93' lang='lat' dir='ltr'><strong>illi</strong></span> <span class='ocrx_word' id='word_1_277' title='bbox 667 3509 795 3570; x_wconf 73' lang='lat' dir='ltr'><strong>subiectis</strong></span> <span class='ocrx_word' id='word_1_278' title='bbox 812 3521 857 3559; x_wconf 89' lang='lat' dir='ltr'><strong>eos</strong></span> <span class='ocrx_word' id='word_1_279' title='bbox 876 3510 965 3570; x_wconf 87' lang='lat' dir='ltr'><strong>expet·</strong></span> 
     </span>
     <span class='ocr_line' id='line_1_40' title="bbox 183 3578 965 3647; baseline 0.013 -23"><span class='ocrx_word' id='word_1_280' title='bbox 183 3578 262 3626; x_wconf 82' lang='lat' dir='ltr'><strong>leret.</strong></span> <span class='ocrx_word' id='word_1_281' title='bbox 286 3578 376 3628; x_wconf 88' lang='lat' dir='ltr'><strong>Tertio</strong></span> <span class='ocrx_word' id='word_1_282' title='bbox 393 3582 462 3642; x_wconf 92' lang='lat' dir='ltr'><strong>quod</strong></span> <span class='ocrx_word' id='word_1_283' title='bbox 488 3597 521 3632; x_wconf 83' lang='lat' dir='ltr'><strong>ex</strong></span> <span class='ocrx_word' id='word_1_284' title='bbox 538 3598 590 3646; x_wconf 92' lang='lat' dir='ltr'><strong>quo</strong></span> <span class='ocrx_word' id='word_1_285' title='bbox 607 3586 761 3635; x_wconf 86' lang='lat' dir='ltr'><strong>intendebat</strong></span> <span class='ocrx_word' id='word_1_286' title='bbox 776 3588 826 3636; x_wconf 90' lang='lat' dir='ltr'><strong>Sua</strong></span> <span class='ocrx_word' id='word_1_287' title='bbox 842 3586 965 3647; x_wconf 79' lang='lat' dir='ltr'><strong>hlajestas</strong></span> 
     </span>
     <span class='ocr_line' id='line_1_41' title="bbox 180 3657 964 3726; baseline 0.011 -23"><span class='ocrx_word' id='word_1_288' title='bbox 180 3657 305 3719; x_wconf 75' lang='lat' dir='ltr'><strong>persequi</strong></span> <span class='ocrx_word' id='word_1_289' title='bbox 322 3660 459 3707; x_wconf 89' lang='lat' dir='ltr'><strong>victoriam</strong></span> <span class='ocrx_word' id='word_1_290' title='bbox 476 3666 567 3710; x_wconf 91' lang='lat' dir='ltr'><strong>contra</strong></span> <span class='ocrx_word' id='word_1_291' title='bbox 586 3661 718 3723; x_wconf 81' lang='lat' dir='ltr'><strong>infideles,</strong></span> <span class='ocrx_word' id='word_1_292' title='bbox 735 3671 761 3714; x_wconf 93' lang='lat' dir='ltr'><strong>et</strong></span> <span class='ocrx_word' id='word_1_293' title='bbox 779 3667 916 3726; x_wconf 85' lang='lat' dir='ltr'><strong>acquirere</strong></span> <span class='ocrx_word' id='word_1_294' title='bbox 927 3665 964 3726; x_wconf 90' lang='lat' dir='ltr'><strong>(si</strong></span> 
     </span>
     <span class='ocr_line' id='line_1_42' title="bbox 179 3733 965 3800; baseline 0.011 -17"><span class='ocrx_word' id='word_1_295' title='bbox 179 3733 250 3784; x_wconf 85' lang='lat' dir='ltr'><strong>Deus</strong></span> <span class='ocrx_word' id='word_1_296' title='bbox 266 3735 383 3786; x_wconf 86' lang='lat' dir='ltr'><strong>dedisset</strong></span> <span class='ocrx_word' id='word_1_297' title='bbox 395 3739 419 3787; x_wconf 88' lang='lat' dir='ltr'><strong>ei</strong></span> <span class='ocrx_word' id='word_1_298' title='bbox 432 3739 558 3800; x_wconf 80' lang='lat' dir='ltr'><strong>gratiam)</strong></span> <span class='ocrx_word' id='word_1_299' title='bbox 573 3741 718 3792; x_wconf 82' lang='lat' dir='ltr'><strong>Jerusalem</strong></span> <span class='ocrx_word' id='word_1_300' title='bbox 736 3748 761 3793; x_wconf 90' lang='lat' dir='ltr'><strong>et</strong></span> <span class='ocrx_word' id='word_1_301' title='bbox 779 3743 886 3794; x_wconf 87' lang='lat' dir='ltr'><strong>Terram</strong></span> <span class='ocrx_word' id='word_1_302' title='bbox 904 3742 965 3792; x_wconf 92' lang='lat' dir='ltr'><strong>San-</strong></span> 
     </span>
     <span class='ocr_line' id='line_1_43' title="bbox 182 3816 965 3891; baseline 0.015 -31"><span class='ocrx_word' id='word_1_303' title='bbox 182 3818 267 3872; x_wconf 89' lang='lat' dir='ltr'><strong>ctam,</strong></span> <span class='ocrx_word' id='word_1_304' title='bbox 293 3816 401 3878; x_wconf 85' lang='lat' dir='ltr'><strong>rogabat</strong></span> <span class='ocrx_word' id='word_1_305' title='bbox 422 3816 591 3891; x_wconf 81' lang='lat' dir='ltr'><strong>Pontificem,</strong></span> <span class='ocrx_word' id='word_1_306' title='bbox 613 3825 642 3870; x_wconf 89' lang='lat' dir='ltr'><strong>ut</strong></span> <span class='ocrx_word' id='word_1_307' title='bbox 669 3824 750 3872; x_wconf 84' lang='lat' dir='ltr'><strong>saltet</strong></span> <span class='ocrx_word' id='word_1_308' title='bbox 777 3825 800 3871; x_wconf 90' lang='lat' dir='ltr'><strong>ei</strong></span> <span class='ocrx_word' id='word_1_309' title='bbox 827 3828 965 3884; x_wconf 89' lang='lat' dir='ltr'><strong>praestare</strong></span> 
     </span>
     <span class='ocr_line' id='line_1_44' title="bbox 182 3894 966 3965; baseline 0.015 -26"><span class='ocrx_word' id='word_1_310' title='bbox 182 3895 324 3954; x_wconf 87' lang='lat' dir='ltr'><strong>auxilium,</strong></span> <span class='ocrx_word' id='word_1_311' title='bbox 342 3894 367 3945; x_wconf 86' lang='lat' dir='ltr'><strong>et</strong></span> <span class='ocrx_word' id='word_1_312' title='bbox 390 3897 522 3958; x_wconf 79' lang='lat' dir='ltr'><strong>savorem,</strong></span> <span class='ocrx_word' id='word_1_313' title='bbox 540 3901 696 3961; x_wconf 90' lang='lat' dir='ltr'><strong>praesertim</strong></span> <span class='ocrx_word' id='word_1_314' title='bbox 715 3904 742 3950; x_wconf 93' lang='lat' dir='ltr'><strong>in</strong></span> <span class='ocrx_word' id='word_1_315' title='bbox 759 3901 825 3965; x_wconf 87' lang='lat' dir='ltr'><strong>hoc,</strong></span> <span class='ocrx_word' id='word_1_316' title='bbox 841 3901 966 3951; x_wconf 88' lang='lat' dir='ltr'><strong>videlicet</strong></span> 
     </span>
     <span class='ocr_line' id='line_1_45' title="bbox 181 3977 966 4034; baseline 0.015 -16"><span class='ocrx_word' id='word_1_317' title='bbox 181 3977 210 4018; x_wconf 91' lang='lat' dir='ltr'><strong>ut</strong></span> <span class='ocrx_word' id='word_1_318' title='bbox 226 3979 391 4034; x_wconf 84' lang='lat' dir='ltr'><strong>operaretur,</strong></span> <span class='ocrx_word' id='word_1_319' title='bbox 408 3981 436 4026; x_wconf 92' lang='lat' dir='ltr'><strong>ut</strong></span> <span class='ocrx_word' id='word_1_320' title='bbox 448 3978 576 4028; x_wconf 90' lang='lat' dir='ltr'><strong>babentes</strong></span> <span class='ocrx_word' id='word_1_321' title='bbox 598 3979 724 4030; x_wconf 87' lang='lat' dir='ltr'><strong>benebcia</strong></span> <span class='ocrx_word' id='word_1_322' title='bbox 737 3980 893 4030; x_wconf 87' lang='lat' dir='ltr'><strong>excedentia</strong></span> <span class='ocrx_word' id='word_1_323' title='bbox 906 3993 966 4030; x_wconf 92' lang='lat' dir='ltr'><strong>cen·</strong></span> 
     </span>
     <span class='ocr_line' id='line_1_46' title="bbox 179 4053 965 4122; baseline 0.014 -24"><span class='ocrx_word' id='word_1_324' title='bbox 179 4054 234 4099; x_wconf 93' lang='lat' dir='ltr'><strong>tum</strong></span> <span class='ocrx_word' id='word_1_325' title='bbox 251 4053 361 4103; x_wconf 90' lang='lat' dir='ltr'><strong>ducatos</strong></span> <span class='ocrx_word' id='word_1_326' title='bbox 378 4054 410 4103; x_wconf 89' lang='lat' dir='ltr'><strong>de</strong></span> <span class='ocrx_word' id='word_1_327' title='bbox 429 4056 558 4107; x_wconf 86' lang='lat' dir='ltr'><strong>tractibus</strong></span> <span class='ocrx_word' id='word_1_328' title='bbox 577 4060 727 4117; x_wconf 90' lang='lat' dir='ltr'><strong>annuatim,</strong></span> <span class='ocrx_word' id='word_1_329' title='bbox 744 4059 815 4122; x_wconf 88' lang='lat' dir='ltr'><strong>quod</strong></span> <span class='ocrx_word' id='word_1_330' title='bbox 836 4059 965 4110; x_wconf 89' lang='lat' dir='ltr'><strong>deberent</strong></span> 
     </span>
     <span class='ocr_line' id='line_1_47' title="bbox 179 4132 965 4202; baseline 0.014 -24"><span class='ocrx_word' id='word_1_331' title='bbox 179 4133 280 4181; x_wconf 87' lang='lat' dir='ltr'><strong>reverti</strong></span> <span class='ocrx_word' id='word_1_332' title='bbox 297 4132 330 4182; x_wconf 92' lang='lat' dir='ltr'><strong>ad</strong></span> <span class='ocrx_word' id='word_1_333' title='bbox 352 4132 522 4197; x_wconf 86' lang='lat' dir='ltr'><strong>Hispaniam,</strong></span> <span class='ocrx_word' id='word_1_334' title='bbox 539 4137 654 4201; x_wconf 84' lang='lat' dir='ltr'><strong>alioquin</strong></span> <span class='ocrx_word' id='word_1_335' title='bbox 679 4139 832 4189; x_wconf 81' lang='lat' dir='ltr'><strong>intendebat</strong></span> <span class='ocrx_word' id='word_1_336' title='bbox 850 4139 908 4202; x_wconf 90' lang='lat' dir='ltr'><strong>lpse</strong></span> <span class='ocrx_word' id='word_1_337' title='bbox 926 4154 965 4189; x_wconf 87' lang='lat' dir='ltr'><strong>re·</strong></span> 
     </span>
     <span class='ocr_line' id='line_1_48' title="bbox 179 4211 965 4280; baseline 0.015 -23"><span class='ocrx_word' id='word_1_338' title='bbox 179 4211 268 4270; x_wconf 87' lang='lat' dir='ltr'><strong>cipere</strong></span> <span class='ocrx_word' id='word_1_339' title='bbox 293 4211 379 4267; x_wconf 86' lang='lat' dir='ltr'><strong>dictos</strong></span> <span class='ocrx_word' id='word_1_340' title='bbox 403 4213 522 4273; x_wconf 86' lang='lat' dir='ltr'><strong>tractus,</strong></span> <span class='ocrx_word' id='word_1_341' title='bbox 540 4221 566 4265; x_wconf 92' lang='lat' dir='ltr'><strong>et</strong></span> <span class='ocrx_word' id='word_1_342' title='bbox 588 4218 659 4279; x_wconf 90' lang='lat' dir='ltr'><strong>ipsos</strong></span> <span class='ocrx_word' id='word_1_343' title='bbox 677 4223 835 4268; x_wconf 85' lang='lat' dir='ltr'><strong>convertere</strong></span> <span class='ocrx_word' id='word_1_344' title='bbox 851 4219 877 4266; x_wconf 89' lang='lat' dir='ltr'><strong>in</strong></span> <span class='ocrx_word' id='word_1_345' title='bbox 899 4231 965 4280; x_wconf 92' lang='lat' dir='ltr'><strong>opus</strong></span> 
     </span>
     <span class='ocr_line' id='line_1_49' title="bbox 180 4288 378 4348; baseline 0.015 -13"><span class='ocrx_word' id='word_1_346' title='bbox 180 4288 378 4348; x_wconf 64' lang='lat' dir='ltr'><strong>praedictuma.</strong></span> 
     </span>
    </p>

    <p class='ocr_par' dir='ltr' id='par_1_5' title="bbox 179 4368 969 5384">
     <span class='ocr_line' id='line_1_50' title="bbox 230 4368 966 4438; baseline 0.011 -21"><span class='ocrx_word' id='word_1_347' title='bbox 230 4388 239 4408; x_wconf 91' lang='lat'>·</span> <span class='ocrx_word' id='word_1_348' title='bbox 259 4368 337 4418; x_wconf 91' lang='lat' dir='ltr'><strong>Aliud</strong></span> <span class='ocrx_word' id='word_1_349' title='bbox 362 4369 433 4431; x_wconf 88' lang='lat' dir='ltr'><strong>qaod</strong></span> <span class='ocrx_word' id='word_1_350' title='bbox 460 4374 584 4435; x_wconf 87' lang='lat' dir='ltr'><strong>exposuit</strong></span> <span class='ocrx_word' id='word_1_351' title='bbox 610 4379 650 4425; x_wconf 91' lang='lat' dir='ltr'><strong>est</strong></span> <span class='ocrx_word' id='word_1_352' title='bbox 673 4375 811 4438; x_wconf 84' lang='lat' dir='ltr'><strong>quodiam</strong></span> <span class='ocrx_word' id='word_1_353' title='bbox 835 4376 903 4425; x_wconf 85' lang='lat' dir='ltr'><strong>lama</strong></span> <span class='ocrx_word' id='word_1_354' title='bbox 925 4380 966 4426; x_wconf 92' lang='lat' dir='ltr'><strong>est</strong></span> 
     </span>
     <span class='ocr_line' id='line_1_51' title="bbox 179 4445 966 4509; baseline 0.014 -16"><span class='ocrx_word' id='word_1_355' title='bbox 179 4445 290 4507; x_wconf 89' lang='lat' dir='ltr'><strong>ubique,</strong></span> <span class='ocrx_word' id='word_1_356' title='bbox 309 4449 379 4509; x_wconf 91' lang='lat' dir='ltr'><strong>quod</strong></span> <span class='ocrx_word' id='word_1_357' title='bbox 401 4449 442 4498; x_wconf 88' lang='lat' dir='ltr'><strong>blo</strong></span> <span class='ocrx_word' id='word_1_358' title='bbox 465 4451 560 4501; x_wconf 80' lang='lat' dir='ltr'><strong>Romae</strong></span> <span class='ocrx_word' id='word_1_359' title='bbox 582 4455 608 4502; x_wconf 95' lang='lat' dir='ltr'><strong>in</strong></span> <span class='ocrx_word' id='word_1_360' title='bbox 629 4453 744 4503; x_wconf 87' lang='lat' dir='ltr'><strong>Ecclesia</strong></span> <span class='ocrx_word' id='word_1_361' title='bbox 767 4456 880 4504; x_wconf 80' lang='lat' dir='ltr'><strong>Romana</strong></span> <span class='ocrx_word' id='word_1_362' title='bbox 898 4455 966 4504; x_wconf 86' lang='lat' dir='ltr'><strong>iacta</strong></span> 
     </span>
     <span class='ocr_line' id='line_1_52' title="bbox 180 4523 967 4593; baseline 0.011 -19"><span class='ocrx_word' id='word_1_363' title='bbox 180 4525 233 4574; x_wconf 82' lang='lat' dir='ltr'><strong>sint</strong></span> <span class='ocrx_word' id='word_1_364' title='bbox 249 4523 390 4585; x_wconf 78' lang='lat' dir='ltr'><strong>beneficia,</strong></span> <span class='ocrx_word' id='word_1_365' title='bbox 407 4527 501 4586; x_wconf 87' lang='lat' dir='ltr'><strong>oiiicta,</strong></span> <span class='ocrx_word' id='word_1_366' title='bbox 519 4536 546 4578; x_wconf 91' lang='lat' dir='ltr'><strong>et</strong></span> <span class='ocrx_word' id='word_1_367' title='bbox 563 4531 704 4593; x_wconf 78' lang='lat' dir='ltr'><strong>dignitates</strong></span> <span class='ocrx_word' id='word_1_368' title='bbox 722 4536 828 4583; x_wconf 91' lang='lat' dir='ltr'><strong>venales</strong></span> <span class='ocrx_word' id='word_1_369' title='bbox 846 4537 872 4583; x_wconf 91' lang='lat' dir='ltr'><strong>et</strong></span> <span class='ocrx_word' id='word_1_370' title='bbox 888 4546 967 4584; x_wconf 89' lang='lat' dir='ltr'><strong>vena·</strong></span> 
     </span>
     <span class='ocr_line' id='line_1_53' title="bbox 181 4604 966 4672; baseline 0.011 -20"><span class='ocrx_word' id='word_1_371' title='bbox 181 4604 232 4664; x_wconf 89' lang='lat' dir='ltr'><strong>lia,</strong></span> <span class='ocrx_word' id='word_1_372' title='bbox 256 4609 282 4654; x_wconf 89' lang='lat' dir='ltr'><strong>et</strong></span> <span class='ocrx_word' id='word_1_373' title='bbox 299 4605 369 4667; x_wconf 92' lang='lat' dir='ltr'><strong>quod</strong></span> <span class='ocrx_word' id='word_1_374' title='bbox 389 4608 464 4668; x_wconf 89' lang='lat' dir='ltr'><strong>quasi</strong></span> <span class='ocrx_word' id='word_1_375' title='bbox 487 4606 556 4657; x_wconf 91' lang='lat' dir='ltr'><strong>bona</strong></span> <span class='ocrx_word' id='word_1_376' title='bbox 577 4610 685 4672; x_wconf 86' lang='lat' dir='ltr'><strong>protana</strong></span> <span class='ocrx_word' id='word_1_377' title='bbox 709 4613 915 4671; x_wconf 88' lang='lat' dir='ltr'><strong>subhastentur‚</strong></span> <span class='ocrx_word' id='word_1_378' title='bbox 939 4616 966 4661; x_wconf 91' lang='lat' dir='ltr'><strong>et</strong></span> 
     </span>
     <span class='ocr_line' id='line_1_54' title="bbox 181 4683 968 4753; baseline 0.01 -20"><span class='ocrx_word' id='word_1_379' title='bbox 181 4683 253 4746; x_wconf 90' lang='lat' dir='ltr'><strong>quod</strong></span> <span class='ocrx_word' id='word_1_380' title='bbox 269 4697 321 4734; x_wconf 90' lang='lat' dir='ltr'><strong>non</strong></span> <span class='ocrx_word' id='word_1_381' title='bbox 345 4687 432 4747; x_wconf 92' lang='lat' dir='ltr'><strong>possit</strong></span> <span class='ocrx_word' id='word_1_382' title='bbox 456 4689 514 4749; x_wconf 91' lang='lat' dir='ltr'><strong>quis</strong></span> <span class='ocrx_word' id='word_1_383' title='bbox 542 4688 575 4736; x_wconf 94' lang='lat' dir='ltr'><strong>ad</strong></span> <span class='ocrx_word' id='word_1_384' title='bbox 601 4689 756 4740; x_wconf 80' lang='lat' dir='ltr'><strong>benenatum</strong></span> <span class='ocrx_word' id='word_1_385' title='bbox 781 4692 888 4753; x_wconf 86' lang='lat' dir='ltr'><strong>aliquod</strong></span> <span class='ocrx_word' id='word_1_386' title='bbox 911 4691 968 4741; x_wconf 85' lang='lat' dir='ltr'><strong>siva</strong></span> 
     </span>
     <span class='ocr_line' id='line_1_55' title="bbox 183 4765 966 4831; baseline 0.008 -19"><span class='ocrx_word' id='word_1_387' title='bbox 183 4774 303 4826; x_wconf 85' lang='lat' dir='ltr'><strong>magnum</strong></span> <span class='ocrx_word' id='word_1_388' title='bbox 329 4765 387 4814; x_wconf 87' lang='lat' dir='ltr'><strong>sive</strong></span> <span class='ocrx_word' id='word_1_389' title='bbox 404 4766 553 4825; x_wconf 90' lang='lat' dir='ltr'><strong>minimum,</strong></span> <span class='ocrx_word' id='word_1_390' title='bbox 576 4769 638 4817; x_wconf 88' lang='lat' dir='ltr'><strong>item</strong></span> <span class='ocrx_word' id='word_1_391' title='bbox 661 4768 694 4817; x_wconf 91' lang='lat' dir='ltr'><strong>ad</strong></span> <span class='ocrx_word' id='word_1_392' title='bbox 719 4770 899 4831; x_wconf 88' lang='lat' dir='ltr'><strong>episcopatum</strong></span> <span class='ocrx_word' id='word_1_393' title='bbox 923 4770 966 4820; x_wconf 87' lang='lat' dir='ltr'><strong>rel</strong></span> 
     </span>
     <span class='ocr_line' id='line_1_56' title="bbox 181 4845 968 4913; baseline 0.009 -21"><span class='ocrx_word' id='word_1_394' title='bbox 181 4845 260 4894; x_wconf 91' lang='lat' dir='ltr'><strong>etiam</strong></span> <span class='ocrx_word' id='word_1_395' title='bbox 279 4845 311 4894; x_wconf 93' lang='lat' dir='ltr'><strong>ad</strong></span> <span class='ocrx_word' id='word_1_396' title='bbox 328 4845 520 4897; x_wconf 83' lang='lat' dir='ltr'><strong>cardinalatum</strong></span> <span class='ocrx_word' id='word_1_397' title='bbox 539 4851 680 4910; x_wconf 83' lang='lat' dir='ltr'><strong>pervenire</strong></span> <span class='ocrx_word' id='word_1_398' title='bbox 704 4852 753 4900; x_wconf 91' lang='lat' dir='ltr'><strong>nisi</strong></span> <span class='ocrx_word' id='word_1_399' title='bbox 777 4853 862 4901; x_wconf 91' lang='lat' dir='ltr'><strong>soluta</strong></span> <span class='ocrx_word' id='word_1_400' title='bbox 886 4862 968 4913; x_wconf 88' lang='lat' dir='ltr'><strong>pecu·</strong></span> 
     </span>
     <span class='ocr_line' id='line_1_57' title="bbox 181 4926 967 4991; baseline 0.005 -18"><span class='ocrx_word' id='word_1_401' title='bbox 181 4926 238 4985; x_wconf 87' lang='lat' dir='ltr'><strong>nia,</strong></span> <span class='ocrx_word' id='word_1_402' title='bbox 251 4931 278 4976; x_wconf 89' lang='lat' dir='ltr'><strong>et</strong></span> <span class='ocrx_word' id='word_1_403' title='bbox 299 4926 370 4988; x_wconf 91' lang='lat' dir='ltr'><strong>quod</strong></span> <span class='ocrx_word' id='word_1_404' title='bbox 391 4926 436 4975; x_wconf 91' lang='lat' dir='ltr'><strong>ubi</strong></span> <span class='ocrx_word' id='word_1_405' title='bbox 458 4928 519 4976; x_wconf 91' lang='lat' dir='ltr'><strong>olim</strong></span> <span class='ocrx_word' id='word_1_406' title='bbox 541 4930 640 4979; x_wconf 87' lang='lat' dir='ltr'><strong>virtute</strong></span> <span class='ocrx_word' id='word_1_407' title='bbox 656 4929 768 4991; x_wconf 88' lang='lat' dir='ltr'><strong>Spiritus</strong></span> <span class='ocrx_word' id='word_1_408' title='bbox 789 4930 875 4979; x_wconf 84' lang='lat' dir='ltr'><strong>Sancti</strong></span> <span class='ocrx_word' id='word_1_409' title='bbox 892 4941 967 4977; x_wconf 85' lang='lat' dir='ltr'><strong>crea·</strong></span> 
     </span>
     <span class='ocr_line' id='line_1_58' title="bbox 182 4999 968 5070; baseline 0.006 -19"><span class='ocrx_word' id='word_1_410' title='bbox 182 4999 294 5062; x_wconf 76' lang='lat' dir='ltr'><strong>bantu&#39;r,</strong></span> <span class='ocrx_word' id='word_1_411' title='bbox 312 5004 387 5054; x_wconf 89' lang='lat' dir='ltr'><strong>hodie</strong></span> <span class='ocrx_word' id='word_1_412' title='bbox 410 5005 468 5055; x_wconf 90' lang='lat' dir='ltr'><strong>loco</strong></span> <span class='ocrx_word' id='word_1_413' title='bbox 490 5006 561 5060; x_wconf 87' lang='lat' dir='ltr'><strong>illius</strong></span> <span class='ocrx_word' id='word_1_414' title='bbox 577 5008 633 5056; x_wconf 90' lang='lat' dir='ltr'><strong>sola</strong></span> <span class='ocrx_word' id='word_1_415' title='bbox 650 5010 821 5070; x_wconf 87' lang='lat' dir='ltr'><strong>pecuniarum</strong></span> <span class='ocrx_word' id='word_1_416' title='bbox 846 5008 968 5058; x_wconf 89' lang='lat' dir='ltr'><strong>conside·</strong></span> 
     </span>
     <span class='ocr_line' id='line_1_59' title="bbox 183 5084 966 5149; baseline 0.01 -19"><span class='ocrx_word' id='word_1_417' title='bbox 183 5085 250 5132; x_wconf 89' lang='lat' dir='ltr'><strong>ratio</strong></span> <span class='ocrx_word' id='word_1_418' title='bbox 272 5084 402 5135; x_wconf 89' lang='lat' dir='ltr'><strong>habeatur</strong></span> <span class='ocrx_word' id='word_1_419' title='bbox 424 5085 611 5149; x_wconf 79' lang='lat' dir='ltr'><strong>indifferenter,</strong></span> <span class='ocrx_word' id='word_1_420' title='bbox 628 5092 653 5137; x_wconf 91' lang='lat' dir='ltr'><strong>et</strong></span> <span class='ocrx_word' id='word_1_421' title='bbox 670 5100 722 5137; x_wconf 94' lang='lat' dir='ltr'><strong>non</strong></span> <span class='ocrx_word' id='word_1_422' title='bbox 739 5090 860 5148; x_wconf 91' lang='lat' dir='ltr'><strong>quaesito</strong></span> <span class='ocrx_word' id='word_1_423' title='bbox 881 5087 966 5138; x_wconf 89' lang='lat' dir='ltr'><strong>bonus</strong></span> 
     </span>
     <span class='ocr_line' id='line_1_60' title="bbox 183 5163 969 5230; baseline 0.01 -21"><span class='ocrx_word' id='word_1_424' title='bbox 183 5173 215 5209; x_wconf 82' lang='lat' dir='ltr'><strong>aa</strong></span> <span class='ocrx_word' id='word_1_425' title='bbox 233 5163 331 5224; x_wconf 87' lang='lat' dir='ltr'><strong>malus,</strong></span> <span class='ocrx_word' id='word_1_426' title='bbox 347 5165 457 5215; x_wconf 90' lang='lat' dir='ltr'><strong>idoneus</strong></span> <span class='ocrx_word' id='word_1_427' title='bbox 480 5167 523 5216; x_wconf 82' lang='lat' dir='ltr'><strong>vel</strong></span> <span class='ocrx_word' id='word_1_428' title='bbox 544 5181 614 5229; x_wconf 88' lang='lat' dir='ltr'><strong>non,</strong></span> <span class='ocrx_word' id='word_1_429' title='bbox 629 5172 836 5230; x_wconf 89' lang='lat' dir='ltr'><strong>promoveatur,</strong></span> <span class='ocrx_word' id='word_1_430' title='bbox 860 5167 908 5217; x_wconf 89' lang='lat' dir='ltr'><strong>sed</strong></span> <span class='ocrx_word' id='word_1_431' title='bbox 928 5181 969 5217; x_wconf 88' lang='lat' dir='ltr'><strong>sc·</strong></span> 
     </span>
     <span class='ocr_line' id='line_1_61' title="bbox 182 5242 967 5309; baseline 0.01 -19"><span class='ocrx_word' id='word_1_432' title='bbox 182 5242 235 5292; x_wconf 89' lang='lat' dir='ltr'><strong>lum</strong></span> <span class='ocrx_word' id='word_1_433' title='bbox 252 5245 297 5306; x_wconf 92' lang='lat' dir='ltr'><strong>qui</strong></span> <span class='ocrx_word' id='word_1_434' title='bbox 320 5248 447 5308; x_wconf 84' lang='lat' dir='ltr'><strong>majorem</strong></span> <span class='ocrx_word' id='word_1_435' title='bbox 473 5249 643 5308; x_wconf 87' lang='lat' dir='ltr'><strong>pecuniarum</strong></span> <span class='ocrx_word' id='word_1_436' title='bbox 670 5259 807 5297; x_wconf 88' lang='lat' dir='ltr'><strong>numerum</strong></span> <span class='ocrx_word' id='word_1_437' title='bbox 833 5253 967 5309; x_wconf 83' lang='lat' dir='ltr'><strong>exponere</strong></span> 
     </span>
     <span class='ocr_line' id='line_1_62' title="bbox 182 5321 966 5384; baseline 0.008 -14"><span class='ocrx_word' id='word_1_438' title='bbox 182 5321 274 5384; x_wconf 89' lang='lat' dir='ltr'><strong>possit.</strong></span> <span class='ocrx_word' id='word_1_439' title='bbox 294 5321 331 5372; x_wconf 89' lang='lat' dir='ltr'><strong>Eo</strong></span> <span class='ocrx_word' id='word_1_440' title='bbox 348 5324 419 5384; x_wconf 88' lang='lat' dir='ltr'><strong>quod</strong></span> <span class='ocrx_word' id='word_1_441' title='bbox 435 5328 573 5377; x_wconf 80' lang='lat' dir='ltr'><strong>exortatus</strong></span> <span class='ocrx_word' id='word_1_442' title='bbox 598 5331 639 5377; x_wconf 90' lang='lat' dir='ltr'><strong>est</strong></span> <span class='ocrx_word' id='word_1_443' title='bbox 663 5328 794 5378; x_wconf 83' lang='lat' dir='ltr'><strong>Summum</strong></span> <span class='ocrx_word' id='word_1_444' title='bbox 820 5326 966 5379; x_wconf 82' lang='lat' dir='ltr'><strong>Pontificem</strong></span> 
     </span>
    </p>
   </div>
   <div class='ocr_carea' id='block_1_3' title="bbox 1703 243 1819 327">
    <p class='ocr_par' dir='ltr' id='par_1_6' title="bbox 1703 243 1819 327">
     <span class='ocr_line' id='line_1_63' title="bbox 1703 243 1819 327; baseline 0 -21"><span class='ocrx_word' id='word_1_445' title='bbox 1703 243 1819 327; x_wconf 70' lang='lat' dir='ltr'><strong>(araci</strong></span> 
     </span>
    </p>
   </div>
   <div class='ocr_carea' id='block_1_4' title="bbox 1025 568 1875 5383">
    <p class='ocr_par' dir='ltr' id='par_1_7' title="bbox 1025 568 1820 1984">
     <span class='ocr_line' id='line_1_64' title="bbox 1028 568 1817 645; baseline -0.009 -13"><span class='ocrx_word' id='word_1_446' title='bbox 1028 587 1056 633; x_wconf 91' lang='lat' dir='ltr'><strong>ut</strong></span> <span class='ocrx_word' id='word_1_447' title='bbox 1081 597 1133 634; x_wconf 91' lang='lat' dir='ltr'><strong>non</strong></span> <span class='ocrx_word' id='word_1_448' title='bbox 1155 584 1214 645; x_wconf 92' lang='lat' dir='ltr'><strong>plus</strong></span> <span class='ocrx_word' id='word_1_449' title='bbox 1238 594 1317 643; x_wconf 87' lang='lat' dir='ltr'><strong>quam</strong></span> <span class='ocrx_word' id='word_1_450' title='bbox 1341 592 1421 629; x_wconf 89' lang='lat' dir='ltr'><strong>unum</strong></span> <span class='ocrx_word' id='word_1_451' title='bbox 1447 568 1606 629; x_wconf 80' lang='lat' dir='ltr'><strong>Beneficium</strong></span> <span class='ocrx_word' id='word_1_452' title='bbox 1624 582 1747 628; x_wconf 87' lang='lat' dir='ltr'><strong>curatum</strong></span> <span class='ocrx_word' id='word_1_453' title='bbox 1769 590 1817 637; x_wconf 91' lang='lat' dir='ltr'><strong>pro</strong></span> 
     </span>
     <span class='ocr_line' id='line_1_65' title="bbox 1028 656 1815 723; baseline -0.006 -14"><span class='ocrx_word' id='word_1_454' title='bbox 1028 663 1146 723; x_wconf 89' lang='lat' dir='ltr'><strong>quolibet</strong></span> <span class='ocrx_word' id='word_1_455' title='bbox 1162 663 1318 711; x_wconf 82' lang='lat' dir='ltr'><strong>concederet</strong></span> <span class='ocrx_word' id='word_1_456' title='bbox 1336 664 1362 709; x_wconf 93' lang='lat' dir='ltr'><strong>et</strong></span> <span class='ocrx_word' id='word_1_457' title='bbox 1379 672 1432 709; x_wconf 84' lang='lat' dir='ltr'><strong>noa</strong></span> <span class='ocrx_word' id='word_1_458' title='bbox 1452 659 1535 720; x_wconf 72' lang='lat' dir='ltr'><strong>[tlara.</strong></span> <span class='ocrx_word' id='word_1_459' title='bbox 1561 657 1592 706; x_wconf 90' lang='lat' dir='ltr'><strong>Et</strong></span> <span class='ocrx_word' id='word_1_460' title='bbox 1614 656 1665 705; x_wconf 87' lang='lat' dir='ltr'><strong>alia</strong></span> <span class='ocrx_word' id='word_1_461' title='bbox 1686 658 1815 720; x_wconf 86' lang='lat' dir='ltr'><strong>quaedam</strong></span> 
     </span>
     <span class='ocr_line' id='line_1_66' title="bbox 1029 736 1815 801; baseline -0.008 -12"><span class='ocrx_word' id='word_1_462' title='bbox 1029 742 1109 790; x_wconf 88' lang='lat' dir='ltr'><strong>multa</strong></span> <span class='ocrx_word' id='word_1_463' title='bbox 1136 743 1225 801; x_wconf 25' lang='lat' dir='ltr'><strong>fertur·</strong></span> <span class='ocrx_word' id='word_1_464' title='bbox 1242 739 1360 796; x_wconf 85' lang='lat' dir='ltr'><strong>dixisse,</strong></span> <span class='ocrx_word' id='word_1_465' title='bbox 1375 750 1442 800; x_wconf 88' lang='lat' dir='ltr'><strong>quae</strong></span> <span class='ocrx_word' id='word_1_466' title='bbox 1464 737 1497 785; x_wconf 91' lang='lat' dir='ltr'><strong>ad</strong></span> <span class='ocrx_word' id='word_1_467' title='bbox 1520 740 1616 786; x_wconf 89' lang='lat' dir='ltr'><strong>statum</strong></span> <span class='ocrx_word' id='word_1_468' title='bbox 1639 740 1666 785; x_wconf 89' lang='lat' dir='ltr'><strong>et</strong></span> <span class='ocrx_word' id='word_1_469' title='bbox 1689 736 1815 784; x_wconf 84' lang='lat' dir='ltr'><strong>bonorem</strong></span> 
     </span>
     <span class='ocr_line' id='line_1_67' title="bbox 1027 816 1817 881; baseline -0.006 -12"><span class='ocrx_word' id='word_1_470' title='bbox 1027 820 1160 870; x_wconf 84' lang='lat' dir='ltr'><strong>Ecclesiae</strong></span> <span class='ocrx_word' id='word_1_471' title='bbox 1178 821 1358 881; x_wconf 89' lang='lat' dir='ltr'><strong>pertinerent,</strong></span> <span class='ocrx_word' id='word_1_472' title='bbox 1375 831 1442 880; x_wconf 89' lang='lat' dir='ltr'><strong>quae</strong></span> <span class='ocrx_word' id='word_1_473' title='bbox 1459 817 1501 866; x_wconf 93' lang='lat' dir='ltr'><strong>hlc</strong></span> <span class='ocrx_word' id='word_1_474' title='bbox 1518 829 1569 865; x_wconf 94' lang='lat' dir='ltr'><strong>non</strong></span> <span class='ocrx_word' id='word_1_475' title='bbox 1588 816 1726 879; x_wconf 59' lang='lat' dir='ltr'><strong>exprimo,</strong></span> <span class='ocrx_word' id='word_1_476' title='bbox 1747 816 1817 874; x_wconf 84' lang='lat' dir='ltr'><strong>Quae</strong></span> 
     </span>
     <span class='ocr_line' id='line_1_68' title="bbox 1028 896 1817 962; baseline -0.01 -13"><span class='ocrx_word' id='word_1_477' title='bbox 1028 900 1114 950; x_wconf 86' lang='lat' dir='ltr'><strong>omnia</strong></span> <span class='ocrx_word' id='word_1_478' title='bbox 1124 901 1237 962; x_wconf 90' lang='lat' dir='ltr'><strong>qualiter</strong></span> <span class='ocrx_word' id='word_1_479' title='bbox 1248 898 1345 946; x_wconf 86' lang='lat' dir='ltr'><strong>luerint</strong></span> <span class='ocrx_word' id='word_1_480' title='bbox 1362 897 1485 958; x_wconf 85' lang='lat' dir='ltr'><strong>expedita</strong></span> <span class='ocrx_word' id='word_1_481' title='bbox 1504 896 1649 946; x_wconf 87' lang='lat' dir='ltr'><strong>videamus.</strong></span> <span class='ocrx_word' id='word_1_482' title='bbox 1667 896 1700 945; x_wconf 88' lang='lat' dir='ltr'><strong>Et</strong></span> <span class='ocrx_word' id='word_1_483' title='bbox 1719 898 1817 955; x_wconf 90' lang='lat' dir='ltr'><strong>primo,</strong></span> 
     </span>
     <span class='ocr_line' id='line_1_69' title="bbox 1028 974 1820 1041; baseline -0.006 -14"><span class='ocrx_word' id='word_1_484' title='bbox 1028 978 1061 1028; x_wconf 88' lang='lat' dir='ltr'><strong>de</strong></span> <span class='ocrx_word' id='word_1_485' title='bbox 1078 991 1143 1041; x_wconf 86' lang='lat' dir='ltr'><strong>pace</strong></span> <span class='ocrx_word' id='word_1_486' title='bbox 1161 978 1303 1039; x_wconf 86' lang='lat' dir='ltr'><strong>pauca&#39;vel</strong></span> <span class='ocrx_word' id='word_1_487' title='bbox 1326 977 1395 1026; x_wconf 92' lang='lat' dir='ltr'><strong>nulla</strong></span> <span class='ocrx_word' id='word_1_488' title='bbox 1419 988 1481 1039; x_wconf 88' lang='lat' dir='ltr'><strong>spes</strong></span> <span class='ocrx_word' id='word_1_489' title='bbox 1499 979 1554 1033; x_wconf 88' lang='lat' dir='ltr'><strong>est,</strong></span> <span class='ocrx_word' id='word_1_490' title='bbox 1571 979 1601 1024; x_wconf 91' lang='lat' dir='ltr'><strong>nt</strong></span> <span class='ocrx_word' id='word_1_491' title='bbox 1618 976 1692 1036; x_wconf 84' lang='lat' dir='ltr'><strong>signa</strong></span> <span class='ocrx_word' id='word_1_492' title='bbox 1710 974 1820 1023; x_wconf 89' lang='lat' dir='ltr'><strong>demon·</strong></span> 
     </span>
     <span class='ocr_line' id='line_1_70' title="bbox 1029 1052 1818 1119; baseline -0.008 -12"><span class='ocrx_word' id='word_1_493' title='bbox 1029 1061 1129 1116; x_wconf 86' lang='lat' dir='ltr'><strong>strant;</strong></span> <span class='ocrx_word' id='word_1_494' title='bbox 1146 1069 1205 1106; x_wconf 91' lang='lat' dir='ltr'><strong>nam</strong></span> <span class='ocrx_word' id='word_1_495' title='bbox 1217 1067 1375 1119; x_wconf 87' lang='lat' dir='ltr'><strong>perpaucos</strong></span> <span class='ocrx_word' id='word_1_496' title='bbox 1387 1056 1443 1104; x_wconf 81' lang='lat' dir='ltr'><strong>dies</strong></span> <span class='ocrx_word' id='word_1_497' title='bbox 1455 1061 1515 1116; x_wconf 91' lang='lat' dir='ltr'><strong>post</strong></span> <span class='ocrx_word' id='word_1_498' title='bbox 1532 1055 1657 1104; x_wconf 85' lang='lat' dir='ltr'><strong>Dominus</strong></span> <span class='ocrx_word' id='word_1_499' title='bbox 1668 1052 1818 1103; x_wconf 78' lang='lat' dir='ltr'><strong>Alexander</strong></span> 
     </span>
     <span class='ocr_line' id='line_1_71' title="bbox 1029 1132 1818 1197; baseline -0.004 -14"><span class='ocrx_word' id='word_1_500' title='bbox 1029 1134 1061 1184; x_wconf 90' lang='lat' dir='ltr'><strong>de</strong></span> <span class='ocrx_word' id='word_1_501' title='bbox 1078 1134 1193 1189; x_wconf 88' lang='lat' dir='ltr'><strong>Pisauro,</strong></span> <span class='ocrx_word' id='word_1_502' title='bbox 1205 1147 1284 1197; x_wconf 87' lang='lat' dir='ltr'><strong>gener</strong></span> <span class='ocrx_word' id='word_1_503' title='bbox 1296 1132 1460 1184; x_wconf 90' lang='lat' dir='ltr'><strong>Sanctissimi</strong></span> <span class='ocrx_word' id='word_1_504' title='bbox 1471 1133 1543 1183; x_wconf 87' lang='lat' dir='ltr'><strong>Dom.</strong></span> <span class='ocrx_word' id='word_1_505' title='bbox 1554 1132 1645 1186; x_wconf 87' lang='lat' dir='ltr'><strong>Nostri</strong></span> <span class='ocrx_word' id='word_1_506' title='bbox 1656 1132 1753 1194; x_wconf 83' lang='lat' dir='ltr'><strong>Papae,</strong></span> <span class='ocrx_word' id='word_1_507' title='bbox 1762 1145 1818 1181; x_wconf 88' lang='lat' dir='ltr'><strong>eum</strong></span> 
     </span>
     <span class='ocr_line' id='line_1_72' title="bbox 1029 1212 1818 1277; baseline -0.008 -14"><span class='ocrx_word' id='word_1_508' title='bbox 1029 1226 1077 1263; x_wconf 86' lang='lat' dir='ltr'><strong>sex</strong></span> <span class='ocrx_word' id='word_1_509' title='bbox 1099 1217 1215 1277; x_wconf 89' lang='lat' dir='ltr'><strong>squatris</strong></span> <span class='ocrx_word' id='word_1_510' title='bbox 1239 1214 1349 1262; x_wconf 90' lang='lat' dir='ltr'><strong>militum</strong></span> <span class='ocrx_word' id='word_1_511' title='bbox 1367 1214 1530 1262; x_wconf 77' lang='lat' dir='ltr'><strong>armatorum</strong></span> <span class='ocrx_word' id='word_1_512' title='bbox 1548 1212 1818 1266; x_wconf 88' lang='lat' dir='ltr'><strong>demonstrationem,</strong></span> 
     </span>
     <span class='ocr_line' id='line_1_73' title="bbox 1029 1286 1819 1354; baseline -0.004 -13"><span class='ocrx_word' id='word_1_513' title='bbox 1029 1286 1056 1341; x_wconf 83' lang='lat' dir='ltr'><strong>et</strong></span> <span class='ocrx_word' id='word_1_514' title='bbox 1073 1306 1123 1342; x_wconf 92' lang='lat' dir='ltr'><strong>uon</strong></span> <span class='ocrx_word' id='word_1_515' title='bbox 1142 1293 1251 1342; x_wconf 91' lang='lat' dir='ltr'><strong>multum</strong></span> <span class='ocrx_word' id='word_1_516' title='bbox 1272 1297 1332 1354; x_wconf 89' lang='lat' dir='ltr'><strong>post</strong></span> <span class='ocrx_word' id='word_1_517' title='bbox 1354 1292 1497 1341; x_wconf 85' lang='lat' dir='ltr'><strong>Fracassus</strong></span> <span class='ocrx_word' id='word_1_518' title='bbox 1522 1291 1556 1340; x_wconf 90' lang='lat' dir='ltr'><strong>de</strong></span> <span class='ocrx_word' id='word_1_519' title='bbox 1580 1290 1677 1350; x_wconf 83' lang='lat' dir='ltr'><strong>Sancto</strong></span> <span class='ocrx_word' id='word_1_520' title='bbox 1695 1290 1819 1338; x_wconf 78' lang='lat' dir='ltr'><strong>severim</strong></span> 
     </span>
     <span class='ocr_line' id='line_1_74' title="bbox 1029 1367 1820 1434; baseline -0.006 -13"><span class='ocrx_word' id='word_1_521' title='bbox 1029 1385 1088 1422; x_wconf 89' lang='lat' dir='ltr'><strong>cum</strong></span> <span class='ocrx_word' id='word_1_522' title='bbox 1105 1371 1226 1434; x_wconf 86' lang='lat' dir='ltr'><strong>gentibus</strong></span> <span class='ocrx_word' id='word_1_523' title='bbox 1242 1370 1315 1428; x_wconf 89' lang='lat' dir='ltr'><strong>suis,</strong></span> <span class='ocrx_word' id='word_1_524' title='bbox 1331 1383 1381 1421; x_wconf 87' lang='lat' dir='ltr'><strong>nec</strong></span> <span class='ocrx_word' id='word_1_525' title='bbox 1399 1384 1450 1420; x_wconf 90' lang='lat' dir='ltr'><strong>nun</strong></span> <span class='ocrx_word' id='word_1_526' title='bbox 1467 1375 1494 1420; x_wconf 86' lang='lat' dir='ltr'><strong>at</strong></span> <span class='ocrx_word' id='word_1_527' title='bbox 1510 1371 1632 1429; x_wconf 85' lang='lat' dir='ltr'><strong>Nicotaus</strong></span> <span class='ocrx_word' id='word_1_528' title='bbox 1650 1373 1747 1419; x_wconf 88' lang='lat' dir='ltr'><strong>comes</strong></span> <span class='ocrx_word' id='word_1_529' title='bbox 1763 1367 1820 1417; x_wconf 88' lang='lat' dir='ltr'><strong>Piti-</strong></span> 
     </span>
     <span class='ocr_line' id='line_1_75' title="bbox 1029 1448 1819 1513; baseline -0.005 -13"><span class='ocrx_word' id='word_1_530' title='bbox 1029 1451 1105 1510; x_wconf 85' lang='lat' dir='ltr'><strong>liani,</strong></span> <span class='ocrx_word' id='word_1_531' title='bbox 1122 1451 1253 1501; x_wconf 79' lang='lat' dir='ltr'><strong>Macrinus</strong></span> <span class='ocrx_word' id='word_1_532' title='bbox 1265 1448 1398 1509; x_wconf 89' lang='lat' dir='ltr'><strong>Sabellus,</strong></span> <span class='ocrx_word' id='word_1_533' title='bbox 1414 1450 1538 1500; x_wconf 87' lang='lat' dir='ltr'><strong>Nicotaus</strong></span> <span class='ocrx_word' id='word_1_534' title='bbox 1555 1450 1588 1499; x_wconf 92' lang='lat' dir='ltr'><strong>de</strong></span> <span class='ocrx_word' id='word_1_535' title='bbox 1605 1448 1777 1513; x_wconf 82' lang='lat' dir='ltr'><strong>Sermoneta,</strong></span> <span class='ocrx_word' id='word_1_536' title='bbox 1794 1450 1819 1496; x_wconf 90' lang='lat' dir='ltr'><strong>et</strong></span> 
     </span>
     <span class='ocr_line' id='line_1_76' title="bbox 1028 1527 1819 1590; baseline -0.004 -12"><span class='ocrx_word' id='word_1_537' title='bbox 1028 1527 1110 1578; x_wconf 84' lang='lat' dir='ltr'><strong>Julius</strong></span> <span class='ocrx_word' id='word_1_538' title='bbox 1133 1527 1239 1577; x_wconf 88' lang='lat' dir='ltr'><strong>Ursinus</strong></span> <span class='ocrx_word' id='word_1_539' title='bbox 1261 1542 1319 1577; x_wconf 90' lang='lat' dir='ltr'><strong>cum</strong></span> <span class='ocrx_word' id='word_1_540' title='bbox 1341 1527 1464 1590; x_wconf 88' lang='lat' dir='ltr'><strong>gentibus</strong></span> <span class='ocrx_word' id='word_1_541' title='bbox 1484 1532 1646 1578; x_wconf 88' lang='lat' dir='ltr'><strong>armatorum</strong></span> <span class='ocrx_word' id='word_1_542' title='bbox 1676 1539 1770 1575; x_wconf 88' lang='lat' dir='ltr'><strong>eorum</strong></span> <span class='ocrx_word' id='word_1_543' title='bbox 1791 1539 1819 1575; x_wconf 88' lang='lat' dir='ltr'><strong>se</strong></span> 
     </span>
     <span class='ocr_line' id='line_1_77' title="bbox 1025 1607 1820 1671; baseline -0.003 -15"><span class='ocrx_word' id='word_1_544' title='bbox 1025 1607 1186 1669; x_wconf 87' lang='lat' dir='ltr'><strong>junxerunt,</strong></span> <span class='ocrx_word' id='word_1_545' title='bbox 1202 1608 1237 1655; x_wconf 89' lang='lat' dir='ltr'><strong>ita</strong></span> <span class='ocrx_word' id='word_1_546' title='bbox 1254 1612 1283 1656; x_wconf 93' lang='lat' dir='ltr'><strong>ut</strong></span> <span class='ocrx_word' id='word_1_547' title='bbox 1300 1609 1324 1657; x_wconf 93' lang='lat' dir='ltr'><strong>in</strong></span> <span class='ocrx_word' id='word_1_548' title='bbox 1342 1613 1425 1658; x_wconf 91' lang='lat' dir='ltr'><strong>totum</strong></span> <span class='ocrx_word' id='word_1_549' title='bbox 1443 1621 1527 1671; x_wconf 87' lang='lat' dir='ltr'><strong>nsque</strong></span> <span class='ocrx_word' id='word_1_550' title='bbox 1544 1620 1613 1656; x_wconf 91' lang='lat' dir='ltr'><strong>nunc</strong></span> <span class='ocrx_word' id='word_1_551' title='bbox 1631 1611 1685 1656; x_wconf 90' lang='lat' dir='ltr'><strong>sint</strong></span> <span class='ocrx_word' id='word_1_552' title='bbox 1698 1609 1774 1655; x_wconf 86' lang='lat' dir='ltr'><strong>cirea</strong></span> <span class='ocrx_word' id='word_1_553' title='bbox 1792 1608 1820 1655; x_wconf 80' lang='lat' dir='ltr'><strong>to</strong></span> 
     </span>
     <span class='ocr_line' id='line_1_78' title="bbox 1030 1686 1819 1748; baseline 0 -13"><span class='ocrx_word' id='word_1_554' title='bbox 1030 1691 1163 1748; x_wconf 86' lang='lat' dir='ltr'><strong>squatrae.</strong></span> <span class='ocrx_word' id='word_1_555' title='bbox 1178 1686 1209 1736; x_wconf 89' lang='lat' dir='ltr'><strong>Et</strong></span> <span class='ocrx_word' id='word_1_556' title='bbox 1226 1687 1294 1736; x_wconf 90' lang='lat' dir='ltr'><strong>ultra</strong></span> <span class='ocrx_word' id='word_1_557' title='bbox 1307 1689 1372 1736; x_wconf 89' lang='lat' dir='ltr'><strong>alios</strong></span> <span class='ocrx_word' id='word_1_558' title='bbox 1384 1689 1452 1738; x_wconf 85' lang='lat' dir='ltr'><strong>alius</strong></span> <span class='ocrx_word' id='word_1_559' title='bbox 1462 1698 1589 1737; x_wconf 87' lang='lat' dir='ltr'><strong>numerus</strong></span> <span class='ocrx_word' id='word_1_560' title='bbox 1604 1690 1819 1744; x_wconf 82' lang='lat' dir='ltr'><strong>Janizzerornm,</strong></span> 
     </span>
     <span class='ocr_line' id='line_1_79' title="bbox 1030 1766 1820 1834; baseline 0.001 -21"><span class='ocrx_word' id='word_1_561' title='bbox 1030 1766 1224 1814; x_wconf 89' lang='lat' dir='ltr'><strong>balistariorum</strong></span> <span class='ocrx_word' id='word_1_562' title='bbox 1237 1770 1263 1815; x_wconf 92' lang='lat' dir='ltr'><strong>et</strong></span> <span class='ocrx_word' id='word_1_563' title='bbox 1276 1779 1402 1834; x_wconf 88' lang='lat' dir='ltr'><strong>equorum</strong></span> <span class='ocrx_word' id='word_1_564' title='bbox 1421 1768 1517 1817; x_wconf 92' lang='lat' dir='ltr'><strong>levium</strong></span> <span class='ocrx_word' id='word_1_565' title='bbox 1529 1769 1582 1829; x_wconf 86' lang='lat' dir='ltr'><strong>(sic</strong></span> <span class='ocrx_word' id='word_1_566' title='bbox 1596 1767 1744 1829; x_wconf 85' lang='lat' dir='ltr'><strong>vulgariter</strong></span> <span class='ocrx_word' id='word_1_567' title='bbox 1756 1780 1820 1814; x_wconf 90' lang='lat' dir='ltr'><strong>nun·</strong></span> 
     </span>
     <span class='ocr_line' id='line_1_80' title="bbox 1029 1845 1818 1915; baseline 0 -22"><span class='ocrx_word' id='word_1_568' title='bbox 1029 1849 1174 1915; x_wconf 76' lang='lat' dir='ltr'><strong>cupanturl</strong></span> <span class='ocrx_word' id='word_1_569' title='bbox 1191 1850 1217 1894; x_wconf 91' lang='lat' dir='ltr'><strong>et</strong></span> <span class='ocrx_word' id='word_1_570' title='bbox 1233 1846 1333 1895; x_wconf 85' lang='lat' dir='ltr'><strong>circum</strong></span> <span class='ocrx_word' id='word_1_571' title='bbox 1351 1848 1421 1895; x_wconf 89' lang='lat' dir='ltr'><strong>circa</strong></span> <span class='ocrx_word' id='word_1_572' title='bbox 1441 1845 1534 1896; x_wconf 83' lang='lat' dir='ltr'><strong>Urbem</strong></span> <span class='ocrx_word' id='word_1_573' title='bbox 1552 1847 1648 1896; x_wconf 89' lang='lat' dir='ltr'><strong>damna</strong></span> <span class='ocrx_word' id='word_1_574' title='bbox 1666 1848 1768 1895; x_wconf 87' lang='lat' dir='ltr'><strong>iaciunt</strong></span> <span class='ocrx_word' id='word_1_575' title='bbox 1784 1848 1818 1893; x_wconf 90' lang='lat' dir='ltr'><strong>in·</strong></span> 
     </span>
     <span class='ocr_line' id='line_1_81' title="bbox 1030 1922 1648 1984; baseline -0.002 -14"><span class='ocrx_word' id='word_1_576' title='bbox 1030 1922 1100 1973; x_wconf 86' lang='lat' dir='ltr'><strong>linita</strong></span> <span class='ocrx_word' id='word_1_577' title='bbox 1113 1945 1133 1971; x_wconf 89' lang='lat'><strong>·.</strong></span> <span class='ocrx_word' id='word_1_578' title='bbox 1405 1922 1407 1931; x_wconf 82' lang='lat'><em>&#39;</em></span> <span class='ocrx_word' id='word_1_579' title='bbox 1475 1968 1481 1981; x_wconf 63' lang='grc'>,</span> <span class='ocrx_word' id='word_1_580' title='bbox 1587 1975 1591 1984; x_wconf 29' lang='lat'><strong>¹</strong></span> <span class='ocrx_word' id='word_1_581' title='bbox 1646 1946 1648 1948; x_wconf 91' lang='lat'>·</span> 
     </span>
    </p>

    <p class='ocr_par' dir='ltr' id='par_1_8' title="bbox 1029 2003 1818 2531">
     <span class='ocr_line' id='line_1_82' title="bbox 1072 2003 1817 2065; baseline 0.001 -12"><span class='ocrx_word' id='word_1_582' title='bbox 1072 2004 1191 2053; x_wconf 82' lang='lat' dir='ltr'><strong>·Fertor</strong></span> <span class='ocrx_word' id='word_1_583' title='bbox 1208 2003 1290 2052; x_wconf 86' lang='lat' dir='ltr'><strong>etiam</strong></span> <span class='ocrx_word' id='word_1_584' title='bbox 1306 2004 1374 2065; x_wconf 91' lang='lat' dir='ltr'><strong>apud</strong></span> <span class='ocrx_word' id='word_1_585' title='bbox 1388 2004 1489 2053; x_wconf 86' lang='lat' dir='ltr'><strong>Ostiam</strong></span> <span class='ocrx_word' id='word_1_586' title='bbox 1507 2017 1566 2053; x_wconf 89' lang='lat' dir='ltr'><strong>cam</strong></span> <span class='ocrx_word' id='word_1_587' title='bbox 1578 2004 1722 2054; x_wconf 77' lang='lat' dir='ltr'><strong>cardinale</strong></span> <span class='ocrx_word' id='word_1_588' title='bbox 1732 2006 1817 2054; x_wconf 88' lang='lat' dir='ltr'><strong>Sancti</strong></span> 
     </span>
     <span class='ocr_line' id='line_1_83' title="bbox 1029 2080 1816 2157; baseline 0.004 -28"><span class='ocrx_word' id='word_1_589' title='bbox 1029 2080 1097 2131; x_wconf 87' lang='lat' dir='ltr'><strong>Petri</strong></span> <span class='ocrx_word' id='word_1_590' title='bbox 1115 2081 1148 2130; x_wconf 89' lang='lat' dir='ltr'><strong>ad</strong></span> <span class='ocrx_word' id='word_1_591' title='bbox 1163 2080 1347 2157; x_wconf 69' lang='lat' dir='ltr'><strong>Vinculaesse</strong></span> <span class='ocrx_word' id='word_1_592' title='bbox 1363 2083 1442 2132; x_wconf 86' lang='lat' dir='ltr'><strong>Dum.</strong></span> <span class='ocrx_word' id='word_1_593' title='bbox 1461 2083 1612 2133; x_wconf 75' lang='lat' dir='ltr'><strong>federicum</strong></span> <span class='ocrx_word' id='word_1_594' title='bbox 1636 2082 1719 2132; x_wconf 87' lang='lat' dir='ltr'><strong>litium</strong></span> <span class='ocrx_word' id='word_1_595' title='bbox 1746 2085 1816 2145; x_wconf 84' lang='lat' dir='ltr'><strong>{tegis</strong></span> 
     </span>
     <span class='ocr_line' id='line_1_84' title="bbox 1029 2160 1816 2231; baseline 0.004 -21"><span class='ocrx_word' id='word_1_596' title='bbox 1029 2160 1184 2211; x_wconf 80' lang='lat' dir='ltr'><strong>Perdinandi</strong></span> <span class='ocrx_word' id='word_1_597' title='bbox 1196 2173 1254 2211; x_wconf 91' lang='lat' dir='ltr'><strong>oum</strong></span> <span class='ocrx_word' id='word_1_598' title='bbox 1266 2161 1387 2212; x_wconf 88' lang='lat' dir='ltr'><strong>undecim</strong></span> <span class='ocrx_word' id='word_1_599' title='bbox 1400 2164 1510 2231; x_wconf 83' lang='lat' dir='ltr'><strong>galeris,</strong></span> <span class='ocrx_word' id='word_1_600' title='bbox 1525 2162 1664 2213; x_wconf 87' lang='lat' dir='ltr'><strong>Dominum</strong></span> <span class='ocrx_word' id='word_1_601' title='bbox 1679 2163 1816 2225; x_wconf 80' lang='lat' dir='ltr'><strong>virginium</strong></span> 
     </span>
     <span class='ocr_line' id='line_1_85' title="bbox 1030 2242 1818 2306; baseline -0.001 -13"><span class='ocrx_word' id='word_1_602' title='bbox 1030 2242 1165 2304; x_wconf 84' lang='lat' dir='ltr'><strong>Ursinnnr,</strong></span> <span class='ocrx_word' id='word_1_603' title='bbox 1180 2243 1316 2293; x_wconf 85' lang='lat' dir='ltr'><strong>Dominum</strong></span> <span class='ocrx_word' id='word_1_604' title='bbox 1334 2244 1489 2306; x_wconf 88' lang='lat' dir='ltr'><strong>Prosperum</strong></span> <span class='ocrx_word' id='word_1_605' title='bbox 1510 2250 1536 2294; x_wconf 90' lang='lat' dir='ltr'><strong>et</strong></span> <span class='ocrx_word' id='word_1_606' title='bbox 1556 2245 1703 2294; x_wconf 79' lang='lat' dir='ltr'><strong>Fabritium</strong></span> <span class='ocrx_word' id='word_1_607' title='bbox 1722 2245 1755 2293; x_wconf 89' lang='lat' dir='ltr'><strong>de</strong></span> <span class='ocrx_word' id='word_1_608' title='bbox 1772 2244 1818 2293; x_wconf 88' lang='lat' dir='ltr'><strong>Co·</strong></span> 
     </span>
     <span class='ocr_line' id='line_1_86' title="bbox 1031 2322 1817 2384; baseline 0 -14"><span class='ocrx_word' id='word_1_609' title='bbox 1031 2322 1118 2372; x_wconf 89' lang='lat' dir='ltr'><strong>lamna</strong></span> <span class='ocrx_word' id='word_1_610' title='bbox 1132 2335 1189 2371; x_wconf 90' lang='lat' dir='ltr'><strong>cnm</strong></span> <span class='ocrx_word' id='word_1_611' title='bbox 1203 2323 1332 2384; x_wconf 87' lang='lat' dir='ltr'><strong>aliquibus</strong></span> <span class='ocrx_word' id='word_1_612' title='bbox 1346 2324 1461 2372; x_wconf 90' lang='lat' dir='ltr'><strong>armatis.</strong></span> <span class='ocrx_word' id='word_1_613' title='bbox 1478 2323 1544 2384; x_wconf 86' lang='lat' dir='ltr'><strong>Quid</strong></span> <span class='ocrx_word' id='word_1_614' title='bbox 1561 2325 1631 2372; x_wconf 90' lang='lat' dir='ltr'><strong>inter</strong></span> <span class='ocrx_word' id='word_1_615' title='bbox 1649 2337 1680 2371; x_wconf 91' lang='lat' dir='ltr'><strong>se</strong></span> <span class='ocrx_word' id='word_1_616' title='bbox 1698 2326 1817 2382; x_wconf 82' lang='lat' dir='ltr'><strong>tractent,</strong></span> 
     </span>
     <span class='ocr_line' id='line_1_87' title="bbox 1029 2391 1817 2465; baseline 0.004 -16"><span class='ocrx_word' id='word_1_617' title='bbox 1029 2402 1146 2463; x_wconf 86' lang='lat' dir='ltr'><strong>qnotidie</strong></span> <span class='ocrx_word' id='word_1_618' title='bbox 1163 2391 1237 2450; x_wconf 86' lang='lat' dir='ltr'><strong>simul</strong></span> <span class='ocrx_word' id='word_1_619' title='bbox 1256 2402 1460 2461; x_wconf 88' lang='lat' dir='ltr'><strong>ratiocinantes,</strong></span> <span class='ocrx_word' id='word_1_620' title='bbox 1475 2403 1601 2452; x_wconf 86' lang='lat' dir='ltr'><strong>nescitur.</strong></span> <span class='ocrx_word' id='word_1_621' title='bbox 1619 2403 1733 2465; x_wconf 85' lang='lat' dir='ltr'><strong>Propter</strong></span> <span class='ocrx_word' id='word_1_622' title='bbox 1754 2402 1817 2465; x_wconf 89' lang='lat' dir='ltr'><strong>qaod</strong></span> 
     </span>
     <span class='ocr_line' id='line_1_88' title="bbox 1031 2480 1688 2531; baseline 0.002 -1"><span class='ocrx_word' id='word_1_623' title='bbox 1031 2494 1082 2531; x_wconf 91' lang='lat' dir='ltr'><strong>non</strong></span> <span class='ocrx_word' id='word_1_624' title='bbox 1101 2482 1157 2530; x_wconf 89' lang='lat' dir='ltr'><strong>sine</strong></span> <span class='ocrx_word' id='word_1_625' title='bbox 1175 2481 1278 2530; x_wconf 84' lang='lat' dir='ltr'><strong>ratione</strong></span> <span class='ocrx_word' id='word_1_626' title='bbox 1295 2481 1328 2530; x_wconf 90' lang='lat' dir='ltr'><strong>de</strong></span> <span class='ocrx_word' id='word_1_627' title='bbox 1344 2481 1433 2531; x_wconf 87' lang='lat' dir='ltr'><strong>tuturo</strong></span> <span class='ocrx_word' id='word_1_628' title='bbox 1450 2480 1520 2531; x_wconf 84' lang='lat' dir='ltr'><strong>bello</strong></span> <span class='ocrx_word' id='word_1_629' title='bbox 1536 2483 1647 2531; x_wconf 89' lang='lat' dir='ltr'><strong>timetur</strong></span> <span class='ocrx_word' id='word_1_630' title='bbox 1668 2505 1688 2531; x_wconf 87' lang='lat'><strong>·.</strong></span> 
     </span>
    </p>

    <p class='ocr_par' dir='ltr' id='par_1_9' title="bbox 1075 2558 1816 2621">
     <span class='ocr_line' id='line_1_89' title="bbox 1075 2558 1816 2621; baseline 0 -14"><span class='ocrx_word' id='word_1_631' title='bbox 1075 2579 1084 2599; x_wconf 87' lang='lat'><em>·</em></span> <span class='ocrx_word' id='word_1_632' title='bbox 1103 2558 1141 2608; x_wconf 88' lang='lat' dir='ltr'><strong>De</strong></span> <span class='ocrx_word' id='word_1_633' title='bbox 1162 2560 1245 2621; x_wconf 89' lang='lat' dir='ltr'><strong>prima</strong></span> <span class='ocrx_word' id='word_1_634' title='bbox 1269 2563 1354 2621; x_wconf 88' lang='lat' dir='ltr'><strong>parte,</strong></span> <span class='ocrx_word' id='word_1_635' title='bbox 1371 2560 1483 2609; x_wconf 80' lang='lat' dir='ltr'><strong>Harrani</strong></span> <span class='ocrx_word' id='word_1_636' title='bbox 1504 2563 1637 2609; x_wconf 89' lang='lat' dir='ltr'><strong>steterunt</strong></span> <span class='ocrx_word' id='word_1_637' title='bbox 1661 2562 1687 2608; x_wconf 92' lang='lat' dir='ltr'><strong>in</strong></span> <span class='ocrx_word' id='word_1_638' title='bbox 1707 2561 1816 2608; x_wconf 87' lang='lat' dir='ltr'><strong>maxima</strong></span> 
     </span>
    </p>

    <p class='ocr_par' dir='ltr' id='par_1_10' title="bbox 1031 2637 1875 4110">
     <span class='ocr_line' id='line_1_90' title="bbox 1031 2637 1875 2701; baseline -0.007 -13"><span class='ocrx_word' id='word_1_639' title='bbox 1031 2639 1176 2700; x_wconf 90' lang='lat' dir='ltr'><strong>quantitate</strong></span> <span class='ocrx_word' id='word_1_640' title='bbox 1189 2643 1265 2690; x_wconf 90' lang='lat' dir='ltr'><strong>extra</strong></span> <span class='ocrx_word' id='word_1_641' title='bbox 1277 2637 1379 2686; x_wconf 87' lang='lat' dir='ltr'><strong>Portam</strong></span> <span class='ocrx_word' id='word_1_642' title='bbox 1393 2637 1503 2700; x_wconf 88' lang='lat' dir='ltr'><strong>Appiam</strong></span> <span class='ocrx_word' id='word_1_643' title='bbox 1515 2638 1583 2701; x_wconf 88' lang='lat' dir='ltr'><strong>apud</strong></span> <span class='ocrx_word' id='word_1_644' title='bbox 1594 2637 1678 2701; x_wconf 75' lang='lat' dir='ltr'><strong>Caput</strong></span> <span class='ocrx_word' id='word_1_645' title='bbox 1688 2638 1774 2694; x_wconf 84' lang='lat' dir='ltr'><strong>Eoris,</strong></span> <span class='ocrx_word' id='word_1_646' title='bbox 1788 2638 1817 2686; x_wconf 92' lang='lat' dir='ltr'><strong>ibi</strong></span> <span class='ocrx_word' id='word_1_647' title='bbox 1871 2672 1875 2682; x_wconf 88' lang='lat'><strong>.</strong></span> 
     </span>
     <span class='ocr_line' id='line_1_91' title="bbox 1032 2714 1817 2779; baseline -0.001 -15"><span class='ocrx_word' id='word_1_648' title='bbox 1032 2715 1145 2764; x_wconf 88' lang='lat' dir='ltr'><strong>tentoria</strong></span> <span class='ocrx_word' id='word_1_649' title='bbox 1163 2717 1317 2773; x_wconf 85' lang='lat' dir='ltr'><strong>tendentes,</strong></span> <span class='ocrx_word' id='word_1_650' title='bbox 1334 2717 1550 2779; x_wconf 88' lang='lat' dir='ltr'><strong>intraveruntque</strong></span> <span class='ocrx_word' id='word_1_651' title='bbox 1564 2718 1588 2765; x_wconf 93' lang='lat' dir='ltr'><strong>in</strong></span> <span class='ocrx_word' id='word_1_652' title='bbox 1601 2714 1698 2764; x_wconf 87' lang='lat' dir='ltr'><strong>Urbem</strong></span> <span class='ocrx_word' id='word_1_653' title='bbox 1718 2720 1817 2765; x_wconf 87' lang='lat' dir='ltr'><strong>secreto</strong></span> 
     </span>
     <span class='ocr_line' id='line_1_92' title="bbox 1033 2793 1816 2856; baseline 0 -14"><span class='ocrx_word' id='word_1_654' title='bbox 1033 2795 1124 2852; x_wconf 86' lang='lat' dir='ltr'><strong>modo,</strong></span> <span class='ocrx_word' id='word_1_655' title='bbox 1141 2807 1171 2844; x_wconf 92' lang='lat' dir='ltr'><strong>eo</strong></span> <span class='ocrx_word' id='word_1_656' title='bbox 1188 2795 1257 2856; x_wconf 93' lang='lat' dir='ltr'><strong>quod</strong></span> <span class='ocrx_word' id='word_1_657' title='bbox 1270 2793 1303 2843; x_wconf 92' lang='lat' dir='ltr'><strong>ad</strong></span> <span class='ocrx_word' id='word_1_658' title='bbox 1315 2795 1461 2855; x_wconf 89' lang='lat' dir='ltr'><strong>custodiam</strong></span> <span class='ocrx_word' id='word_1_659' title='bbox 1474 2794 1609 2843; x_wconf 87' lang='lat' dir='ltr'><strong>Portarum</strong></span> <span class='ocrx_word' id='word_1_660' title='bbox 1622 2795 1746 2856; x_wconf 89' lang='lat' dir='ltr'><strong>deputati</strong></span> <span class='ocrx_word' id='word_1_661' title='bbox 1764 2799 1816 2842; x_wconf 88' lang='lat' dir='ltr'><strong>sunt</strong></span> 
     </span>
     <span class='ocr_line' id='line_1_93' title="bbox 1031 2872 1817 2934; baseline -0.003 -12"><span class='ocrx_word' id='word_1_662' title='bbox 1031 2872 1138 2934; x_wconf 86' lang='lat' dir='ltr'><strong>Hispani</strong></span> <span class='ocrx_word' id='word_1_663' title='bbox 1155 2875 1294 2934; x_wconf 82' lang='lat' dir='ltr'><strong>armigeri,</strong></span> <span class='ocrx_word' id='word_1_664' title='bbox 1306 2878 1349 2932; x_wconf 88' lang='lat' dir='ltr'><strong>et,</strong></span> <span class='ocrx_word' id='word_1_665' title='bbox 1360 2877 1389 2922; x_wconf 91' lang='lat' dir='ltr'><strong>ut</strong></span> <span class='ocrx_word' id='word_1_666' title='bbox 1401 2874 1529 2933; x_wconf 91' lang='lat' dir='ltr'><strong>creditur,</strong></span> <span class='ocrx_word' id='word_1_667' title='bbox 1541 2875 1620 2923; x_wconf 86' lang='lat' dir='ltr'><strong>stiam</strong></span> <span class='ocrx_word' id='word_1_668' title='bbox 1633 2872 1750 2928; x_wconf 84' lang='lat' dir='ltr'><strong>de-iltis,</strong></span> <span class='ocrx_word' id='word_1_669' title='bbox 1759 2873 1817 2921; x_wconf 87' lang='lat' dir='ltr'><strong>adeo</strong></span> 
     </span>
     <span class='ocr_line' id='line_1_94' title="bbox 1032 2951 1816 3014; baseline -0.004 -14"><span class='ocrx_word' id='word_1_670' title='bbox 1032 2958 1060 3001; x_wconf 91' lang='lat' dir='ltr'><strong>ut</strong></span> <span class='ocrx_word' id='word_1_671' title='bbox 1078 2952 1265 3001; x_wconf 89' lang='lat' dir='ltr'><strong>incontinenti</strong></span> <span class='ocrx_word' id='word_1_672' title='bbox 1283 2953 1368 3014; x_wconf 87' lang='lat' dir='ltr'><strong>pestis</strong></span> <span class='ocrx_word' id='word_1_673' title='bbox 1391 2953 1520 3002; x_wconf 87' lang='lat' dir='ltr'><strong>invaserit</strong></span> <span class='ocrx_word' id='word_1_674' title='bbox 1541 2951 1655 3009; x_wconf 86' lang='lat' dir='ltr'><strong>Urbem,</strong></span> <span class='ocrx_word' id='word_1_675' title='bbox 1674 2954 1816 3012; x_wconf 84' lang='lat' dir='ltr'><strong>mortuique</strong></span> 
     </span>
     <span class='ocr_line' id='line_1_95' title="bbox 1033 3031 1815 3094; baseline -0.004 -14"><span class='ocrx_word' id='word_1_676' title='bbox 1033 3033 1086 3081; x_wconf 89' lang='lat' dir='ltr'><strong>sint</strong></span> <span class='ocrx_word' id='word_1_677' title='bbox 1102 3031 1286 3094; x_wconf 85' lang='lat' dir='ltr'><strong>quamplurimi</strong></span> <span class='ocrx_word' id='word_1_678' title='bbox 1308 3043 1339 3080; x_wconf 86' lang='lat' dir='ltr'><strong>ex</strong></span> <span class='ocrx_word' id='word_1_679' title='bbox 1357 3037 1433 3093; x_wconf 91' lang='lat' dir='ltr'><strong>peste</strong></span> <span class='ocrx_word' id='word_1_680' title='bbox 1459 3036 1485 3080; x_wconf 91' lang='lat' dir='ltr'><strong>et</strong></span> <span class='ocrx_word' id='word_1_681' title='bbox 1510 3032 1666 3092; x_wconf 85' lang='lat' dir='ltr'><strong>contagione</strong></span> <span class='ocrx_word' id='word_1_682' title='bbox 1691 3031 1815 3079; x_wconf 89' lang='lat' dir='ltr'><strong>dictorum</strong></span> 
     </span>
     <span class='ocr_line' id='line_1_96' title="bbox 1032 3107 1813 3170; baseline -0.004 -11"><span class='ocrx_word' id='word_1_683' title='bbox 1032 3111 1230 3167; x_wconf 85' lang='lat' dir='ltr'><strong>blarranoram,</strong></span> <span class='ocrx_word' id='word_1_684' title='bbox 1246 3108 1279 3157; x_wconf 90' lang='lat' dir='ltr'><strong>de</strong></span> <span class='ocrx_word' id='word_1_685' title='bbox 1296 3108 1391 3170; x_wconf 88' lang='lat' dir='ltr'><strong>quibus</strong></span> <span class='ocrx_word' id='word_1_686' title='bbox 1415 3112 1468 3159; x_wconf 85' lang='lat' dir='ltr'><strong>tota</strong></span> <span class='ocrx_word' id='word_1_687' title='bbox 1494 3107 1559 3158; x_wconf 91' lang='lat' dir='ltr'><strong>Urbs</strong></span> <span class='ocrx_word' id='word_1_688' title='bbox 1579 3109 1687 3169; x_wconf 88' lang='lat' dir='ltr'><strong>impleta</strong></span> <span class='ocrx_word' id='word_1_689' title='bbox 1705 3114 1764 3165; x_wconf 88' lang='lat' dir='ltr'><strong>est,</strong></span> <span class='ocrx_word' id='word_1_690' title='bbox 1781 3112 1813 3164; x_wconf 85' lang='lat' dir='ltr'><strong>et,</strong></span> 
     </span>
     <span class='ocr_line' id='line_1_97' title="bbox 1032 3187 1814 3249; baseline -0.001 -13"><span class='ocrx_word' id='word_1_691' title='bbox 1032 3192 1061 3236; x_wconf 93' lang='lat' dir='ltr'><strong>ut</strong></span> <span class='ocrx_word' id='word_1_692' title='bbox 1083 3187 1168 3237; x_wconf 86' lang='lat' dir='ltr'><strong>videri</strong></span> <span class='ocrx_word' id='word_1_693' title='bbox 1191 3191 1295 3249; x_wconf 83' lang='lat' dir='ltr'><strong>potest,</strong></span> <span class='ocrx_word' id='word_1_694' title='bbox 1316 3200 1368 3237; x_wconf 92' lang='lat' dir='ltr'><strong>non</strong></span> <span class='ocrx_word' id='word_1_695' title='bbox 1393 3188 1451 3237; x_wconf 90' lang='lat' dir='ltr'><strong>sine</strong></span> <span class='ocrx_word' id='word_1_696' title='bbox 1475 3188 1612 3237; x_wconf 88' lang='lat' dir='ltr'><strong>voluntate</strong></span> <span class='ocrx_word' id='word_1_697' title='bbox 1637 3191 1664 3237; x_wconf 85' lang='lat' dir='ltr'><strong>et</strong></span> <span class='ocrx_word' id='word_1_698' title='bbox 1688 3189 1814 3249; x_wconf 87' lang='lat' dir='ltr'><strong>permissu</strong></span> 
     </span>
     <span class='ocr_line' id='line_1_98' title="bbox 1033 3266 1468 3328; baseline 0 -13"><span class='ocrx_word' id='word_1_699' title='bbox 1033 3266 1116 3328; x_wconf 91' lang='lat' dir='ltr'><strong>Papae</strong></span> <span class='ocrx_word' id='word_1_700' title='bbox 1131 3289 1150 3315; x_wconf 76' lang='grc' dir='ltr'><strong>ι,</strong></span> <span class='ocrx_word' id='word_1_701' title='bbox 1465 3310 1468 3315; x_wconf 88' lang='lat'>.</span> 
     </span>
     <span class='ocr_line' id='line_1_99' title="bbox 1074 3344 1815 3408; baseline 0 -13"><span class='ocrx_word' id='word_1_702' title='bbox 1074 3346 1174 3407; x_wconf 85' lang='lat' dir='ltr'><strong>Quibus</strong></span> <span class='ocrx_word' id='word_1_703' title='bbox 1190 3346 1248 3395; x_wconf 93' lang='lat' dir='ltr'><strong>aliis</strong></span> <span class='ocrx_word' id='word_1_704' title='bbox 1265 3346 1298 3395; x_wconf 91' lang='lat' dir='ltr'><strong>de</strong></span> <span class='ocrx_word' id='word_1_705' title='bbox 1315 3348 1401 3396; x_wconf 90' lang='lat' dir='ltr'><strong>causis</strong></span> <span class='ocrx_word' id='word_1_706' title='bbox 1419 3345 1514 3395; x_wconf 88' lang='lat' dir='ltr'><strong>Orator</strong></span> <span class='ocrx_word' id='word_1_707' title='bbox 1530 3344 1664 3408; x_wconf 89' lang='lat' dir='ltr'><strong>Hispanus</strong></span> <span class='ocrx_word' id='word_1_708' title='bbox 1682 3346 1716 3395; x_wconf 91' lang='lat' dir='ltr'><strong>ad</strong></span> <span class='ocrx_word' id='word_1_709' title='bbox 1729 3345 1815 3395; x_wconf 87' lang='lat' dir='ltr'><strong>Urbem</strong></span> 
     </span>
     <span class='ocr_line' id='line_1_100' title="bbox 1033 3425 1817 3488; baseline -0.003 -14"><span class='ocrx_word' id='word_1_710' title='bbox 1033 3428 1153 3485; x_wconf 88' lang='lat' dir='ltr'><strong>venerit,</strong></span> <span class='ocrx_word' id='word_1_711' title='bbox 1171 3439 1204 3475; x_wconf 89' lang='lat' dir='ltr'><strong>ex</strong></span> <span class='ocrx_word' id='word_1_712' title='bbox 1223 3427 1399 3476; x_wconf 89' lang='lat' dir='ltr'><strong>monumentis</strong></span> <span class='ocrx_word' id='word_1_713' title='bbox 1417 3425 1557 3488; x_wconf 86' lang='lat' dir='ltr'><strong>permultis</strong></span> <span class='ocrx_word' id='word_1_714' title='bbox 1576 3425 1728 3475; x_wconf 88' lang='lat' dir='ltr'><strong>lutessurae</strong></span> <span class='ocrx_word' id='word_1_715' title='bbox 1751 3427 1817 3487; x_wconf 91' lang='lat' dir='ltr'><strong>iguo·</strong></span> 
     </span>
     <span class='ocr_line' id='line_1_101' title="bbox 1034 3504 1816 3568; baseline -0.004 -13"><span class='ocrx_word' id='word_1_716' title='bbox 1034 3507 1068 3555; x_wconf 91' lang='lat' dir='ltr'><strong>tis</strong></span> <span class='ocrx_word' id='word_1_717' title='bbox 1085 3511 1167 3568; x_wconf 89' lang='lat' dir='ltr'><strong>patet.</strong></span> <span class='ocrx_word' id='word_1_718' title='bbox 1184 3504 1211 3554; x_wconf 92' lang='lat' dir='ltr'><strong>ln</strong></span> <span class='ocrx_word' id='word_1_719' title='bbox 1228 3507 1321 3568; x_wconf 90' lang='lat' dir='ltr'><strong>primis</strong></span> <span class='ocrx_word' id='word_1_720' title='bbox 1340 3504 1519 3554; x_wconf 76' lang='lat' dir='ltr'><strong>christoforus</strong></span> <span class='ocrx_word' id='word_1_721' title='bbox 1536 3505 1701 3564; x_wconf 82' lang='lat' dir='ltr'><strong>columbus,</strong></span> <span class='ocrx_word' id='word_1_722' title='bbox 1720 3509 1816 3554; x_wconf 86' lang='lat' dir='ltr'><strong>natione</strong></span> 
     </span>
     <span class='ocr_line' id='line_1_102' title="bbox 1033 3583 1816 3648; baseline -0.004 -13"><span class='ocrx_word' id='word_1_723' title='bbox 1033 3586 1133 3643; x_wconf 89' lang='lat' dir='ltr'><strong>italus,</strong></span> <span class='ocrx_word' id='word_1_724' title='bbox 1150 3585 1198 3642; x_wconf 87' lang='lat' dir='ltr'><strong>sed</strong></span> <span class='ocrx_word' id='word_1_725' title='bbox 1221 3584 1405 3648; x_wconf 76' lang='lat' dir='ltr'><strong>Hispaniarum</strong></span> <span class='ocrx_word' id='word_1_726' title='bbox 1428 3583 1542 3646; x_wconf 83' lang='lat' dir='ltr'><strong>Regibus</strong></span> <span class='ocrx_word' id='word_1_727' title='bbox 1567 3585 1679 3633; x_wconf 88' lang='lat' dir='ltr'><strong>servitio</strong></span> <span class='ocrx_word' id='word_1_728' title='bbox 1702 3584 1816 3634; x_wconf 84' lang='lat' dir='ltr'><strong>addictos</strong></span> 
     </span>
     <span class='ocr_line' id='line_1_103' title="bbox 1033 3660 1817 3724; baseline -0.005 -11"><span class='ocrx_word' id='word_1_729' title='bbox 1033 3676 1131 3713; x_wconf 86' lang='lat' dir='ltr'><strong>norum</strong></span> <span class='ocrx_word' id='word_1_730' title='bbox 1143 3663 1234 3712; x_wconf 92' lang='lat' dir='ltr'><strong>orbem</strong></span> <span class='ocrx_word' id='word_1_731' title='bbox 1247 3665 1403 3720; x_wconf 87' lang='lat' dir='ltr'><strong>invenerat,</strong></span> <span class='ocrx_word' id='word_1_732' title='bbox 1420 3666 1462 3721; x_wconf 91' lang='lat' dir='ltr'><strong>et,</strong></span> <span class='ocrx_word' id='word_1_733' title='bbox 1478 3660 1599 3724; x_wconf 88' lang='lat' dir='ltr'><strong>gentibus</strong></span> <span class='ocrx_word' id='word_1_734' title='bbox 1612 3662 1738 3711; x_wconf 88' lang='lat' dir='ltr'><strong>omnibus</strong></span> <span class='ocrx_word' id='word_1_735' title='bbox 1754 3663 1817 3721; x_wconf 88' lang='lat' dir='ltr'><strong>plau·</strong></span> 
     </span>
     <span class='ocr_line' id='line_1_104' title="bbox 1034 3739 1816 3802; baseline -0.004 -9"><span class='ocrx_word' id='word_1_736' title='bbox 1034 3742 1176 3801; x_wconf 78' lang='lat' dir='ltr'><strong>dentibuS,</strong></span> <span class='ocrx_word' id='word_1_737' title='bbox 1193 3743 1369 3792; x_wconf 88' lang='lat' dir='ltr'><strong>nuntiaverat.</strong></span> <span class='ocrx_word' id='word_1_738' title='bbox 1398 3739 1446 3790; x_wconf 91' lang='lat' dir='ltr'><strong>Hic</strong></span> <span class='ocrx_word' id='word_1_739' title='bbox 1470 3741 1497 3789; x_wconf 92' lang='lat' dir='ltr'><strong>in</strong></span> <span class='ocrx_word' id='word_1_740' title='bbox 1521 3743 1613 3802; x_wconf 90' lang='lat' dir='ltr'><strong>primis</strong></span> <span class='ocrx_word' id='word_1_741' title='bbox 1642 3756 1696 3790; x_wconf 92' lang='lat' dir='ltr'><strong>nou</strong></span> <span class='ocrx_word' id='word_1_742' title='bbox 1719 3743 1816 3801; x_wconf 87' lang='lat' dir='ltr'><strong>inutile,</strong></span> 
     </span>
     <span class='ocr_line' id='line_1_105' title="bbox 1034 3818 1817 3882; baseline -0.004 -12"><span class='ocrx_word' id='word_1_743' title='bbox 1034 3825 1088 3871; x_wconf 92' lang='lat' dir='ltr'><strong>tmo</strong></span> <span class='ocrx_word' id='word_1_744' title='bbox 1114 3824 1264 3882; x_wconf 89' lang='lat' dir='ltr'><strong>pergratum</strong></span> <span class='ocrx_word' id='word_1_745' title='bbox 1288 3819 1436 3881; x_wconf 81' lang='lat' dir='ltr'><strong>legentibus</strong></span> <span class='ocrx_word' id='word_1_746' title='bbox 1460 3819 1610 3880; x_wconf 90' lang='lat' dir='ltr'><strong>epistolium</strong></span> <span class='ocrx_word' id='word_1_747' title='bbox 1640 3818 1760 3869; x_wconf 84' lang='lat' dir='ltr'><strong>columbi</strong></span> <span class='ocrx_word' id='word_1_748' title='bbox 1782 3832 1817 3868; x_wconf 78' lang='lat' dir='ltr'><strong>re</strong></span> 
     </span>
     <span class='ocr_line' id='line_1_106' title="bbox 1034 3897 1817 3962; baseline -0.005 -12"><span class='ocrx_word' id='word_1_749' title='bbox 1034 3901 1120 3960; x_wconf 83' lang='lat' dir='ltr'><strong>terre,</strong></span> <span class='ocrx_word' id='word_1_750' title='bbox 1138 3913 1190 3962; x_wconf 89' lang='lat' dir='ltr'><strong>quo</strong></span> <span class='ocrx_word' id='word_1_751' title='bbox 1206 3900 1239 3949; x_wconf 88' lang='lat' dir='ltr'><strong>de</strong></span> <span class='ocrx_word' id='word_1_752' title='bbox 1257 3901 1353 3958; x_wconf 90' lang='lat' dir='ltr'><strong>terris,</strong></span> <span class='ocrx_word' id='word_1_753' title='bbox 1378 3899 1411 3948; x_wconf 88' lang='lat' dir='ltr'><strong>de</strong></span> <span class='ocrx_word' id='word_1_754' title='bbox 1429 3897 1596 3955; x_wconf 86' lang='lat' dir='ltr'><strong>bominibus,</strong></span> <span class='ocrx_word' id='word_1_755' title='bbox 1621 3898 1655 3947; x_wconf 87' lang='lat' dir='ltr'><strong>dc</strong></span> <span class='ocrx_word' id='word_1_756' title='bbox 1681 3899 1762 3948; x_wconf 89' lang='lat' dir='ltr'><strong>rebus</strong></span> <span class='ocrx_word' id='word_1_757' title='bbox 1782 3898 1817 3946; x_wconf 91' lang='lat' dir='ltr'><strong>io·</strong></span> 
     </span>
     <span class='ocr_line' id='line_1_107' title="bbox 1034 3976 1816 4041; baseline -0.003 -13"><span class='ocrx_word' id='word_1_758' title='bbox 1034 3983 1140 4039; x_wconf 85' lang='lat' dir='ltr'><strong>ventis,</strong></span> <span class='ocrx_word' id='word_1_759' title='bbox 1169 3978 1424 4041; x_wconf 88' lang='lat' dir='ltr'><strong>obstupescentibus</strong></span> <span class='ocrx_word' id='word_1_760' title='bbox 1451 3978 1606 4028; x_wconf 90' lang='lat' dir='ltr'><strong>nationibus</strong></span> <span class='ocrx_word' id='word_1_761' title='bbox 1634 3979 1760 4040; x_wconf 91' lang='lat' dir='ltr'><strong>loquitur.</strong></span> <span class='ocrx_word' id='word_1_762' title='bbox 1784 3976 1816 4026; x_wconf 88' lang='lat' dir='ltr'><strong>Ex</strong></span> 
     </span>
     <span class='ocr_line' id='line_1_108' title="bbox 1034 4056 1701 4110; baseline -0.009 0"><span class='ocrx_word' id='word_1_763' title='bbox 1034 4061 1150 4110; x_wconf 88' lang='lat' dir='ltr'><strong>editione</strong></span> <span class='ocrx_word' id='word_1_764' title='bbox 1168 4060 1305 4108; x_wconf 89' lang='lat' dir='ltr'><strong>rarissima</strong></span> <span class='ocrx_word' id='word_1_765' title='bbox 1322 4058 1381 4108; x_wconf 89' lang='lat' dir='ltr'><strong>anni</strong></span> <span class='ocrx_word' id='word_1_766' title='bbox 1400 4058 1463 4108; x_wconf 80' lang='lat' dir='ltr'><strong>atas</strong></span> <span class='ocrx_word' id='word_1_767' title='bbox 1478 4057 1543 4104; x_wconf 92' lang='lat' dir='ltr'><strong>illud</strong></span> <span class='ocrx_word' id='word_1_768' title='bbox 1563 4056 1701 4106; x_wconf 84' lang='lat' dir='ltr'><strong>exseribo.</strong></span> 
     </span>
    </p>

    <p class='ocr_par' dir='ltr' id='par_1_11' title="bbox 1034 4134 1820 4991">
     <span class='ocr_line' id='line_1_109' title="bbox 1078 4134 1818 4200; baseline -0.008 -13"><span class='ocrx_word' id='word_1_769' title='bbox 1078 4161 1088 4181; x_wconf 75' lang='grc' dir='ltr'>ι</span> <span class='ocrx_word' id='word_1_770' title='bbox 1107 4137 1223 4200; x_wconf 84' lang='lat' dir='ltr'><strong>Epistola</strong></span> <span class='ocrx_word' id='word_1_771' title='bbox 1236 4136 1393 4193; x_wconf 83' lang='lat' dir='ltr'><strong>Christotori</strong></span> <span class='ocrx_word' id='word_1_772' title='bbox 1405 4136 1507 4185; x_wconf 79' lang='lat' dir='ltr'><strong>colom:</strong></span> <span class='ocrx_word' id='word_1_773' title='bbox 1523 4134 1564 4184; x_wconf 91' lang='lat' dir='ltr'><strong>cui</strong></span> <span class='ocrx_word' id='word_1_774' title='bbox 1581 4139 1640 4185; x_wconf 88' lang='lat' dir='ltr'><strong>etas</strong></span> <span class='ocrx_word' id='word_1_775' title='bbox 1657 4140 1748 4186; x_wconf 86' lang='lat' dir='ltr'><strong>nostra</strong></span> <span class='ocrx_word' id='word_1_776' title='bbox 1761 4135 1818 4185; x_wconf 90' lang='lat' dir='ltr'><strong>mul·</strong></span> 
     </span>
     <span class='ocr_line' id='line_1_110' title="bbox 1034 4214 1819 4276; baseline -0.006 -8"><span class='ocrx_word' id='word_1_777' title='bbox 1034 4223 1088 4268; x_wconf 91' lang='lat' dir='ltr'><strong>tum</strong></span> <span class='ocrx_word' id='word_1_778' title='bbox 1106 4217 1203 4268; x_wconf 83' lang='lat' dir='ltr'><strong>debet:</strong></span> <span class='ocrx_word' id='word_1_779' title='bbox 1228 4216 1261 4265; x_wconf 91' lang='lat' dir='ltr'><strong>de</strong></span> <span class='ocrx_word' id='word_1_780' title='bbox 1286 4217 1379 4269; x_wconf 87' lang='lat' dir='ltr'><strong>insulis</strong></span> <span class='ocrx_word' id='word_1_781' title='bbox 1401 4215 1472 4265; x_wconf 88' lang='lat' dir='ltr'><strong>indie</strong></span> <span class='ocrx_word' id='word_1_782' title='bbox 1498 4227 1579 4275; x_wconf 90' lang='lat' dir='ltr'><strong>supra</strong></span> <span class='ocrx_word' id='word_1_783' title='bbox 1603 4214 1720 4276; x_wconf 84' lang='lat' dir='ltr'><strong>Gangem</strong></span> <span class='ocrx_word' id='word_1_784' title='bbox 1744 4227 1819 4276; x_wconf 88' lang='lat' dir='ltr'><strong>nuper</strong></span> 
     </span>
     <span class='ocr_line' id='line_1_111' title="bbox 1036 4294 1818 4357; baseline -0.008 -10"><span class='ocrx_word' id='word_1_785' title='bbox 1036 4301 1162 4348; x_wconf 86' lang='lat' dir='ltr'><strong>inventis.</strong></span> <span class='ocrx_word' id='word_1_786' title='bbox 1177 4296 1218 4345; x_wconf 92' lang='lat' dir='ltr'><strong>Ad</strong></span> <span class='ocrx_word' id='word_1_787' title='bbox 1233 4308 1299 4357; x_wconf 87' lang='lat' dir='ltr'><strong>quas</strong></span> <span class='ocrx_word' id='word_1_788' title='bbox 1316 4294 1511 4357; x_wconf 88' lang='lat' dir='ltr'><strong>perquirendas</strong></span> <span class='ocrx_word' id='word_1_789' title='bbox 1528 4296 1626 4342; x_wconf 89' lang='lat' dir='ltr'><strong>octavo</strong></span> <span class='ocrx_word' id='word_1_790' title='bbox 1643 4297 1723 4343; x_wconf 90' lang='lat' dir='ltr'><strong>antea</strong></span> <span class='ocrx_word' id='word_1_791' title='bbox 1736 4305 1818 4342; x_wconf 87' lang='lat' dir='ltr'><strong>mensa</strong></span> 
     </span>
     <span class='ocr_line' id='line_1_112' title="bbox 1035 4373 1819 4440; baseline -0.01 -14"><span class='ocrx_word' id='word_1_792' title='bbox 1035 4378 1202 4440; x_wconf 67' lang='lat' dir='ltr'><strong>auspiciis,et</strong></span> <span class='ocrx_word' id='word_1_793' title='bbox 1221 4387 1265 4423; x_wconf 86' lang='lat' dir='ltr'><strong>ere</strong></span> <span class='ocrx_word' id='word_1_794' title='bbox 1283 4373 1518 4423; x_wconf 88' lang='lat' dir='ltr'><strong>invictissimorum</strong></span> <span class='ocrx_word' id='word_1_795' title='bbox 1535 4373 1666 4425; x_wconf 84' lang='lat' dir='ltr'><strong>Pernandi</strong></span> <span class='ocrx_word' id='word_1_796' title='bbox 1685 4378 1712 4422; x_wconf 92' lang='lat' dir='ltr'><strong>et</strong></span> <span class='ocrx_word' id='word_1_797' title='bbox 1725 4373 1819 4422; x_wconf 84' lang='lat' dir='ltr'><strong>Helisa-</strong></span> 
     </span>
     <span class='ocr_line' id='line_1_113' title="bbox 1035 4449 1817 4516; baseline -0.012 -10"><span class='ocrx_word' id='word_1_798' title='bbox 1035 4457 1080 4506; x_wconf 92' lang='lat' dir='ltr'><strong>bet</strong></span> <span class='ocrx_word' id='word_1_799' title='bbox 1096 4454 1393 4516; x_wconf 81' lang='lat' dir='ltr'><strong>Hispaniarumltegum</strong></span> <span class='ocrx_word' id='word_1_800' title='bbox 1412 4455 1509 4501; x_wconf 90' lang='lat' dir='ltr'><strong>missus</strong></span> <span class='ocrx_word' id='word_1_801' title='bbox 1525 4452 1630 4501; x_wconf 77' lang='lat' dir='ltr'><strong>iuerat=</strong></span> <span class='ocrx_word' id='word_1_802' title='bbox 1652 4450 1686 4500; x_wconf 86' lang='lat' dir='ltr'><strong>ad</strong></span> <span class='ocrx_word' id='word_1_803' title='bbox 1707 4449 1817 4513; x_wconf 88' lang='lat' dir='ltr'><strong>magnili-</strong></span> 
     </span>
     <span class='ocr_line' id='line_1_114' title="bbox 1035 4530 1820 4585; baseline -0.011 0"><span class='ocrx_word' id='word_1_804' title='bbox 1035 4546 1093 4585; x_wconf 79' lang='lat' dir='ltr'><strong>r-um</strong></span> <span class='ocrx_word' id='word_1_805' title='bbox 1115 4534 1247 4583; x_wconf 89' lang='lat' dir='ltr'><strong>dominum</strong></span> <span class='ocrx_word' id='word_1_806' title='bbox 1267 4530 1415 4580; x_wconf 86' lang='lat' dir='ltr'><strong>Gabrielem</strong></span> <span class='ocrx_word' id='word_1_807' title='bbox 1443 4530 1551 4579; x_wconf 78' lang='lat' dir='ltr'><strong>Sarabis</strong></span> <span class='ocrx_word' id='word_1_808' title='bbox 1582 4531 1729 4579; x_wconf 86' lang='lat' dir='ltr'><strong>eorundem</strong></span> <span class='ocrx_word' id='word_1_809' title='bbox 1751 4530 1820 4578; x_wconf 86' lang='lat' dir='ltr'><strong>Sere·</strong></span> 
     </span>
     <span class='ocr_line' id='line_1_115' title="bbox 1035 4608 1817 4672; baseline -0.013 -9"><span class='ocrx_word' id='word_1_810' title='bbox 1035 4617 1204 4664; x_wconf 90' lang='lat' dir='ltr'><strong>nissimorum</strong></span> <span class='ocrx_word' id='word_1_811' title='bbox 1221 4613 1317 4672; x_wconf 83' lang='lat' dir='ltr'><strong>Regum</strong></span> <span class='ocrx_word' id='word_1_812' title='bbox 1334 4611 1520 4659; x_wconf 86' lang='lat' dir='ltr'><strong>Tesaurariam</strong></span> <span class='ocrx_word' id='word_1_813' title='bbox 1539 4610 1632 4658; x_wconf 80' lang='lat' dir='ltr'><strong>missa:</strong></span> <span class='ocrx_word' id='word_1_814' title='bbox 1649 4622 1728 4671; x_wconf 86' lang='lat' dir='ltr'><strong>quam</strong></span> <span class='ocrx_word' id='word_1_815' title='bbox 1747 4608 1817 4657; x_wconf 90' lang='lat' dir='ltr'><strong>nobi·</strong></span> 
     </span>
     <span class='ocr_line' id='line_1_116' title="bbox 1036 4688 1818 4749; baseline -0.008 -9"><span class='ocrx_word' id='word_1_816' title='bbox 1036 4693 1067 4742; x_wconf 92' lang='lat' dir='ltr'><strong>lis</strong></span> <span class='ocrx_word' id='word_1_817' title='bbox 1090 4704 1120 4740; x_wconf 90' lang='lat' dir='ltr'><strong>ao</strong></span> <span class='ocrx_word' id='word_1_818' title='bbox 1143 4692 1275 4740; x_wconf 87' lang='lat' dir='ltr'><strong>litteratus</strong></span> <span class='ocrx_word' id='word_1_819' title='bbox 1299 4688 1340 4737; x_wconf 89' lang='lat' dir='ltr'><strong>vir</strong></span> <span class='ocrx_word' id='word_1_820' title='bbox 1362 4690 1482 4740; x_wconf 80' lang='lat' dir='ltr'><strong>Leander</strong></span> <span class='ocrx_word' id='word_1_821' title='bbox 1498 4689 1531 4737; x_wconf 88' lang='lat' dir='ltr'><strong>de</strong></span> <span class='ocrx_word' id='word_1_822' title='bbox 1548 4689 1635 4738; x_wconf 86' lang='lat' dir='ltr'><strong>Cnseo</strong></span> <span class='ocrx_word' id='word_1_823' title='bbox 1657 4689 1692 4737; x_wconf 90' lang='lat' dir='ltr'><strong>ab</strong></span> <span class='ocrx_word' id='word_1_824' title='bbox 1715 4690 1818 4749; x_wconf 86' lang='lat' dir='ltr'><strong>hispano</strong></span> 
     </span>
     <span class='ocr_line' id='line_1_117' title="bbox 1036 4767 1819 4820; baseline -0.013 0"><span class='ocrx_word' id='word_1_825' title='bbox 1036 4771 1158 4820; x_wconf 89' lang='lat' dir='ltr'><strong>idiomate</strong></span> <span class='ocrx_word' id='word_1_826' title='bbox 1186 4770 1211 4817; x_wconf 93' lang='lat' dir='ltr'><strong>in</strong></span> <span class='ocrx_word' id='word_1_827' title='bbox 1236 4769 1343 4817; x_wconf 90' lang='lat' dir='ltr'><strong>latinum</strong></span> <span class='ocrx_word' id='word_1_828' title='bbox 1361 4770 1493 4817; x_wconf 87' lang='lat' dir='ltr'><strong>convertit</strong></span> <span class='ocrx_word' id='word_1_829' title='bbox 1511 4769 1590 4817; x_wconf 91' lang='lat' dir='ltr'><strong>lertio</strong></span> <span class='ocrx_word' id='word_1_830' title='bbox 1607 4767 1742 4818; x_wconf 86' lang='lat' dir='ltr'><strong>Kalendas</strong></span> <span class='ocrx_word' id='word_1_831' title='bbox 1769 4767 1819 4818; x_wconf 83' lang='lat' dir='ltr'><strong>tiaii</strong></span> 
     </span>
     <span class='ocr_line' id='line_1_118' title="bbox 1034 4840 1818 4902; baseline -0.011 0"><span class='ocrx_word' id='word_1_832' title='bbox 1034 4847 1226 4902; x_wconf 74' lang='lat' dir='ltr'><strong>dccccxciii.</strong></span> <span class='ocrx_word' id='word_1_833' title='bbox 1258 4847 1430 4898; x_wconf 73' lang='lat' dir='ltr'><strong>continemus</strong></span> <span class='ocrx_word' id='word_1_834' title='bbox 1464 4847 1608 4897; x_wconf 78' lang='lat' dir='ltr'><strong>Alexandri</strong></span> <span class='ocrx_word' id='word_1_835' title='bbox 1641 4840 1728 4896; x_wconf 89' lang='lat' dir='ltr'><strong>Sexti</strong></span> <span class='ocrx_word' id='word_1_836' title='bbox 1752 4848 1818 4895; x_wconf 89' lang='lat' dir='ltr'><strong>Auno</strong></span> 
     </span>
     <span class='ocr_line' id='line_1_119' title="bbox 1035 4928 1129 4991; baseline -0.021 -14"><span class='ocrx_word' id='word_1_837' title='bbox 1035 4928 1129 4991; x_wconf 90' lang='lat' dir='ltr'><strong>primo.</strong></span> 
     </span>
    </p>

    <p class='ocr_par' dir='ltr' id='par_1_12' title="bbox 1036 5001 1818 5383">
     <span class='ocr_line' id='line_1_120' title="bbox 1078 5001 1818 5066; baseline -0.008 -12"><span class='ocrx_word' id='word_1_838' title='bbox 1078 5028 1089 5049; x_wconf 84' lang='lat'><strong>·</strong></span> <span class='ocrx_word' id='word_1_839' title='bbox 1118 5005 1244 5066; x_wconf 78' lang='lat' dir='ltr'><strong>Quoriiam</strong></span> <span class='ocrx_word' id='word_1_840' title='bbox 1273 5007 1396 5066; x_wconf 87' lang='lat' dir='ltr'><strong>suscepte</strong></span> <span class='ocrx_word' id='word_1_841' title='bbox 1422 5004 1557 5065; x_wconf 86' lang='lat' dir='ltr'><strong>proriutte</strong></span> <span class='ocrx_word' id='word_1_842' title='bbox 1591 5015 1647 5051; x_wconf 89' lang='lat' dir='ltr'><strong>rem</strong></span> <span class='ocrx_word' id='word_1_843' title='bbox 1680 5001 1818 5063; x_wconf 84' lang='lat' dir='ltr'><strong>perlectam</strong></span> 
     </span>
     <span class='ocr_line' id='line_1_121' title="bbox 1036 5081 1818 5145; baseline -0.013 -9"><span class='ocrx_word' id='word_1_844' title='bbox 1036 5099 1079 5136; x_wconf 89' lang='lat' dir='ltr'><strong>me</strong></span> <span class='ocrx_word' id='word_1_845' title='bbox 1105 5090 1276 5135; x_wconf 83' lang='lat' dir='ltr'><strong>consecutum</strong></span> <span class='ocrx_word' id='word_1_846' title='bbox 1301 5085 1382 5134; x_wconf 87' lang='lat' dir='ltr'><strong>luisse</strong></span> <span class='ocrx_word' id='word_1_847' title='bbox 1408 5088 1510 5145; x_wconf 81' lang='lat' dir='ltr'><strong>gratum</strong></span> <span class='ocrx_word' id='word_1_848' title='bbox 1529 5081 1578 5132; x_wconf 85' lang='lat' dir='ltr'><strong>ubi</strong></span> <span class='ocrx_word' id='word_1_849' title='bbox 1603 5082 1660 5132; x_wconf 84' lang='lat' dir='ltr'><strong>lora</strong></span> <span class='ocrx_word' id='word_1_850' title='bbox 1682 5082 1755 5132; x_wconf 60' lang='lat' dir='ltr'><strong>scios</strong></span> <span class='ocrx_word' id='word_1_851' title='bbox 1778 5081 1818 5128; x_wconf 82' lang='lat' dir='ltr'><strong>has</strong></span> 
     </span>
     <span class='ocr_line' id='line_1_122' title="bbox 1036 5160 1817 5225; baseline -0.013 -9"><span class='ocrx_word' id='word_1_852' title='bbox 1036 5166 1159 5216; x_wconf 92' lang='lat' dir='ltr'><strong>constitui</strong></span> <span class='ocrx_word' id='word_1_853' title='bbox 1177 5176 1305 5212; x_wconf 87' lang='lat' dir='ltr'><strong>exarare:</strong></span> <span class='ocrx_word' id='word_1_854' title='bbox 1323 5175 1374 5225; x_wconf 89' lang='lat' dir='ltr'><strong>que</strong></span> <span class='ocrx_word' id='word_1_855' title='bbox 1395 5166 1419 5212; x_wconf 88' lang='lat' dir='ltr'><strong>te</strong></span> <span class='ocrx_word' id='word_1_856' title='bbox 1437 5162 1646 5222; x_wconf 90' lang='lat' dir='ltr'><strong>uniuscuiusque</strong></span> <span class='ocrx_word' id='word_1_857' title='bbox 1668 5164 1705 5210; x_wconf 86' lang='lat' dir='ltr'><strong>rei</strong></span> <span class='ocrx_word' id='word_1_858' title='bbox 1728 5162 1753 5209; x_wconf 92' lang='lat' dir='ltr'><strong>in</strong></span> <span class='ocrx_word' id='word_1_859' title='bbox 1775 5160 1817 5207; x_wconf 86' lang='lat' dir='ltr'><strong>buo</strong></span> 
     </span>
     <span class='ocr_line' id='line_1_123' title="bbox 1036 5238 1818 5305; baseline -0.015 -9"><span class='ocrx_word' id='word_1_860' title='bbox 1036 5252 1128 5296; x_wconf 87' lang='lat' dir='ltr'><strong>nostro</strong></span> <span class='ocrx_word' id='word_1_861' title='bbox 1147 5247 1240 5294; x_wconf 91' lang='lat' dir='ltr'><strong>itinere</strong></span> <span class='ocrx_word' id='word_1_862' title='bbox 1260 5246 1334 5305; x_wconf 84' lang='lat' dir='ltr'><strong>geste</strong></span> <span class='ocrx_word' id='word_1_863' title='bbox 1360 5242 1519 5304; x_wconf 80' lang='lat' dir='ltr'><strong>incauteque</strong></span> <span class='ocrx_word' id='word_1_864' title='bbox 1542 5241 1708 5289; x_wconf 87' lang='lat' dir='ltr'><strong>admoneant.</strong></span> <span class='ocrx_word' id='word_1_865' title='bbox 1735 5238 1818 5289; x_wconf 87' lang='lat' dir='ltr'><strong>Trice-</strong></span> 
     </span>
     <span class='ocr_line' id='line_1_124' title="bbox 1037 5319 1816 5383; baseline -0.017 -9"><span class='ocrx_word' id='word_1_866' title='bbox 1037 5326 1184 5374; x_wconf 88' lang='lat' dir='ltr'><strong>simotertio</strong></span> <span class='ocrx_word' id='word_1_867' title='bbox 1204 5323 1246 5371; x_wconf 89' lang='lat' dir='ltr'><strong>die</strong></span> <span class='ocrx_word' id='word_1_868' title='bbox 1263 5324 1403 5383; x_wconf 87' lang='lat' dir='ltr'><strong>postquam</strong></span> <span class='ocrx_word' id='word_1_869' title='bbox 1426 5320 1542 5370; x_wconf 85' lang='lat' dir='ltr'><strong>Gadibus</strong></span> <span class='ocrx_word' id='word_1_870' title='bbox 1565 5319 1678 5369; x_wconf 84' lang='lat' dir='ltr'><strong>discessi</strong></span> <span class='ocrx_word' id='word_1_871' title='bbox 1702 5319 1728 5368; x_wconf 92' lang='lat' dir='ltr'><strong>ln</strong></span> <span class='ocrx_word' id='word_1_872' title='bbox 1752 5326 1816 5365; x_wconf 86' lang='lat' dir='ltr'><strong>mars</strong></span> 
     </span>
    </p>
   </div>
   <div class='ocr_carea' id='block_1_5' title="bbox 0 0 1894 6030">
    <p class='ocr_par' dir='ltr' id='par_1_13' title="bbox 0 0 1894 6030">
     <span class='ocr_line' id='line_1_125' title="bbox 0 0 1894 6030; baseline 0 0"><span class='ocrx_word' id='word_1_873' title='bbox 0 0 1894 6030; x_wconf 95' lang='lat' dir='ltr'><strong> </strong></span> 
     </span>
    </p>
   </div>
  </div>
 </body>
</html>
