3764 6036
195 271 256 332 ll!

188 407 981 481 estrainD.llauritiibonoremnoniuitobserrntnm3

190 522 256 589 post
279 510 332 571 bos
352 527 370 569 a
391 509 514 570 dexteris
535 506 647 571 Orator
668 509 756 589 liegis
777 508 939 579 Franciae,
963 526 980 567 a

190 609 313 670 sinistris
328 609 416 671 Prior
431 598 520 672 Urbis
541 611 769 691 consanguineus
795 609 891 688 sponsi
907 607 980 669 inter

192 711 320 790 primum
339 709 495 773 Oratorem
510 710 597 791 llegis
614 711 768 791 Hispaniae
782 728 798 769 a
814 708 939 772 dexteris
953 720 982 769 et

194 810 338 888 quendam
353 811 473 872 militem
494 812 737 891 consanguineum
755 812 849 891 sponsi
871 829 889 869 a
909 810 981 871 sini·

190 909 273 969 stris.
300 910 372 971 ltern
397 910 540 972 secundus
562 909 672 973 Orator
695 912 771 992 regis
791 908 942 990 Hispaniae
962 927 980 969 a

192 1007 327 1083 dexteris,
343 1009 570 1091 christophorus
591 1012 720 1072 Bridalns
733 1030 751 1071 a
765 1011 892 1072 sinistris.
907 1006 978 1070 item

191 1105 307 1170 Orator
321 1109 507 1171 venetiarum
526 1130 543 1170 a
564 1110 701 1185 dexteris,
716 1123 745 1173 et
762 1110 979 1173 neototmensts

189 1210 426 1272 asinistris.ltem
434 1208 979 1276 OratorMantuanusadcxterislilon·

193 1321 309 1371 tacroao
322 1309 409 1393 (ipa
428 1313 550 1373 sinistris
571 1313 606 1375 Ι).
626 1314 794 1375 Dominicus
807 1313 904 1374 Aurea
926 1330 978 1373 ca·

189 1410 324 1490 pitanens
350 1411 463 1472 Palatii.
490 1415 562 1474 ltem
584 1413 620 1473 D.
642 1413 791 1475 Gerardus
812 1413 978 1477 Ususmaria

191 1509 382 1590 depositarius
409 1510 504 1593 Papae
535 1531 552 1572 a
582 1512 730 1587 dexteris,
761 1526 792 1575 et
821 1513 977 1575 Gratianus

192 1613 295 1685 miles,
312 1613 490 1673 camerarius
515 1613 674 1675 Cardinalis
694 1613 842 1687 deano,
866 1632 884 1672 a
904 1614 977 1673 sini·

191 1713 277 1787 stris3
291 1723 356 1793 post
372 1714 425 1775 bos
439 1714 562 1776 Ronlani
576 1727 605 1779 et
623 1715 749 1780 familiae
763 1715 975 1777 Cardinalinm:

163 1830 165 1834 ’
189 1812 241 1874 aed
258 1832 367 1886 omnes,
386 1815 488 1876 ordine
507 1816 655 1895 praedicto
675 1817 742 1878 dato
761 1835 818 1878 non
832 1816 973 1891 obstante,

189 1911 249 1973 sine
269 1913 372 1975 ordine
390 1916 567 1994 equitarunt.

229 2011 311 2075 doris
328 2013 378 2075 ld.
395 2016 477 2089 maii,
494 2035 547 2096 per
568 2027 682 2096 portam
695 2018 832 2080 Viridarii
846 2018 976 2079 intrare·

188 2124 259 2174 runt
278 2114 389 2177 Urbem
411 2113 553 2178 Oratores
584 2117 764 2191 serenissimi
790 2119 976 2199 lmmratoris

191 2215 283 2275 nostri
306 2215 482 2279 Gullielmus
504 2218 539 2279 de
559 2217 648 2280 Bibra
669 2217 715 2303 (l)
735 2219 828 2292 miles,
851 2230 881 2278 et
900 2219 976 2279 lier-

189 2315 300 2383 nardns
318 2316 353 2378 de
374 2315 560 2380 linmbestein
589 2314 635 2402 (2)
669 2318 822 2381 canonicus
845 2317 975 2378 lienber-

187 2417 298 2496 gensis,
312 2416 543 2499 Christnpbanns
559 2419 698 2480 Saccbier
716 2419 914 2481 Blitteraancb
930 2416 976 2503 (d)

187 2516 291 2579 doctor
311 2527 342 2577 et
361 2519 453 2593 miles,
474 2520 526 2597 qui
541 2519 600 2581 dno
619 2521 723 2594 ultimi,
743 2522 812 2582 licet
832 2539 884 2600 per
905 2521 975 2600 plu·

187 2636 235 2679 res
256 2617 315 2679 dies
334 2618 450 2680 luerent
472 2620 500 2679 in
522 2619 614 2694 Urbe,
635 2621 819 2682 nibilominus
841 2621 975 2684 aeside

188 2736 269 2783 noro
299 2720 429 2781 venirent
455 2719 575 2782 inerant
594 2721 748 2793 anacleti,
770 2722 867 2784 sedin
889 2723 976 2784 tertio

187 2831 217 2882 et
236 2831 342 2899 quarto
352 2821 417 2880 loco
431 2821 563 2881 associmi
576 2823 841 2899 =eqoitarunt,alios
852 2821 926 2883 dnos
942 2822 977 2884 de

189 2938 267 2986 noro
288 2922 432 2983 venientes
463 2922 493 2981 in
525 2920 585 2983 boe
614 2920 811 2997 bonorentas3
835 2933 976 2984 venerunt

187 3024 229 3084 cis
246 3022 361 3084 obviam
382 3021 618 3103 lamiliaeP‘apae
637 3034 667 3084 et
693 3022 757 3083 lili.
788 3023 850 3084 OD.
872 3023 977 3085 Cardi-

186 3126 299 3185 nelinm
311 3125 339 3185 in
353 3123 434 3186 Urbe
448 3123 639 3196 existentium,
651 3136 682 3185 et
697 3122 838 3187 Oratores
852 3124 977 3204 tragum,

187 3236 216 3286 et
247 3223 442 3304 Principum,
463 3225 596 3287 videlicet
622 3224 711 3306 liegis
733 3226 895 3298 Franciae,
919 3224 978 3286 duo

189 3321 331 3386 Oratores
352 3326 428 3404 regis
447 3325 649 3405 Hispaniarum
662 3372 680 3401 ‚,
693 3323 834 3389 Oratores
850 3335 977 3404 quatuor

189 3426 270 3506 regis
287 3423 478 3504 Neapolitani,
490 3423 600 3488 Orator
620 3446 696 3489 unns
713 3427 776 3489 nt).
790 3428 977 3500 Venetorum,

191 3526 283 3587 Ducis
304 3525 458 3588 Mediolani
479 3526 564 3600 unus,
583 3528 674 3590 Ducis
695 3529 849 3591 Ferrariae
865 3525 977 3589 Orator

195 3645 281 3700 unus,
300 3625 476 3688 llarcbionis
496 3627 632 3690 Mantuae
649 3627 758 3691 Orator
780 3648 866 3702 unns,
880 3639 909 3690 et
923 3629 978 3690 dl·

191 3728 271 3790 berti
287 3727 377 3790 Ducis
398 3725 540 3789 bavariae
559 3727 670 3790 Orator
693 3748 789 3790 unns:
810 3730 978 3808 equitarunt

38 3831 58 3863 ‘·
188 3840 289 3891 ⁴antem
307 3815 364 3889 boc
383 3827 493 3889 ordine:
514 3829 551 3888 tt.
574 3827 745 3891 Gallielmns
767 3829 801 3889 de
816 3829 911 3891 ,bibra
932 3831 979 3890 in·

190 3938 234 3990 ter
251 3928 483 3991 Gubernatorem
502 3931 591 3994 Urbis
604 3950 622 3991 a
637 3926 771 4004 dexteris,
786 3942 816 3992 et
831 3930 979 4010 archiepi-

191 4048 312 4111 scopum
331 4030 526 4094 Arelatensem
542 4050 559 4092 a
573 4033 923 4109 sinistris,l).Bcrnardus
933 4029 979 4117 (l)

194 4130 270 4191 inter
290 4123 458 4212 episcopum
479 4132 685 4195 Cortonensem
707 4135 869 4215 praelatum
890 4132 979 4194 Pala·

191 4232 225 4291 tii
245 4251 262 4291 a
280 4231 414 4306 dexteris,
435 4242 464 4293 et
479 4236 645 4315 episcopum
666 4234 887 4297 Namurteasem
898 4232 980 4296 Ora·

192 4341 285 4392 torem
307 4334 385 4412 regis
405 4334 570 4409 Praociae,
590 4335 627 4396 D.
655 4335 801 4399 liebertus
827 4333 872 4419 (li)
903 4337 978 4396 inter

192 4432 360 4521 episcopum
372 4430 581 4496 Tornacenscm
594 4454 610 4494 a
622 4435 755 4511 dexteris,
770 4448 800 4499 et
813 4438 978 4517 episcopum

937 4577 980 4588 -0

231 4647 269 4710 (t)
284 4645 310 4695 ln
326 4643 461 4706 vialardo,
476 4648 619 4709 Gugllelmo
635 4649 661 4698 di
678 4649 761 4700 ltlbla.
805 4681 808 4689 ·

232 4726 269 4783 (ἲ)
286 4723 340 4784 lbi,
356 4725 518 4775 bernardino
534 4726 559 4775 di
576 4726 730 4778 liubestain.

232 4807 266 4866 tt)
282 4803 334 4862 lbi,
351 4804 460 4854 alberto
477 4804 534 4854 illes
551 4806 577 4855 di
595 4805 710 4856 Colonia.

232 4887 269 4943 tt)
284 4883 312 4933 ln
329 4884 411 4933 codic.
429 4884 556 4947 scripturn
573 4889 614 4934 est
630 4885 797 4936 liberbordus.

231 4964 269 5023 (bl
284 4965 332 5015 llic
350 4965 499 5023 ltobertas,
515 4969 661 5015 nonantee
678 4970 846 5026 nominatas,
862 4967 904 5017 rel
922 4971 979 5017 erat

190 5045 315 5097 albertus
329 5046 406 5104 tiles,
423 5048 464 5096 rel
482 5046 688 5108 christophorus
704 5047 909 5098 Sacbier.Verba
922 5047 981 5099 ilia·

190 5123 266 5172 lardli
282 5128 343 5175 sunt
360 5124 424 5175 baec
443 5147 453 5166 ·
472 5126 499 5175 tt
516 5128 624 5177 cesarei
641 5125 851 5188 (ambasciatoril
869 5128 979 5178 Albcrto

193 5201 252 5251 ates
269 5202 295 5252 di
313 5202 436 5264 Colonia,
454 5205 596 5268 Guglielmo
612 5205 639 5258 di
656 5206 747 5265 llibia,
767 5206 929 5257 Bernardino
954 5208 980 5257 di

192 5283 337 5334 itubestaln
355 5298 369 5336 e
387 5286 550 5338 Christclano
573 5267 681 5342 Sacisier
697 5295 840 5341 entrerono
862 5291 887 5341 in
905 5304 981 5354 gran·

191 5362 300 5416 dtsstma
316 5377 413 5428 pompa
429 5366 600 5432 insiemellp.
617 5371 658 5421 eit.
675 5384 698 5421 c.
714 5371 752 5422 ab.
858 5398 860 5403 ·

650 266 934 334 contuleruut
954 263 1180 331 tnnuutttttn
1201 267 1355 333 OCTbVl.

1728 266 1833 356 (tan)

1049 405 1204 468 Pacensem
1236 407 1364 486 primurn
1397 403 1554 468 Oratorem
1576 406 1655 486 regis
1685 405 1831 486 llispan‘ae

1048 524 1065 565 a
1097 506 1243 580 sinistris3
1275 505 1373 568 deinde
1406 523 1480 567 unus
1506 507 1652 587 praelatus
1684 507 1790 567 Palatii
1815 528 1829 568 a

1049 607 1182 682 dexteris,
1191 612 1221 668 et
1237 625 1312 668 unus
1324 605 1435 670 Orator
1460 607 1576 688 Regum
1589 609 1642 669 'vel
1665 607 1829 685 Principum

1047 725 1064 766 a
1079 706 1209 768 'sinistris
1227 725 1319 786 osque
1336 707 1373 767 ad
1384 706 1541 770 Oratorem
1556 707 1737 770 liarcbionis
1752 707 1829 767 ltn-

1048 808 1138 881 tuani,
1159 808 1209 886 qui
1230 807 1372 886 equitavit
1391 828 1408 868 a
1427 808 1548 871 dexteris
1567 808 1698 888 ejusdem
1721 807 1828 870 arcbie·

1046 911 1154 989 piseopi
1185 927 1243 970 non
1262 909 1409 983 Palatini,
1429 920 1458 971 et
1478 909 1589 972 Orator
1611 910 1696 970 ducis
1724 909 1826 970 attere

1047 1022 1110 1089 post
1140 1028 1208 1071 eum
1243 1028 1262 1069 a
1290 1009 1412 1071 dexteris
1446 1010 1573 1090 episcopi
1606 1010 1827 1082 desolamini,

1047 1109 1114 1187 quia
1131 1128 1188 1171 non
1209 1120 1291 1170 erant
1309 1111 1431 1191 praelati
1447 1110 1578 1190 palatini3
1601 1121 1667 1191 post
1681 1109 1737 1170 bos
1752 1112 1825 1188 equi·

1046 1221 1145 1271 tarunt
1162 1211 1215 1272 alii
1231 1213 1353 1291 praelati
1374 1212 1433 1273 bini
1454 1220 1484 1273 et
1505 1211 1563 1271 bini
1579 1209 1682 1273 ordine
1699 1221 1824 1272 consueto

1046 1329 1138 1390 usqne
1158 1312 1196 1372 ad
1214 1311 1332 1373 domum
1347 1313 1575 1373 Alamannorum
1586 1322 1672 1373 retro
1693 1310 1825 1391 Campus

1044 1413 1211 1488 Florae-in
1231 1430 1288 1492 qua
1303 1412 1466 1492 praedictus
1484 1413 1520 1473 l).
1537 1413 1706 1475 Guilelmus
1728 1415 1825 1493 primos

1045 1508 1155 1574 Orator
1174 1511 1337 1592 hospitatus
1360 1525 1404 1574 est
1414 1534 1426 1587 ς
1451 1512 1550 1575 deinde
1575 1514 1704 1592 quisque
1724 1512 1762 1573 ad
1780 1513 1825 1573 do·

1046 1629 1126 1673 mum
1155 1630 1238 1672 suem
1264 1623 1308 1673 est
1328 1631 1486 1687 reversus,
1506 1623 1535 1675 et
1559 1614 1651 1687 male3
1683 1614 1755 1693 quia
1780 1625 1824 1674 etc.

1045 1712 1131 1773 Venit
1147 1713 1234 1785 etiarn
1257 1729 1325 1772 eum
1347 1713 1501 1792 praedictis
1523 1710 1703 1775 Oratoribus
1725 1713 1761 1774 D.
1781 1713 1825 1773 lli·

1044 1814 1144 1874 colans
1161 1813 1311 1886 llosluet,
1337 1815 1492 1874 canonicus
1506 1813 1708 1885 coloniensis,
1730 1813 1765 1873 ll.
1793 1813 1822 1875 ll.

1043 1913 1259 1994 drcbiepiscopi
1275 1912 1451 1975 Coloniensis
1469 1910 1602 1987 Orator,
1619 1912 1670 1974 sed
1686 1931 1746 1974 non
1763 1914 1824 1987 init,

1044 2023 1079 2073 ut
1100 2013 1150 2075 alii
1169 2010 1322 2088 Oratores,
1338 2013 1521 2087 bonoratns,
1541 2014 1604 2093 ipso
1625 2031 1687 2074 non
1710 2025 1825 2076 curante.

1043 2116 1127 2190 llari,
1146 2115 1319 2178 duodecima
1333 2113 1435 2192 hujus,
1454 2115 1498 2176 ini
1517 2133 1588 2176 cum
1610 2114 1648 2174 ll.
1670 2114 1711 2174 Ι).
1731 2114 1825 2175 Cardi-

1043 2218 1108 2279 nale
1130 2215 1163 2277 S.
1183 2216 1276 2277 blarci
1297 2215 1333 2275 ad
1355 2215 1571 2295 intelligendum
1589 2234 1607 2274 a
1628 2215 1667 2276 R.
1692 2215 1825 2275 Domina-

1042 2316 1122 2379 tione
1137 2316 1199 2377 Sua
1214 2315 1392 2389 seutentiam,
1409 2334 1446 2376 an
1462 2313 1601 2392 Oratores
1617 2317 1735 2396 scripti,
1745 2327 1826 2377 essem

1043 2417 1143 2477 ordine
1163 2424 1301 2478 consueto
1321 2416 1477 2496 recipiendi
1506 2428 1535 2478 et
1564 2416 1758 2491 honorandi3
1784 2435 1827 2477 re·

1047 2519 1113 2578 tulit
1130 2517 1200 2577 mibi
1219 2517 1384 2579 Domiuatio
1406 2516 1516 2582 Sosii.
1530 2536 1561 2578 se
1581 2517 1687 2578 vidisse
1706 2529 1826 2596 tempore

1043 2618 1079 2679 ie
1102 2637 1145 2679 re.
1159 2609 1270 2680 Nicolai
1291 2619 1385 2698 Papae
1399 2617 1513 2691 Quinti,
1529 2636 1596 2679 cum
1612 2617 1760 2679 Sanctitas
1774 2618 1825 2678 Sne

1043 2727 1175 2780 uocasset
1194 2717 1336 2780 Oratores
1354 2717 1473 2778 dominii
1492 2719 1683 2790 Venetorum,
1698 2730 1725 2778 et
1745 2716 1825 2778 Ducis

1045 2819 1263 2882 Mediolanensis
1281 2818 1318 2879 ad
1339 2818 1523 2881 tractandum
1545 2821 1622 2878 inter
1641 2836 1696 2878 eos
1714 2837 1769 2897 pro
1781 2836 1828 2898 pa·

1045 2938 1101 2993 ce,
1122 2920 1231 2981 misisse
1253 2921 1319 3000 ipsis
1341 2917 1517 2982 Oratoribus
1538 2919 1786 2988 obriamsuam‘,
1803 2928 1828 2979 et

1047 3021 1110 3082 lili.
1123 3020 1186 3081 bt).
1201 3016 1402 3082 cardinalium
1418 3021 1540 3081 lamilies
1551 3028 1633 3080 extre
1643 3019 1758 3082 Urbem
1769 3034 1829 3079 mo·

1046 3144 1080 3186 re
1105 3133 1254 3196 consuetos
1274 3121 1409 3183 similiter
1430 3139 1498 3182 cum
1520 3120 1687 3201 praedictus
1706 3120 1830 3180 Pontifex

1045 3225 1181 3288 Nicolans
1202 3222 1328 3292 Onirnus
1345 3206 1450 3285 iniisset
1475 3223 1576 3284 loedus
1589 3240 1668 3283 cum
1687 3220 1830 3301 dipbonso

1046 3327 1162 3389 Siciliae
1180 3326 1260 3405 Rege
1276 3324 1312 3384 ad
1334 3324 1432 3386 decern
1453 3342 1559 3398 annos,
1580 3325 1701 3386 vocant
1718 3322 1832 3383 Sancti·

1046 3440 1089 3488 tas
1111 3427 1172 3489 Sua
1194 3424 1336 3488 Oratores
1354 3432 1554 3506 potentatuum
1574 3425 1676 3487 ltaliae
1697 3443 1753 3505 pro
1768 3423 1831 3501 qni·

1045 3528 1167 3590 busdam
1185 3528 1303 3600 cansis3
1326 3528 1430 3605 quibus
1450 3526 1666 3588 advenientibus
1689 3526 1768 3586 misit
1780 3524 1828 3585 ob·

1047 3630 1122 3691 riam
1148 3629 1285 3689 lamiliaru
1308 3647 1403 3700 snam,
1423 3638 1453 3688 et
1471 3626 1693 3700 Cardioalinm3
1713 3627 1751 3688 dc
1773 3626 1830 3686 aliis

1046 3731 1225 3811 temporibus
1244 3728 1315 3789 dixit
1328 3749 1358 3790 se
1379 3747 1435 3790 non
1459 3728 1619 3806 recordari:
1636 3728 1734 3790 videri
1749 3728 1830 3807 igitur

1045 3834 1115 3904 sibi,
1139 3830 1233 3910 quod,
1249 3847 1317 3891 cunr
1333 3828 1464 3893 Pontilex
1485 3831 1526 3891 sic
1548 3830 1661 3891 lecisset
1682 3848 1740 3910 pro
1759 3827 1830 3890 Ore·

1046 3934 1157 3996 toribus
1177 3931 1362 4012 supradictis,
1375 3941 1405 3992 et
1422 3932 1496 4004 aliis,
1515 3948 1583 3990 cunr
1603 3930 1633 3989 id
1645 3930 1829 4011 equiparetur

1045 4034 1241 4107 obedientiae,
1262 4031 1359 4095 deberi
1380 4031 1447 4111 ipsis
1477 4031 1593 4092 obviam
1614 4032 1691 4091 mitti
1698 4053 1709 4106 ς
1731 4033 1763 4092 in
1777 4031 1828 4092 allis

1045 4146 1143 4196 antem
1164 4134 1300 4205 casibus,
1321 4132 1373 4191 nisi
1394 4151 1449 4210 pro
1468 4131 1628 4193 obedientia
1659 4133 1828 4195 veniarttibos

1046 4236 1120 4298 mitti
1140 4254 1197 4311 non
1218 4233 1317 4297 deberi
1329 4255 1339 4307 3
1353 4252 1389 4301 ex
1404 4247 1463 4312 quo
1484 4232 1651 4294 ordinatum
1673 4247 1740 4308 est,
1760 4232 1826 4313 qnod

1046 4339 1245 4419 reciperentur
1267 4334 1566 4415 ordinesupradicto.

1087 4439 1173 4500 Feria
1184 4446 1301 4516 quarta,
1314 4435 1369 4501 lO,
1382 4437 1459 4509 raleii,
1482 4435 1578 4515 uigilia
1594 4434 1780 4500 ascensionis
1798 4436 1826 4495 li.

1047 4537 1083 4600 N.
1108 4539 1177 4599 iesu
1207 4538 1318 4598 Christi
1346 4537 1467 4598 inerunt
1496 4554 1633 4616 vesperae
1662 4541 1781 4618 papales
1801 4541 1822 4596 in

1046 4641 1178 4720 cappella
1190 4635 1304 4715 majore
1316 4639 1413 4717 palatii
1425 4634 1581 4719 apostotici
1602 4638 1681 4718 apud
1697 4639 1824 4700 Sanctum

1047 4742 1180 4812 Petrum,
1195 4739 1274 4819 Papa
1283 4732 1436 4819 ¹praesente
1454 4751 1483 4802 et
1496 4741 1622 4802 officinm
1643 4750 1769 4820 agente,
1788 4737 1825 4799 cni

1047 4861 1114 4905 cum
1136 4841 1303 4903 Cardinales
1323 4859 1358 4903 ex
1379 4859 1460 4902 more
1479 4842 1675 4902 reverentiam
1694 4841 1823 4909 lacerent,
1871 4830 1872 4835 ’

1046 4945 1122 5006 iacta
1139 4942 1345 5004 est·contentio
1363 4943 1436 5003 inter
1458 4938 1599 5003 Oratores
1622 4941 1742 5020 liegnm
1759 4940 1820 5002 1ta·
1872 4990 1873 4999 ,

1047 5045 1177 5126 politam,
1196 5055 1227 5105 et
1244 5042 1429 5116 Scotiarum,
1448 5042 1642 5115 Venetorum,
1664 5040 1819 5110 lledielaui,

1047 5158 1077 5208 et
1096 5145 1224 5208 Dominii
1244 5143 1420 5216 Florentini,
1444 5142 1542 5216 dividi,
1560 5144 1605 5204 rel
1625 5146 1757 5224 separari
1778 5157 1821 5202 noa

1046 5246 1162 5319 debere,
1180 5258 1209 5308 et
1231 5245 1374 5307 Oratores
1392 5243 1526 5319 Othonis,
1541 5245 1654 5306 Alberti
1665 5258 1695 5306 et
1717 5240 1822 5321 Georgii

1047 5348 1187 5412 bavariae
1209 5346 1349 5421 Ducum,
1371 5348 1422 5426 qni
1452 5367 1483 5410 se
1502 5366 1593 5428 supra
1615 5343 1757 5411 Oratores
1777 5345 1823 5407 le·
1870 5433 1872 5438 Ι
