3758 6030
55 245 166 329 (tros)

58 393 125 452 loco
143 388 196 449 sibi
215 388 329 461 debito,
346 389 420 451 idem
441 400 542 451 contra
563 407 609 451 me
628 408 678 468 per
696 389 846 449 inhonesta

59 492 149 554 verba
162 492 307 570 prorupit,
320 509 447 551 asserens
460 491 553 569 ipsam
568 509 624 550 non
641 510 700 552 esse
717 490 850 550 Patriar-

59 592 144 655 cham
163 590 392 663 Antiochenam,
412 590 459 651 sed
480 591 624 651 Baranam
647 590 735 653 Urbis
753 600 782 650 et
802 608 850 648 as·

59 693 205 753 sistentem
233 691 356 771 Papae,
387 703 539 771 propterea
571 710 628 752 non
662 693 736 752 velle
766 709 850 752 ame

60 793 144 871 pati,
165 791 242 870 quod
271 794 365 871 ipsum
395 791 430 849 ad
462 792 641 852 volantatem
671 809 764 850 meam
787 802 850 849 tra·

60 906 184 963 ctorem,
199 891 247 953 sed
265 892 361 952 locam
381 889 434 950 sibi
453 891 579 953 debitum
599 891 740 969 assignari
762 891 849 961 selle,

61 1005 90 1055 et
110 992 187 1071 quod
206 993 235 1051 in
254 993 381 1071 cappella
412 991 535 1069 Papae,
565 993 658 1072 prima
689 992 779 1050 bareca
812 991 851 1050 sit

62 1093 380 1165 Prothonotariotam,
400 1103 556 1173 propterea
575 1092 669 1169 qaod,
686 1104 713 1152 et
733 1091 770 1149 ibi
786 1090 850 1162 sibi,

61 1203 91 1255 et
111 1194 190 1254 socio
204 1190 428 1253 Prothonotario
444 1193 567 1272 primam
584 1192 703 1251 bancam
720 1191 850 1268 assigna·

62 1313 142 1357 rem:
158 1294 302 1373 respondi,
314 1293 351 1354 ibi
364 1294 403 1354 eis
414 1310 470 1352 non
481 1312 540 1354 esse
552 1294 648 1354 locam
665 1294 851 1360 assistentiae,

63 1394 200 1474 sedapad
220 1394 338 1473 Papam,
349 1405 377 1455 et
392 1395 486 1472 ipsum
505 1395 579 1456 scire
594 1394 709 1465 debere‘,
720 1391 796 1470 qaod
812 1391 850 1451 ibi

65 1507 160 1557 manet
179 1497 329 1580 episcopus
341 1495 581 1556 Protbonotarias
592 1498 677 1556 etiam
690 1512 746 1554 non
762 1510 849 1571 para·

64 1606 122 1668 tas,
143 1597 227 1673 longe
247 1594 339 1673 magis
353 1607 483 1675 paratus3
504 1597 531 1656 in
551 1597 675 1674 cappella
696 1610 811 1654 scamus
832 1611 849 1650 a

63 1713 152 1755 maro
170 1695 355 1774 computari,
376 1712 458 1756 secus
477 1696 524 1756 bic
542 1705 571 1755 et
588 1693 731 1756 similibus
758 1693 850 1765 iocis3

61 1805 216 1874 propterea
228 1796 305 1855 hunc
319 1797 415 1865 locam
428 1796 479 1854 sibi
495 1805 658 1876 competere
673 1813 729 1854 non
744 1794 850 1865 aliam,

63 1899 189 1973 quamsi
206 1897 291 1966 velit,
305 1897 349 1955 vel
366 1914 421 1955 non
440 1898 518 1966 velit,
531 1898 617 1956 iaciat
633 1897 701 1974 ipse:
718 1896 851 1954 advertat

62 2007 159 2058 tamen
189 1996 267 2074 quad
286 1997 375 2056 alium
406 2014 461 2057 non
493 1997 635 2076 recipiet,
670 1998 697 2055 in
731 2012 788 2073 qao
820 2011 850 2053 se

63 2096 158 2176 ipsam
188 2113 243 2173 nori
272 2098 436 2175 vituperet:
469 2096 656 2157 Patriarchae
674 2115 720 2157 me
739 2096 850 2154 nullam

65 2194 202 2273 injuriam
222 2201 378 2274 irrogasse,
393 2198 438 2257 vel
454 2197 593 2269 intulisse,
612 2198 659 2259 sed
680 2199 778 2257 locum
798 2194 851 2256 sibi

64 2298 194 2362 debitam
213 2298 337 2359 dedisse:
358 2298 433 2359 idem
451 2310 481 2360 et
495 2302 547 2379 ipsi
566 2299 793 2359 Prothonotario
808 2297 854 2356 ic·

65 2400 167 2461 cissem
186 2402 268 2460 aliter
275 2423 286 2473 3
305 2419 370 2459 nam
387 2418 514 2478 anquam
532 2419 621 2462 essem
638 2400 770 2461 iacturas
788 2397 852 2457 cui-

66 2521 123 2581 que
154 2504 207 2562 nisi
237 2501 372 2562 debitam.
395 2501 498 2562 Mansit
527 2501 567 2562 sic
598 2503 626 2560 in
657 2500 758 2561 eodem
789 2500 854 2558 loco

65 2602 313 2666 Prothonotarias
331 2616 359 2663 ct
381 2623 410 2663 se
430 2602 501 2662 mihi
531 2604 654 2681 amplias
676 2618 732 2660 nan
762 2618 855 2678 oppo-

66 2709 134 2767 suit.
154 2707 395 2785 Cappellanoram
415 2705 451 2764 tt.
478 2705 514 2765 D.
533 2703 643 2784 Legnto
662 2704 854 2763 assistentiam

67 2808 238 2868 indutorum
257 2807 472 2885 superpelliceis
491 2823 630 2866 numeras
652 2807 707 2865 luit
737 2803 855 2864 circiter

67 2925 144 2970 xttt.
172 2909 208 2968 l).
223 2908 350 2968 Aisaros
372 2907 496 2968 Garziae
516 2907 550 2968 de
570 2907 675 2968 Gorria
678 2947 856 2967 .......

69 3007 282 3087 majordomus,
298 3019 327 3068 et
342 3007 526 3069 caudatarius
543 3027 612 3068 suas
628 3006 683 3068 luit
701 3024 771 3066 suas
785 3007 858 3065 assi·

68 3121 146 3172 stens
169 3113 196 3169 in
216 3109 347 3190 pluviali,
369 3108 403 3168 de
425 3107 500 3167 libro
520 3108 573 3166 sibi
595 3107 733 3168 serviens.

111 3212 148 3271 D.
173 3211 299 3290 Repbacl
323 3209 357 3271 de
378 3208 506 3270 hethena
535 3210 681 3268 Diaconus
713 3208 858 3286 cappellae

69 3314 130 3393 ipse
153 3311 280 3371 cantavit
304 3309 496 3389 Evangelium
521 3320 572 3382 et,
592 3321 625 3370 ut
643 3309 785 3382 diximus,
806 3308 858 3369 sibi

69 3413 200 3485 servivit,
223 3411 258 3471 D.
282 3411 440 3470 lionoirius
463 3409 573 3471 Nicolai
593 3410 784 3469 subdiaconus
808 3409 860 3468 sibi

69 3515 203 3586 servivit,
215 3512 532 3572 D.l)idacusSerranus
544 3511 678 3591 scriptor
689 3511 860 3590 apostolicas

69 3615 193 3695 servivit
205 3614 258 3672 sibi
270 3614 304 3674 de
315 3613 454 3684 mitra‚D.
465 3610 738 3673 budovicasPasaia
750 3610 861 3671 Caven-

71 3715 111 3776 sis
133 3714 353 3775 Panormitanas
369 3717 499 3794 portavit
529 3731 669 3785 cracem,
691 3713 728 3784 D.
754 3712 860 3773 Petras

71 3817 301 3879 Archidiacouas
314 3816 527 3877 delrasiamara
536 3815 728 3877 hbbreviotor
739 3815 860 3876 servivit

71 3918 319 3991 dclllis‘sali,illum
333 3927 429 3979 tenens
441 3937 494 3977 suo
504 3914 684 3996 temporali.
693 3914 861 3976 Leonnrdus

72 4018 208 4099 Caponas
230 4019 385 4078 canonicus
406 4018 545 4078 anilicae
566 4015 708 4094 Principis
735 4019 860 4095 Aposto-

70 4123 172 4182 lorum
205 4120 239 4181 de
273 4119 352 4181 Urbe
384 4119 505 4197 pluviali
538 4119 656 4179 indutus
687 4117 861 4196 superpelli-

73 4223 114 4282 tio
141 4222 261 4282 servivit
294 4220 329 4281 de
362 4219 465 4279 baculo
496 4219 633 4297 pastoraii
662 4236 747 4294 quern
771 4236 861 4294 usqae

73 4322 113 4383 ad
139 4325 239 4401 Agnus
271 4320 325 4381 Dei
358 4320 460 4380 tenuit.
482 4321 563 4379 Hora
596 4319 696 4379 deinde
717 4335 789 4379 xvvvt.
817 4319 859 4378 vel

75 4423 155 4484 circa
176 4423 237 4483 lies
255 4441 323 4482 cam
343 4423 401 4481 sais
421 4421 609 4493 Caralibus,
631 4430 660 4480 et
679 4419 861 4491 baronibus,

72 4526 174 4606 plavia
189 4524 284 4583 adhuc
299 4522 433 4594 durante,
454 4522 531 4582 veuit
550 4520 586 4580 ad
605 4520 767 4590 ecclesiam,
785 4528 863 4581 veste

72 4628 168 4705 ampla
188 4625 223 4685 de
242 4626 378 4685 broccato
398 4625 558 4684 cremesino
578 4624 667 4684 riccio
695 4621 863 4683 hermellino

73 4728 215 4788 subducto
235 4745 321 4805 saper
342 4727 397 4785 alia
416 4745 507 4805 pavea
526 4734 602 4785 veste
622 4724 655 4784 de
671 4724 799 4784 setonino
818 4722 864 4781 ni·

74 4847 131 4906 gro
159 4847 227 4888 carn
258 4828 357 4887 monili
376 4845 411 4887 ert
442 4827 533 4886 tribas
570 4828 674 4904 perlis,
707 4835 736 4886 et
770 4823 862 4903 lapide

76 4929 210 5007 precioso
227 4929 333 4987 valoris
348 4928 422 4986 torte
439 4930 557 4986 circiter
574 4926 749 4986 ducatorum
761 4942 799 4985 vv.
814 4967 862 4982 ...

76 5029 156 5109 qaod
173 5030 317 5091 bvrretam
337 5046 393 5087 non
414 5029 537 5086 mutavit
550 5072 558 5099 ,
573 5046 665 5105 usque
683 5026 719 5085 ad
740 5043 863 5085 coronae

75 5133 281 5208 receptionem.
315 5130 398 5191 Venit
416 5129 451 5186 ad
469 5129 618 5188 ecclesiam
637 5124 717 5187 circa
736 5126 862 5187 medium

77 5232 164 5293 chori
183 5232 407 5292 canonicorum:
426 5237 623 5290 occurrerant
652 5229 679 5289 ei
709 5225 862 5308 hrchiepi-

74 5353 181 5415 scopas
194 5333 396 5414 Neapolitanas
416 5344 446 5397 et
463 5331 634 5394 Patriarcba
645 5327 862 5405 Antiocheam,

536 244 820 310 ronrmtatttts
842 241 1066 305 thamnata
1081 243 1214 307 vsssxrt.

1637 243 1701 306 3th

917 388 966 466 qui
989 388 1085 467 ipsam
1107 396 1297 467 receperunt,
1315 396 1344 448 et
1359 386 1560 449 deduxerunts
1579 391 1703 468 praelati

915 488 967 547 sibi
996 498 1233 561 assurrexerunt,
1252 487 1318 548 iecit
1347 498 1376 549 et
1403 489 1462 569 ipse
1481 489 1544 551 ilex
1562 508 1704 551 reveren-

915 589 987 662 tias,
1007 600 1037 650 et
1056 589 1127 650 sedit
1146 587 1230 665 juxta
1252 590 1383 651 ordinem
1411 593 1545 670 saperius
1580 592 1703 652 dictum.

915 687 1003 751 [ecta
1024 690 1103 751 balla
1125 711 1178 771 per
1200 691 1346 751 dominum
1370 691 1548 772 Stephanum
1571 693 1605 753 de
1623 692 1704 752 llar-

917 790 975 863 nia‚
995 790 1057 851 ilex
1077 791 1232 871 genuflexit
1253 810 1341 870 saper
1364 793 1511 853 cassinum
1531 811 1630 853 coram
1642 792 1703 852 Le-

916 903 1007 971 gata,
1039 904 1117 954 et'a
1144 895 1265 953 sinistris
1298 893 1386 973 Regis
1418 893 1585 974 genvrflexas
1616 895 1704 956 etiam

916 1006 979 1055 erat
1005 994 1042 1053 t).
1063 993 1207 1055 lohannes
1233 994 1379 1054 Pontanas
1407 999 1581 1056 secretarius
1613 1013 1705 1067 suas,

917 1096 966 1173 qai
984 1094 1182 1173 juramentum
1200 1114 1251 1174 per
1267 1096 1378 1174 Regem
1400 1098 1603 1176 praestandum
1626 1096 1706 1156 scri-

916 1207 998 1275 ptam
1020 1197 1125 1258 habens
1147 1199 1278 1257 iamenu
1299 1197 1422 1276 legebat,
1437 1209 1465 1258 et
1479 1199 1624 1277 Alponsas
1644 1197 1704 1257 Rex

917 1298 1062 1375 repetebat
1083 1309 1110 1359 et
1132 1300 1173 1358 ita
1195 1299 1231 1358 nd
1247 1301 1429 1378 singulorum
1450 1304 1609 1361 verboram
1632 1318 1705 1378 pro·

917 1396 1052 1458 lationem
1075 1410 1278 1479 processerant
1300 1399 1336 1458 ad
1359 1401 1536 1478 completum
1549 1397 1705 1476 juramen·

918 1511 979 1561 tam
994 1543 1003 1572 ,
1021 1509 1073 1573 et,
1097 1501 1217 1579 prolatis
1236 1521 1287 1579 per
1308 1500 1418 1577 Regem
1439 1501 1558 1572 serbis,
1579 1513 1609 1562 et
1629 1502 1705 1562 baec

918 1600 1037 1661 Sancta
1053 1601 1114 1662 Dei
1126 1604 1315 1685 annpeiic,
1325 1601 1454 1682 Legatos
1468 1603 1579 1683 accepit
1593 1603 1706 1665 blissale

916 1713 1049 1781 apertam
1063 1703 1091 1761 in
1106 1703 1250 1775 manibus,
1262 1723 1346 1764 mana
1359 1724 1445 1785 saper
1460 1724 1551 1784 genua
1567 1722 1617 1763 saa
1633 1702 1706 1763 iliad

917 1815 1025 1875 tenens,
1039 1804 1115 1882 qnod
1131 1804 1168 1863 ad
1188 1806 1334 1867 dexteram
1356 1825 1438 1866 suam
1459 1805 1582 1866 habebat
1596 1805 1707 1865 Cruci·

917 1903 1005 1963 tixnm
1018 1915 1084 1964 ante
1094 1925 1124 1965 se
1136 1907 1225 1984 igitar
1237 1907 1393 1986 depictum,
1405 1919 1433 1968 et
1444 1907 1576 1967 adoliam
1589 1924 1706 1966 manum

917 2007 1021 2085 apponi
1044 2007 1170 2068 lecet-am
1196 2019 1330 2081 cartam,
1363 2011 1392 2068 in
1414 2027 1471 2086 qua
1493 2008 1600 2087 scripta
1623 2018 1708 2069 erant

917 2107 1056 2186 principia
1076 2119 1203 2184 quotuor
1218 2107 1467 2188 Evangelioram,
1487 2110 1617 2169 videlicet
1633 2126 1708 2166 anas

917 2208 1076 2268 meandum
1091 2208 1249 2269 iohannem
1268 2211 1302 2269 in
1320 2211 1500 2290 principio,
1518 2220 1547 2271 et
1565 2211 1639 2270 alter
1661 2228 1710 2268 se·

919 2310 1045 2370 condam
1057 2309 1217 2371 Mattheam
1237 2311 1319 2371 liber
1334 2311 1548 2393 perorationis
1561 2356 1569 2383 ,
1581 2311 1635 2370 alia
1651 2309 1710 2370 dao

919 2411 1045 2470 aliorum
1061 2411 1188 2470 duorum
1196 2410 1553 2490 Evangelistarnm3saper
1566 2428 1639 2487 quae
1648 2409 1709 2470 Rex

920 2514 1019 2572 ambas
1042 2531 1143 2572 manas
1164 2531 1280 2592 ponens,
1303 2513 1434 2573 videlicet
1455 2511 1600 2571 dexteram
1622 2527 1710 2588 saper

921 2615 1094 2693 Evangelia,
1105 2623 1134 2675 et
1146 2616 1290 2673 sinistram
1303 2630 1389 2693 super
1398 2610 1588 2683 Cracilirtam,
1597 2608 1712 2687 juravit

922 2735 1004 2776 more
1019 2701 1170 2798 solito'(l).
1183 2715 1259 2774 'Pam
1271 2712 1398 2793 Legatos
1417 2715 1539 2772 instituit
1549 2724 1578 2773 et
1589 2712 1712 2772 investi·

924 2818 965 2876 vit
978 2817 1098 2895 Regem,
1110 2835 1162 2896 per
1179 2816 1360 2875 traditionem
1380 2815 1486 2886 vexilli,
1497 2812 1531 2873 de
1549 2830 1641 2890 regno
1655 2821 1711 2870 etc.

895 2944 898 2950 ·
923 2930 952 2980 et
972 2921 1000 2978 in
1022 2919 1101 2978 iliius
1122 2920 1326 2997 possessionem
1343 2918 1437 2996 ipsam
1459 2915 1588 2985 induxit,
1612 2913 1709 2972 dicens

920 3021 1122 3083 Auctoritate
1148 3021 1326 3099 apostolica
1350 3029 1404 3077 etc.
1428 3017 1470 3077 De
1493 3015 1596 3094 quibas
1617 3012 1714 3074 verbis

925 3123 1020 3183 iuverat
1038 3120 1082 3181 die
1098 3120 1278 3200 praecedeuti
1295 3121 1380 3197 longa
1398 3121 1543 3196 quaestio:
1558 3135 1612 3195 ego
1628 3133 1713 3174 nam·

925 3242 981 3301 aare
1005 3224 1093 3284 verba
1111 3219 1278 3297 hujusmodi
1299 3220 1499 3298 subsequenti
1520 3230 1618 3280 tenore
1638 3233 1711 3277 con·

926 3344 1081 3405 ceperam,
1103 3323 1249 3383 videlicet:

970 3451 986 3482 e
1008 3426 1188 3487 Auctoritate
1211 3423 1375 3503 Apostoliea
1396 3422 1477 3481 nobis
1499 3421 1530 3479 in
1553 3418 1607 3479 hac
1630 3430 1716 3498 parte

927 3529 1090 3600 commissa,
1110 3548 1160 3607 per
1176 3525 1385 3606 impositionem
1399 3522 1486 3601 liujus
1504 3523 1598 3583 vexilli
1615 3523 1643 3580 in
1658 3522 1717 3580 tuis

927 3631 1068 3701 manibus,
1085 3641 1112 3690 te
1129 3629 1163 3688 de
1178 3647 1269 3707 regno
1292 3615 1415 3687 Siciliae*
1430 3628 1504 3688 citra
1526 3624 1668 3694 Pharum,
1690 3633 1718 3682 et

929 3744 987 3792 tota
1003 3742 1081 3792 terra
1096 3748 1170 3807 qaae
1186 3740 1227 3788 est
1243 3730 1317 3787 citra
1334 3728 1463 3787 Pharum
1479 3743 1570 3803 usque
1592 3723 1627 3782 ad
1643 3740 1719 3782 con·

928 3832 993 3892 linia
1010 3844 1157 3893 terrarum
1174 3830 1297 3890 Sanctae
1317 3830 1462 3889 Romanae
1481 3824 1628 3886 Ecclesiae
1645 3840 1718 3882 ver-

928 3952 977 3993 sas
1007 3933 1154 3992 civitatem
1176 3931 1426 4001 Beneventanum,
1448 3938 1477 3988 et
1497 3926 1560 3986 aliis
1581 3923 1719 4003 expressis

929 4036 956 4094 in
979 4035 1082 4094 litteris
1103 4033 1271 4111 Apostolicis
1293 4031 1372 4091 nobis
1395 4030 1539 4098 directis,
1562 4045 1595 4086 ac
1626 4023 1721 4083 omni-

929 4138 983 4196 bus
1012 4133 1131 4211 juribus
1162 4144 1191 4192 et
1223 4132 1399 4211 pertinentiis
1431 4127 1600 4191 eorumdem
1634 4127 1721 4185 inve·

930 4239 1058 4309 ethnos,
1081 4247 1164 4312 teque
1186 4235 1214 4293 iu
1237 4233 1328 4312 Regni
1345 4278 1353 4305 ‚
1373 4242 1402 4293 et
1423 4232 1533 4291 'l'errac
1554 4225 1722 4308 praedicta·

931 4357 1020 4410 rum,
1043 4338 1170 4409 realem,
1197 4335 1401 4415 corporalem,
1424 4345 1453 4394 et
1485 4331 1628 4392 actualem
1652 4345 1721 4406 pos·
1800 4368 1803 4377 η

930 4440 1083 4499 sessionem
1106 4437 1282 4506 inducimus,
1294 4435 1376 4514 juxta
1394 4435 1518 4494 sormam
1540 4443 1568 4492 et
1590 4441 1720 4490 tenorem

932 4539 1084 4598 literarum
1111 4528 1288 4598 earumdem.
1316 4536 1349 4595 ln
1384 4534 1498 4596 nomine
1529 4532 1648 4603 Patris,
1670 4527 1724 4589 iiiii

930 4649 960 4699 et
982 4638 1108 4718 Spiritus
1130 4636 1240 4696 Sancti.
1263 4638 1353 4696 nmen
1379 4660 1405 4694 a.

974 4764 991 4795 e
1009 4739 1066 4799 Per
1079 4738 1289 4817 impositionem
1306 4733 1474 4812 hujusmodi
1491 4732 1587 4793 resilii
1600 4730 1723 4790 Sanctae

932 4840 1078 4902 Romanae
1100 4839 1246 4900 Ecclesiae
1268 4841 1436 4900 investimus
1459 4835 1542 4897 tede
1564 4852 1654 4912 regno
1672 4833 1723 4893 Si·

933 4943 1038 5016 ciliae,
1061 4954 1090 5004 et
1111 4942 1203 5003 Terra
1226 4942 1299 5000 citra
1321 4938 1454 4998 Pharum
1484 4935 1569 5014 juxta
1591 4947 1722 4995 tenorem

934 5045 1140 5105 commissionis
1163 5042 1243 5104 nobis
1264 5043 1383 5112 iactae,
1403 5052 1431 5101 et
1463 5049 1491 5099 te
1513 5039 1540 5097 in
1568 5036 1725 5117 passessio-

934 5164 1000 5207 nem
1028 5145 1147 5225 Regni,
1177 5154 1206 5206 et
1228 5143 1338 5203 Terrae
1357 5141 1525 5203 eorumdem
1560 5139 1726 5200 inducimus

978 5347 1012 5406 (t)
1027 5344 1090 5394 Vide
1110 5358 1168 5406 pag.
1185 5318 1240 5394 aar.
1257 5343 1304 5392 col.
1323 5350 1343 5393 t.
