3758 6030
42 329 44 332 Α
81 227 193 311 (raas)

81 361 224 421 associare
250 360 374 421 soluerit
397 362 426 422 io
448 364 540 442 capite
558 366 727 438 scalarum,
748 366 797 425 ubi
818 385 870 446 per

79 461 167 522 aliam
190 462 267 521 vlam
287 460 394 531 diverti
411 471 521 541 potest,
546 465 651 526 iterum
666 464 741 544 Regi
763 464 870 544 grabes

80 572 207 643 ageret,
227 571 256 622 et
277 546 372 640 ipsum
406 563 574 624 licentiaret.
610 562 696 633 Quod
726 566 749 626 si
776 566 868 646 ipsum

81 663 144 725 Rex
166 662 202 722 ad
220 679 366 724 cameram
381 663 547 736 associaret,
564 664 680 727 deberet
702 669 760 746 ipse
771 665 869 746 Lega-

78 773 127 824 tus
146 781 243 842 regem
265 763 359 841 ipsum
381 763 445 824 inde
469 765 619 842 usquead
652 785 761 844 equum
784 786 866 829 asso·

79 868 177 938 ciare3
198 882 271 942 quae
292 865 387 924 omnia
418 865 539 945 benigne
567 867 706 927 intellexit
726 887 743 926 a
766 887 813 929 me
834 887 867 928 ac

76 966 113 1024 ad
129 966 385 1044 interrogationem
401 983 495 1026 meam
511 967 657 1046 respondit
671 968 723 1028 sibi
738 970 866 1048 placere,

78 1067 161 1145 quod
180 1068 209 1126 in
226 1067 372 1127 versiculo
387 1078 416 1128 et
429 1067 558 1129 oratione
580 1069 727 1131 diceretur
738 1071 866 1133 Servum

77 1178 109 1227 et
124 1169 276 1247 famulum
291 1167 554 1230 tnurrtJoitonnem
568 1172 868 1253 presbyterumCar-

80 1268 246 1339 dinotem3
268 1279 298 1328 ct
316 1269 394 1346 quod
413 1270 661 1345 breressemttsus,
687 1284 753 1352 post
778 1273 867 1334 bene·

75 1354 230 1435 dictionem
245 1387 327 1429 suam
343 1414 351 1439 ‚
366 1369 435 1431 dare
452 1373 538 1433 rellet
551 1372 757 1451 indulgentiam
775 1374 865 1433 trium

76 1487 242 1541 annorum,
261 1487 349 1548 quam
371 1475 521 1532 consuerit
544 1472 790 1553 Arabiepiscopus
806 1472 866 1533 ra-

76 1570 224 1643 traccnsis,
246 1573 357 1650 primus
373 1575 570 1659 praelatorum
596 1573 736 1648 suorum,
757 1578 864 1655 populo

74 1670 257 1743 denunciare;
270 1671 332 1731 dedi
345 1674 432 1732 etiam
454 1674 507 1733 sibi
530 1676 690 1736 orationem
708 1676 742 1737 de
757 1676 864 1736 Sancto

73 1770 214 1833 ianuario
234 1791 285 1851 per
307 1771 400 1851 ipsum
421 1774 449 1834 in
473 1775 594 1837 ecclesio
616 1776 800 1856 Neapolitana
818 1777 864 1836 di-

73 1873 203 1933 cendam.

116 1973 419 2053 Appropinquarimus
429 1976 469 2035 sic
478 1977 640 2056 ,equitando
651 1978 759 2037 civitati
768 1978 863 2038 slver-

72 2095 134 2147 sae,
146 2075 195 2135 ubi
215 2094 319 2156 porum
337 2078 410 2136 citra
426 2079 505 2140 renit
523 2078 575 2137 sibi
590 2078 706 2138 obviam
720 2077 861 2139 sereniss.

33 2243 36 2249 ,
72 2175 210 2256 Princeps
237 2176 300 2238 Don
329 2178 498 2238 Frideriaus
530 2178 565 2238 de
596 2179 743 2261 tragonis
768 2179 861 2239 irater

70 2277 160 2358 Regis
181 2277 359 2358 Neapolitani
380 2299 450 2340 curu
470 2280 584 2340 duobus
607 2281 861 2360 brcbiepiscopia‚

71 2379 186 2440 duobus
204 2380 379 2460 Episcopis,
398 2392 427 2440 et
447 2393 572 2458 quatuor
591 2374 754 2443 Comitibus
772 2394 862 2461 supe·

72 2483 137 2541 rius
161 2483 333 2552 nominatis,
353 2482 403 2559 qui
425 2500 502 2552 eum,
524 2482 638 2543 nornine
656 2482 755 2561 Regis,
778 2501 861 2544 rece·

71 2592 197 2661 perunt;
218 2594 247 2642 et
268 2581 333 2641 Don
366 2581 543 2652 Fridcricus.
562 2593 728 2662 porrectam
756 2581 860 2662 hepati

71 2699 190 2742 manum
228 2699 283 2741 non
312 2693 355 2743 est
384 2682 589 2754 deosculatus,
621 2701 714 2760 neque
745 2684 859 2763 signum

69 2782 290 2844 deosculationis
309 2774 392 2855 lecit,
409 2783 458 2843 sed
477 2781 620 2862 allegato
640 2783 676 2842 ad
691 2784 750 2844 oria
774 2803 861 2845 oscu-

69 2883 133 2944 lum
154 2893 197 2944 est
218 2895 375 2964 receptus,
397 2894 426 2945 et
445 2885 481 2944 nd
498 2886 643 2945 sinistram
664 2884 767 2964 [regati
788 2903 860 2946 eon·

70 2984 150 3044 tinus
175 2983 326 3061 equitavit.
353 2985 517 3063 Antequam
545 2986 684 3065 praedicti
705 2997 859 3060 venerunt,

69 3103 168 3145 omnes
189 3085 310 3164 praelati
333 3083 436 3164 Legati
460 3096 611 3164 coopertas
634 3105 721 3166 super
753 3105 857 3148 eorum

69 3188 165 3246 mulas
187 3206 259 3265 quas
277 3187 444 3264 equitabant
460 3188 525 3266 poni
547 3188 681 3247 iecerunt
697 3231 705 3260 ,
723 3200 752 3249 et
774 3205 858 3247 man·

69 3292 154 3351 telios
175 3291 275 3370 longos
297 3309 365 3350 cum
387 3291 532 3369 capucciis
553 3292 582 3349 in
602 3302 810 3363 transversum,
829 3302 857 3351 et

68 3394 224 3472 cappelios,
246 3403 332 3471 prout
348 3392 376 3451 in
398 3392 471 3452 urbe
495 3392 587 3452 Roma
603 3394 734 3470 equitare
754 3393 856 3466 solent,

64 3492 150 3572 jussu
161 3494 322 3555 Cardinalis
345 3476 527 3571 receperunt,
549 3492 584 3552 de
605 3510 665 3570 quo
682 3510 730 3553 eos
752 3493 855 3554 redar-

66 3595 143 3674 gui,
165 3594 354 3654 nibilominus
376 3606 470 3652 tamen
498 3593 583 3655 etiam
606 3591 753 3673 Neapolim
773 3604 855 3673 post·

70 3695 190 3757 modum
212 3697 254 3755 sie
274 3695 434 3766 intrarunt,
449 3694 601 3755 Cardinale
619 3695 659 3755 sic
678 3695 800 3755 volente.
821 3695 853 3754 ln

68 3807 152 3876 porta
174 3799 321 3855 Aversana
337 3793 463 3873 Legatos
477 3814 511 3855 ex
530 3813 606 3872 equo
622 3811 741 3854 crucem
757 3813 774 3854 e
788 3812 854 3852 ma·

69 3897 154 3957 nibus
175 3897 283 3957 Vicaril
306 3894 444 3976 Episcopi
461 3897 599 3956 tvo-soni
618 3896 673 3956 sibi
688 3907 851 3975 porrectam

66 3999 214 4058 osculatus
233 4006 286 4067 est3
306 4007 368 4055 tum
388 3995 443 4055 sub
460 3995 643 4066 baldachino,
665 3994 852 4074 praecedente
897 4014 901 4024 ’

64 4096 256 4176 processione,
274 4096 350 4157 renit
364 4096 400 4155 ad
415 4097 566 4157 ecclesiam
580 4097 769 4168 Aversanam,
787 4097 850 4158 Don

63 4199 215 4260 Friderlco
240 4216 352 4276 semper
379 4196 417 4255 ad
445 4193 509 4272 ejus
528 4198 672 4256 sinistram
693 4198 848 4274 equitante.

64 4301 97 4359 ln
122 4299 243 4361 ecclesia
266 4297 392 4378 laegatus
426 4298 545 4377 aspersit
577 4317 630 4370 se,
662 4298 760 4359 deinde
785 4297 848 4358 Don

63 4400 249 4462 Fridericurn
284 4410 313 4460 et
333 4400 426 4459 alios:
450 4400 585 4478 imposuit
605 4400 773 4472 incensum,
795 4399 849 4462 luit

64 4501 235 4561 incensatus:
254 4498 324 4560 dicti
344 4517 513 4578 supereum
532 4502 680 4572 versiculi,
699 4510 728 4560 et
744 4499 846 4561 oratio.

62 4605 126 4663 ntia
149 4614 244 4662 autem
267 4620 321 4681 pro
352 4601 458 4660 sanctis
479 4599 569 4662 Petro
590 4613 620 4662 et
650 4601 744 4663 Paulo
768 4602 849 4682 sipo-

62 4706 142 4765 stolis
175 4704 304 4782 patronis
325 4704 461 4763 ecciesiae
488 4721 557 4762 cum
576 4703 708 4764 oratione
728 4723 779 4783 per
799 4703 847 4762 ‘di-

62 4817 144 4867 ctum
176 4787 335 4865 Vicarlum.
373 4803 604 4865 benedictionem
640 4816 737 4867 autern
771 4805 847 4866 dedit

61 4907 122 4986 ipse
142 4905 270 4985 [regatus
296 4916 325 4966 et
357 4904 550 4984 indulgentias
572 4907 660 4965 trium
679 4924 845 4980 annorum,

61 5026 135 5087 quaa
154 5008 182 5065 in
202 5007 290 5067 latino
309 5005 469 5086 publicarit
484 5006 724 5086 brebiepiscopus
739 5007 846 5066 Patra·

62 5111 153 5170 censis
173 5128 208 5170 eo
229 5127 312 5169 more
331 5117 419 5188 prout
440 5108 467 5166 in
489 5109 552 5168 aliis
568 5108 733 5168 civitatibus
755 5127 846 5186 usque

61 5214 137 5272 istuc
158 5210 274 5272 iecerat.
295 5210 359 5270 Dixi
391 5219 543 5290 propterea
569 5209 661 5270 eidem
691 5207 845 5287 lircbiepi·

60 5332 150 5393 scopo
169 5311 248 5391 quod
269 5310 305 5372 ad
335 5331 403 5374 eum
427 5330 482 5374 non
515 5310 659 5391 spectabat
689 5309 845 5387 indulgen·

564 230 846 298 rnnrmcnrus
867 234 1091 305 nuaxtnoru
1112 236 1236 299 sarri.
1442 227 1445 234 '
1557 210 1559 214 ’
1659 243 1722 311 aar

944 369 1052 428 tiorum
1084 365 1250 445 hujusmodi
1270 368 1448 448 publicatio,
1469 371 1517 433 sed
1539 371 1575 432 ad
1596 373 1724 452 aliquem

944 469 1142 549 cappellanum
1164 469 1209 529 rel
1239 468 1409 530 canonicum
1431 470 1511 531 illius
1539 473 1674 536 ecclesiae
1695 477 1725 535 in

943 587 1000 646 qua
1021 580 1113 629 essent
1128 567 1362 642 denunciandae‚
1383 581 1412 632 et
1427 572 1505 649 quod
1521 591 1576 634 non
1593 576 1621 635 in
1636 577 1726 638 latino

941 667 989 728 sed
1006 669 1120 748 vulgari
1135 686 1267 732 sermone
1288 669 1424 732 deberent
1441 676 1638 751 pronunciari.
1661 676 1724 737 ru-

943 768 1281 850 blicatis-indulgentiis,
1312 772 1450 833 mulieres
1471 786 1499 835 et
1520 776 1578 837 viri
1610 779 1724 838 tumul-

940 871 1017 930 tuosi
1041 871 1238 932 veneruntad
1269 873 1458 933 osculandum
1479 892 1581 936 manus
1598 874 1725 957 Legati,

941 971 1018 1048 quod
1039 972 1125 1032 etiam
1145 973 1241 1033 iacere
1262 974 1449 1053 incoeperunt
1464 976 1500 1035 ab
1518 973 1582 1053 ejus
1603 978 1723 1039 introitu

940 1070 977 1129 ad
995 1072 1168 1156 ecelesiam,
1189 1083 1218 1134 et
1237 1075 1479 1137 continuaverunt
1499 1080 1594 1156 usqba
1615 1077 1652 1138 ad
1673 1078 1721 1137 in·

940 1172 1062 1233 troitum
1083 1173 1119 1233 ad
1141 1175 1280 1252 palatium
1300 1176 1462 1256 episcopale
1484 1197 1538 1258 pro
1559 1177 1723 1258 receptione

939 1289 990 1331 sua
1022 1284 1167 1352 paratum.
1189 1275 1266 1336 idem
1298 1276 1387 1337 etiam
1421 1297 1437 1336 a
1471 1278 1579 1358 populo
1609 1279 1637 1338 iu
1657 1277 1721 1339 aliis

939 1372 1105 1435 civitatibus
1127 1376 1208 1455 regni
1229 1377 1338 1436 lactrrm
1360 1377 1457 1451 luiss'e,
1478 1379 1522 1438 sui
1544 1379 1616 1440 mibi
1637 1391 1720 1441 retu·

939 1471 1044 1532 lerunt.
1058 1470 1210 1536 Descendit
1223 1475 1259 1534 ad
1273 1477 1413 1556 palatium
1429 1479 1505 1541 idem
1517 1479 1689 1554 Cardinalis‚
1703 1498 1721 1540 a

938 1573 1001 1634 lion
1033 1574 1183 1637 liriderioo
1215 1588 1245 1641 et
1277 1579 1341 1638 aliis
1370 1580 1526 1641 associatus
1557 1601 1650 1660 usque
1682 1583 1719 1643 ad

937 1693 1084 1736 conseram
1098 1695 1192 1749 suam,
1204 1677 1264 1750 ubi,
1279 1677 1395 1738 dimisso
1406 1677 1528 1759 Legata,
1539 1692 1721 1745 recesserunt

936 1788 1042 1832 omnes.
1056 1769 1334 1851 bgoensmnabtn
1349 1792 1366 1833 a
1381 1772 1491 1854 [tegata
1507 1777 1633 1848 licentia,
1647 1776 1721 1839 redii

936 1870 1085 1951 Neapolim
1114 1872 1151 1931 ad
1171 1872 1363 1946 ordinandum
1392 1875 1494 1937 ibidem
1528 1878 1718 1957 receptionem

935 1982 1029 2046 suam,
1049 1973 1118 2051 quia
1133 1973 1232 2034 eodem
1249 1974 1294 2035 dle
1307 1987 1371 2036 erat
1390 1975 1537 2057 Neapolim
1558 1970 1722 2053 venturus,

934 2073 983 2134 sed
998 2073 1061 2134 beri
1079 2084 1232 2151 antequam
1251 2074 1360 2135 exirem
1375 2075 1538 2156 Neapolim,
1551 2077 1615 2139 dedi
1631 2079 1722 2140 cedu-

937 2174 979 2233 las
994 2174 1217 2249 intimationum,
1233 2177 1376 2254 praelatis,
1392 2176 1428 2237 li.
1440 2177 1564 2238 tatutis
1575 2178 1720 2258 Episcopo

935 2275 1086 2355 Tropiensi
1108 2277 1189 2355 regio
1205 2279 1373 2356 cappellano
1388 2276 1514 2355 majore,
1533 2291 1563 2342 et
1582 2281 1665 2341 clero
1684 2298 1719 2340 ac

934 2378 1077 2456 religiosis
1091 2378 1214 2438 civitatis
1230 2378 1428 2459 Neapolitanae
1448 2380 1658 2453 faciendarum,
1680 2380 1718 2441 li.

934 2476 968 2536 P.
983 2477 1018 2538 D.
1036 2476 1154 2540 Nicolao
1167 2480 1292 2541 Antonio
1310 2480 1434 2542 blarensi
1450 2482 1486 2541 li.
1502 2481 1719 2562 trebtsptscopi

932 2577 1111 2657 Neapolitani
1142 2579 1261 2655 Viearlo
1293 2582 1439 2659 generali,
1470 2600 1597 2660 quarum
1637 2593 1720 2645 tenor
1826 2622 1829 2634 ‹

934 2679 1000 2739 talis
1018 2691 1075 2740 est:

974 2806 990 2839 a
1008 2782 1163 2844 intimetur
1178 2781 1312 2843 omnibus
1323 2782 1555 2864 Arcbiepiseopis
1566 2795 1595 2844 et
1604 2784 1719 2863 episco-

932 2883 976 2961 pis
994 2883 1022 2943 in
1039 2880 1154 2943 civitate
1165 2881 1348 2962 Neapolitana
1364 2886 1538 2957 constitutis,
1554 2884 1631 2962 quod
1646 2903 1716 2945 cra·

932 2983 1006 3043 stina
1027 2981 1081 3052 die,
1102 2983 1183 3041 eirca
1199 2981 1302 3043 boram
1324 3001 1379 3044 xx.
1402 2983 1474 3044 lies.
1496 2984 1534 3044 D.
1556 2982 1719 3046 cardinalis

932 3080 1037 3143 Montis
1052 3081 1168 3160 liegalls
1184 3083 1362 3161 Apostolicae
1377 3084 1459 3144 Sedis
1477 3083 1606 3163 laegatus
1621 3086 1717 3145 intra-

931 3184 973 3243 bit
994 3182 1139 3244 ciritatem
1161 3181 1387 3262 Neapolitanam,
1405 3195 1558 3263 propterea
1579 3187 1666 3247 velint
1687 3186 1716 3246 in

927 3301 1034 3346 eorum
1050 3284 1193 3345 mantellis
1207 3284 1300 3363 longis
1315 3304 1382 3344 cum
1397 3287 1545 3365 capucciis
1555 3286 1593 3346 ad
1607 3289 1715 3348 collum

930 3386 1229 3447 transversis‘eadem
1252 3386 1296 3447 die
1328 3388 1406 3448 circa
1440 3387 1543 3449 boram
1574 3389 1714 3452 maiman

929 3498 1062 3548 octavam
1085 3489 1114 3546 in
1135 3488 1253 3548 ecclesia
1276 3485 1459 3567 Neapolitana
1486 3508 1583 3551 omnes
1604 3507 1715 3551 conre-

927 3591 1001 3661 nire,
1023 3588 1099 3649 unde
1119 3589 1205 3649 simul
1231 3588 1379 3666 usquead
1401 3590 1542 3653 Sanctum
1562 3592 1712 3652 lulianum

927 3700 1008 3749 extra
1030 3699 1143 3768 portam
1160 3688 1327 3769 Capuanum
1350 3691 1407 3752 bini
1428 3692 1510 3766 bini,
1531 3695 1713 3771 equitaturi,

926 3798 954 3849 et
970 3787 1113 3869 Legatum
1129 3789 1235 3851 ibidem
1252 3795 1415 3872 recepturi,
1433 3793 1613 3875 dignioribus
1634 3813 1714 3856 sem·

926 3910 978 3971 per
1004 3892 1291 3971 praecedentibus».

968 4018 985 4050 a
1005 3996 1159 4055 lntimetur
1175 3994 1273 4066 Claro,
1288 4008 1324 4054 ac
1336 3993 1469 4053 omnibus
1484 3996 1663 4056 monasteriis
1680 4007 1709 4058 et

922 4094 1112 4155 conventibus
1132 4093 1346 4172 Neapolitanis,
1376 4095 1456 4173 quod
1489 4097 1614 4155 crastina
1644 4097 1710 4171 die,

924 4213 997 4271 quac
1028 4195 1086 4253 erit
1107 4194 1232 4254 secunda
1255 4192 1343 4271 bujus
1365 4195 1469 4255 mensis
1501 4195 1592 4268 maii,
1630 4197 1708 4257 circa

922 4295 1025 4355 boram
1040 4311 1097 4356 xx.
1113 4293 1379 4355 Reverendisslmus
1394 4294 1429 4355 l).
1446 4295 1609 4357 Cardinalis
1624 4297 1711 4357 bion·

924 4399 959 4456 tis
965 4395 1081 4475 Regalis
1092 4393 1219 4474 [regatus
1230 4397 1412 4475 Apostolicus
1428 4397 1546 4457 intrabit
1560 4397 1709 4461 civitatem

921 4496 1137 4578 Neapolitanam
1159 4516 1211 4576 per
1226 4508 1341 4576 portam
1357 4498 1539 4578 capuanam,
1557 4510 1708 4578 propterea

922 4600 1056 4660 velintad
1071 4599 1173 4660 boram
1192 4615 1287 4661 xrtrt.
1307 4600 1447 4660 iiliusdiei
1460 4602 1488 4659 in
1499 4600 1617 4665 ecclesia
1634 4599 1709 4659 Nea-

919 4702 1046 4781 politana
1075 4701 1249 4771 convenire,
1271 4702 1407 4778 quoniam
1432 4701 1707 4780 processionaliter,

919 4805 979 4864 sola
991 4814 1103 4863 tantum
1116 4819 1204 4862 cruce
1217 4798 1346 4878 ejusdem
1359 4802 1497 4862 ecclesiae
1508 4801 1709 4881 praecedente,

920 4923 1018 4964 omnes
1038 4902 1179 4964 exhibunt
1198 4902 1233 4961 ud
1254 4898 1370 4981 portam
1390 4903 1580 4981 praedictam,
1601 4901 1704 4963 ibidem

919 5005 1039 5066 eundem
1061 5001 1206 5082 Legatum
1226 5000 1398 5081 recepturi,
1420 5013 1449 5062 et
1470 5003 1534 5064 inde
1556 5004 1601 5062 ria
1624 5012 1704 5063 recta

919 5106 955 5164 ad
977 5105 1128 5166 ecclesiam
1151 5101 1346 5183 supradictam
1369 5102 1493 5163 redituri
1520 5114 1549 5163 et
1578 5103 1705 5163 associa·

920 5207 988 5267 turi.
1011 5206 1055 5266 Ex
1081 5205 1209 5284 quolibet
1232 5202 1407 5263 monasterio
1428 5215 1456 5264 et
1482 5215 1625 5267 conventu
1646 5216 1706 5269 tres

918 5307 1009 5386 parati
1031 5317 1119 5367 erunt
1136 5289 1313 5383 pluvialibus
1333 5304 1427 5378 albis,
1448 5304 1471 5365 si
1494 5305 1599 5369 babere
1621 5317 1705 5386 pote·

1422 5421 1451 5468 37
