3780 6030
193 257 234 319 80
676 255 958 322 contuleratis
979 256 1202 322 ΙΝΝΟΰΕΝΤΙΙ
1222 255 1374 321 octavi.

194 394 252 455 latii
278 393 439 473 praedicti,
460 393 509 454 ubi
538 411 626 473 supra
656 395 776 473 planum
814 396 878 456 solii
911 393 983 455 sedis

192 494 309 574 Papae,
332 498 360 554 in
388 514 444 572 qua
465 496 494 554 in
516 494 632 574 publico
654 497 824 556 consistorio
849 496 983 557 existente

192 595 333 657 Pontillce
353 597 451 657 sedere
470 596 558 667 solet,
580 596 712 656 omnibus
733 597 800 676 ipsis
824 596 982 670 stantibus,

191 696 227 754 od
250 697 375 756 curiales
398 715 514 768 versus,
535 697 612 758 lacto
635 698 760 759 intanto
782 700 908 760 tumultu
939 700 982 758 si·

196 797 292 860 lentio.
307 796 344 855 D.
360 795 510 868 Alerienis,
522 793 702 873 hujusmodi,
718 799 763 858 rel
778 799 879 858 similia
892 797 980 859 verba

192 897 407 974 pronunciarit.
431 929 467 941 -
490 896 545 957 SS.
568 898 604 956 D.
620 897 654 958 Ν.
672 900 771 960 rolens
791 899 911 959 obviare
929 910 981 958 tu·

193 996 332 1056 multibus
353 1006 381 1056 et
402 997 542 1057 scandalis
563 999 633 1058 alias
653 999 680 1059 in
712 1000 887 1079 expeditione
917 1002 983 1080 pri·

193 1112 307 1155 ineram
341 1098 503 1173 gratiarum
532 1099 777 1177 expectativarom
799 1099 982 1174 commissis,

190 1215 225 1257 ac
246 1195 500 1269 cavillationibus,
522 1215 596 1274 quae
628 1199 699 1259 alias
719 1199 748 1258 in
776 1201 978 1280 prosecutione

190 1296 342 1358 literarum
365 1296 392 1355 in
415 1297 474 1355 vim
496 1298 652 1358 eorundem
684 1299 848 1378 gratiarum
867 1319 975 1379 prore·

191 1398 331 1458 nientium
353 1409 522 1471 evenerunt,
538 1398 680 1459 commisit
701 1399 772 1459 mibi
794 1400 877 1462 virae
901 1402 981 1462 vocis

190 1499 323 1570 oraculo,
339 1498 530 1574 quodomnes
551 1511 579 1559 et
601 1500 708 1578 singuli
729 1519 880 1581 processus
891 1519 980 1580 super

190 1596 325 1658 omnibus
354 1598 539 1675 expectativis
563 1595 662 1658 Ostiae
687 1600 844 1679 expeditis,
877 1601 927 1677 qrri
950 1602 979 1659 in

188 1696 320 1757 sacristia
340 1695 421 1755 istius
440 1697 586 1775 cappellae
604 1709 671 1758 sunt
686 1693 856 1778 (majorem
876 1698 979 1759 ibidem

191 1797 354 1876 cappellam
371 1814 457 1855 mano
480 1796 662 1857 demostraus
678 1798 688 1878 )
704 1799 820 1878 repositi
838 1809 980 1871 maneant,

190 1907 248 1956 tom
271 1914 326 1976 pro
340 1895 515 1966 absentibus,
531 1915 619 1973 quam
641 1917 695 1976 pro
717 1899 914 1978 praesentibus
928 1898 981 1959 de·

190 1995 336 2057 cernendo
368 2006 423 2056 etc.
450 2005 480 2056 et
504 2014 641 2057 censuras
658 1997 838 2059 fulminando
864 2010 920 2059 etc.
951 2010 980 2059 et

188 2096 228 2156 ite
250 2096 285 2155 de
306 2096 440 2155 mandato
476 2093 508 2154 S.
529 2094 607 2156 Suae
628 2097 775 2170 decerno,
796 2109 825 2158 et
843 2098 978 2158 lulmiuo.

187 2195 267 2263 idern
290 2194 399 2257 iaciunt
421 2212 520 2255 omues
542 2194 570 2253 bi
592 2195 707 2256 Domini
735 2195 903 2276 coepiscopi
924 2198 980 2257 mei

190 2294 238 2356 bic
254 2305 427 2374 praesentes.
442 2294 513 2355 Vult
533 2307 631 2356 autem
653 2294 684 2355 S.
705 2295 777 2366 Sua,
795 2314 830 2356 ac
849 2296 979 2358 decernit

189 2406 219 2456 ct
237 2394 353 2456 ordinat
375 2394 452 2473 quod
475 2394 660 2456 nibilominus
681 2414 779 2456 omnes
798 2441 805 2466 ,
825 2408 851 2456 et
873 2397 978 2475 singull

187 2494 292 2568 bullis,
314 2505 343 2555 et
365 2495 455 2556 literis
475 2494 641 2572 gratiaram
663 2493 828 2571 hujusmodi
850 2496 978 2574 deputati

188 2591 267 2654 dare.
282 2637 289 2650 .
310 2635 317 2648 .
334 2637 341 2651 .
364 2609 515 2672 processus
533 2594 561 2651 in
573 2593 667 2653 iorma
679 2596 773 2663 solita,
788 2605 817 2654 et
832 2607 977 2670 consueta,

187 2709 274 2770 super
307 2690 407 2752 iisdem
441 2691 532 2751 literis
553 2691 608 2750 sub
629 2711 732 2752 eorum
761 2694 922 2755 nominibus
950 2708 978 2757 et

189 2791 421 2869 cognominibus,
443 2808 477 2849 ac
499 2790 625 2869 propriis
644 2791 765 2870 sigillis.
783 2813 817 2854 ac
846 2793 977 2855 hodierni

189 2889 244 2950 diei
266 2890 348 2961 dota,
370 2890 420 2966 qui
444 2891 573 2960 valeant,
595 2908 629 2950 ac
651 2909 736 2950 suurn
755 2894 887 2953 eliecturn
910 2910 976 2952 sor·

189 2990 300 3048 riantur
314 2990 343 3047 in
359 2987 505 3058 omnibus,
518 3006 552 3048 ac
564 3007 615 3068 per
626 2990 723 3049 omnia
739 3010 773 3051 ac
788 2993 811 3051 si
825 3010 977 3071 processus

188 3087 354 3167 hujusmodi
374 3106 425 3166 per
438 3088 512 3166 ipsos
526 3087 584 3160 bic,
598 3089 653 3149 bac
672 3089 757 3162 bora,
779 3090 887 3150 decreti
902 3092 978 3150 exti-

187 3191 294 3248 tissent.
313 3188 408 3281 Super
424 3187 530 3265 quibus
549 3188 681 3248 omnibns
695 3200 722 3249 et
741 3190 862 3267 singulis
875 3188 976 3266 rogati
993 3235 999 3243 .

186 3298 254 3347 sarit
275 3305 376 3347 omnes
397 3298 426 3346 et
446 3285 551 3365 singuli
583 3285 693 3347 Notarii
724 3287 771 3346 bic
794 3287 976 3367 praesentes,

186 3387 236 3465 qui
252 3385 338 3445 etiarn
358 3381 526 3460 hujusmodi
541 3403 692 3463 processus
711 3385 890 3447 subscribere
906 3405 977 3465 pos-

187 3484 244 3544 sint
261 3494 290 3544 et
308 3483 450 3554 debeant,
472 3502 507 3544 ac
526 3484 551 3542 si
571 3482 606 3544 de
627 3486 746 3562 singulis
766 3486 926 3564 specialiter
949 3498 978 3548 et

190 3602 321 3663 expresse
337 3584 430 3660 rogati
441 3583 602 3642 extitissent.
616 3616 650 3626 -
667 3584 710 3644 lle
727 3598 786 3662 quo
797 3588 888 3645 omnis
898 3587 978 3646 mul·

185 3682 279 3742 titudo
298 3683 475 3742 acclamansz
492 3680 574 3741 Vivo
586 3680 677 3761 Papo
693 3683 889 3756 innocentio,
906 3686 978 3745 sati-

185 3781 268 3841 slacti
283 3789 463 3840 recesserunt
478 3796 584 3838 omrres.
606 3778 735 3841 ilabebat
754 3792 848 3843 tamen
868 3784 979 3843 multo-

185 3898 253 3941 rum
272 3877 383 3957 judicio
395 3879 522 3940 inhibere
535 3879 612 3957 quod
624 3881 722 3939 nullus
744 3879 847 3941 boram
870 3883 898 3941 in
920 3881 979 3940 bu·

181 3976 308 4055 jusmodi
323 3979 504 4059 processibus
519 3990 686 4058 apponeret,
697 3997 731 4039 ne
747 3980 795 4040 ille
809 3981 858 4057 qui
876 3967 996 4041 boram

185 4082 359 4160 apposuisset
371 4076 584 4159 praejudicaret
596 4082 693 4153 alteri,
705 4080 733 4139 in
748 4077 832 4156 cujus
843 4099 979 4160 processu

186 4178 258 4239 horn
276 4197 332 4239 non
348 4190 419 4239 esset
434 4179 569 4260 appositu.
581 4178 613 4238 ln
630 4178 684 4238 bac
696 4180 788 4258 prima
803 4180 979 4258 expeditione

145 4346 147 4349 .
186 4281 377 4340 conclnristae
396 4297 452 4339 non
473 4291 629 4358 potuerunt
644 4281 750 4341 babere
767 4299 887 4340 suarrrm
907 4299 980 4359 gra·

189 4381 296 4438 tiorum
313 4377 530 4456 expeditionem,
552 4380 618 4440 licet
637 4399 724 4459 super
744 4379 798 4441 boc
816 4392 979 4460 opportune

187 4477 297 4537 lactum
307 4488 336 4535 et
348 4475 512 4554 importune
523 4475 610 4537 luerit
621 4479 815 4540 sollicitatum.

1736 257 1845 344 (⁴⁴8⁶)

1093 394 1178 454 Faria
1197 395 1336 467 secunda,
1348 392 1397 454 Ι3.
1415 396 1518 456 mensis
1533 396 1710 470 novembris,
1727 412 1844 477 peracto

1050 493 1183 573 prandio,
1197 495 1233 555 tt.
1249 496 1282 554 P.
1294 495 1329 555 D.
1343 493 1524 557 Antonianos
1536 495 1686 576 epiecopus
1695 500 1844 560 Auriensis

1051 593 1106 654 SS.
1126 594 1161 653 Ι).
1182 593 1216 653 Ν.
1235 594 1331 674 Papae
1352 594 1488 655 Dntarius
1519 597 1598 656 misit
1619 597 1656 657 ad
1684 599 1841 677 registrum

1050 712 1149 754 omnes
1181 695 1294 755 rotulos
1316 698 1563 775 cxpectaticarum
1587 717 1640 778 per
1663 697 1720 757 SS.
1741 699 1777 759 Ι).
1807 700 1839 760 Ν.

1050 793 1158 872 Papam
1179 794 1326 871 signatos,
1351 796 1504 867 videlicet,
1523 799 1736 878 imperatoris,
1758 798 1841 860 Vice-

1049 892 1239 965 cancellarii,
1261 904 1289 953 et
1316 895 1444 954 omnium
1470 897 1597 956 aliorum
1624 897 1838 972 Cardinalium,

1050 992 1180 1052 omnium
1201 991 1393 1072 Principum,
1414 1007 1443 1057 et
1471 994 1659 1076 Scriptorum
1688 1000 1841 1059 literarum

1050 1093 1297 1172 apostolicarum3
1316 1104 1346 1154 et
1363 1112 1463 1155 omncs
1484 1096 1578 1156 rotuli
1600 1094 1780 1173 hujusmodi,
1796 1099 1842 1174 qui

1047 1192 1146 1253 eodeni
1171 1192 1216 1253 die
1240 1195 1268 1252 in
1289 1195 1415 1271 registro
1437 1193 1581 1272 redempti
1602 1195 1842 1268 luernm‚eodern

1047 1309 1112 1353 sero
1139 1292 1224 1351 simul
1256 1293 1363 1370 portati
1390 1292 1428 1351 ad
1459 1293 1665 1355 cancellariam
1679 1338 1689 1367 ,
1721 1295 1841 1374 exceptis

1047 1391 1152 1451 rotulis
1176 1391 1365 1451 familiarium
1386 1390 1459 1454 Rev.
1479 1392 1515 1452 Ι).
1538 1392 1796 1465 vicecancellarii,
1816 1406 1842 1456 et

1049 1491 1235 1572 Scriptorum
1248 1493 1400 1554 literarum
1412 1496 1716 1573 apostolicarum,qui
1728 1495 1842 1556 inerant

1048 1594 1144 1672 primo
1165 1591 1311 1671 registrati
1324 1637 1336 1670 Α,
1358 1605 1388 1655 et
1407 1594 1444 1652 ad
1463 1594 1666 1654 cancellariam
1686 1596 1768 1655 missi
1775 1617 1785 1668 ς
1806 1595 1840 1656 ita

1030 1691 1125 1769 ¹quod
1140 1709 1269 1768 unquam
1285 1691 1332 1750 alii
1350 1693 1516 1772 rotuli,pro
1535 1693 1704 1772 praedictis,
1718 1694 1755 1753 ad
1771 1713 1838 1755 can·

1048 1792 1197 1851 cellariam
1219 1791 1425 1865 mitterentur3
1449 1792 1490 1853 illi
1513 1791 1724 1872 expedircrunt
1748 1793 1839 1854 bullas

1047 1908 1135 1963 suus3
1156 1907 1223 1949 nam
1251 1889 1476 1952 libbreriatorcs
1501 1890 1537 1952 de
1566 1909 1656 1971 parco
1677 1889 1787 1968 majori
1814 1903 1839 1954 et

1047 1991 1094 2050 alii
1115 1989 1200 2052 bodie
1221 1990 1303 2051 circa
1325 1989 1428 2051 boram
1447 2007 1505 2051 xx.
1527 2003 1668 2053 venerunt
1697 1991 1733 2051 ad
1773 2011 1839 2052 can-

1047 2091 1207 2162 cellariam,
1221 2099 1251 2148 et
1272 2087 1377 2150 ibidem
1400 2101 1565 2151 manserunt
1583 2109 1675 2168 usquc
1696 2091 1732 2150 ad
1749 2107 1838 2169 quar·

1047 2200 1107 2249 tam
1129 2189 1232 2248 boram
1254 2190 1356 2261 noctis,
1379 2189 1424 2249 vel
1446 2189 1533 2249 circa.
1552 2189 1662 2250 Tamen
1683 2190 1838 2270 expectati·

1047 2306 1152 2348 rarum
1172 2287 1364 2367 expeditione,
1380 2287 1516 2367 expeditis
1537 2288 1626 2348 bullis
1644 2308 1701 2368 pro
1722 2288 1838 2368 praedi·

1046 2392 1116 2461 ctis,
1138 2388 1336 2450 veneruntad
1366 2388 1571 2471 cancellariam
1593 2388 1686 2449 retuli
1713 2389 1837 2450 aliorum

1045 2488 1244 2551 Cardinalium
1263 2499 1292 2548 et
1313 2486 1482 2568 Principum
1504 2487 1766 2568 supradictorum,
1787 2506 1837 2546 su·

1045 2608 1098 2668 per
1120 2588 1228 2666 quibus
1248 2588 1395 2668 expeditae
1416 2588 1536 2649 luerunt
1556 2588 1653 2648 bullae
1675 2606 1731 2667 pro
1747 2588 1837 2648 omni-

1045 2689 1100 2748 bus
1123 2689 1315 2751 indillerenter
1337 2689 1365 2749 in
1388 2690 1454 2767 ipsis
1479 2688 1584 2749 rotulis
1605 2688 1774 2761 nominatis,
1792 2687 1837 2765 qui

1043 2790 1140 2849 bullas
1163 2808 1230 2849 suas
1255 2801 1372 2870 paratas
1404 2788 1591 2862 babuerunt3
1613 2800 1643 2849 ct
1671 2796 1838 2848 manserunt

1045 2888 1142 2949 bullae
1163 2887 1343 2963 hujusmodi,
1364 2887 1420 2948 boc
1442 2898 1486 2949 est
1504 2887 1630 2948 lumiliac
1650 2886 1838 2947 vicecancel·

1046 2989 1129 3061 larii,
1151 2999 1179 3048 ct
1201 2989 1388 3067 Scriptorum
1409 2989 1658 3067 apostolicorum:
1681 2985 1837 3064 expeditae,

1045 3098 1173 3148 retentae
1187 3097 1217 3147 et
1230 3087 1391 3147 custoditae
1407 3086 1527 3146 luerunt
1548 3087 1576 3145 in
1592 3087 1770 3147 cancellaria
1786 3103 1836 3164 pro

1045 3189 1232 3251 custodiendo
1255 3208 1346 3268 usque
1369 3190 1397 3248 in
1419 3188 1493 3249 diem
1515 3190 1696 3261 crastinum,
1718 3190 1743 3248 si
1771 3188 1837 3248 benc

1045 3291 1169 3352 memini.
1185 3289 1296 3350 Eodem
1318 3289 1363 3350 die
1384 3290 1463 3349 circa
1480 3288 1584 3349 boram
1602 3306 1695 3350 xxiu.
1708 3288 1786 3349 lacta
1799 3297 1837 3348 est

1045 3391 1170 3452 secunda
1191 3389 1332 3470 expeditio
1350 3409 1403 3469 per
1424 3389 1577 3450 Camenam
1592 3389 1837 3467 expectatirarum

1045 3491 1230 3552 familiarium
1247 3489 1342 3569 Papae
1353 3508 1475 3553 numero
1488 3504 1556 3550 ccc.
1571 3490 1616 3549 rel
1632 3488 1713 3549 circa
1720 3510 1732 3561 ;
1743 3505 1837 3549 omncs

1045 3589 1100 3649 bac
1122 3601 1206 3650 nocte
1227 3588 1393 3668 plumbatae
1414 3592 1544 3653 luerunt.

1087 3690 1174 3751 Ferin
1196 3690 1298 3761 tertia,
1326 3689 1375 3751 lt.
1405 3690 1590 3764 novembris,
1611 3691 1639 3749 in
1661 3706 1747 3749 mane
1761 3688 1836 3747 circa

1045 3788 1149 3848 horam
1160 3806 1235 3849 xum.
1247 3791 1276 3849 in
1286 3790 1393 3869 palatio
1404 3792 1562 3870 apostolico
1573 3790 1650 3870 apud
1666 3788 1698 3849 S.
1717 3787 1837 3849 Petrum

1046 3888 1074 3946 in
1096 3888 1164 3947 auln
1186 3898 1251 3948 ante
1272 3887 1424 3949 Camarum
1435 3890 1629 3969 Apostolicam
1650 3885 1837 3968 personaliter

1046 3987 1223 4071 constitutus
1243 3985 1278 4046 R.
1300 3987 1329 4045 in
1348 3985 1464 4050 Christo
1485 3990 1518 4048 P.
1548 3989 1689 4050 Dominus
1711 3986 1746 4045 Δ.
1776 3985 1838 4063 epi·

1046 4107 1151 4168 scopus
1173 4087 1398 4161 Tiburtinensis,
1425 4088 1460 4150 de
1489 4090 1624 4150 mandato
1651 4087 1707 4147 SS.
1738 4087 1774 4145 Ι).
1804 4083 1838 4144 Ν.

1047 4189 1163 4268 Papae,
1185 4199 1218 4248 ut
1237 4190 1382 4261 asseruit,
1405 4188 1535 4250 decrevit
1566 4206 1719 4268 processus
1750 4204 1838 4265 super

1046 4288 1180 4350 omnibus
1200 4288 1302 4368 gratiis
1322 4288 1507 4367 expectativis
1528 4289 1557 4347 in
1578 4287 1702 4349 secunda
1722 4285 1853 4367 expedi·

1047 4390 1135 4460 tione,
1155 4387 1280 4466 expediri
1311 4385 1410 4449 eodem
1432 4387 1519 4448 modo
1539 4406 1595 4466 pro
1622 4397 1655 4446 ut
1682 4403 1775 4465 ,supra
1810 4385 1859 4444 ir·

1046 4490 1142 4566 prima
1164 4485 1342 4565 expeditione
1368 4497 1503 4547 notatum
1524 4498 1589 4556 est,
1618 4498 1677 4547 tam
1699 4504 1755 4565 pro
1784 4486 1885 4545 abae

1045 4586 1185 4655 sentibus,
1196 4603 1283 4662 quam
1299 4604 1354 4663 pro
1364 4587 1568 4663 praesentibus.
1580 4586 1620 4647 Et
1630 4605 1719 4667 super
1730 4585 1879 4664 bojuse

1046 4683 1124 4745 modi
1143 4701 1332 4764 processuum
1346 4683 1473 4756 decreto,
1490 4686 1544 4745 luit
1564 4685 1638 4746 faeta
1659 4704 1711 4764 per
1728 4686 1785 4746 SS.
1802 4688 1870 4747 Ι),

1046 4782 1081 4843 Ν.
1098 4783 1221 4860 quedam
1241 4780 1416 4855 constitutio,
1426 4802 1495 4845 suae
1514 4786 1702 4847 cancellariae
1719 4797 1883 4865 aposto*

1047 4885 1119 4945 licae
1141 4884 1255 4962 regula,
1279 4882 1354 4945 inter
1374 4885 1446 4944 alias
1465 4885 1583 4964 regulas
1604 4903 1659 4945 suo
1672 4885 1777 4946 ordine
1792 4906 1883 4948 re‘

1046 4984 1178 5063 gistrata.

1087 5081 1197 5143 Eodem
1219 5082 1264 5145 die
1285 5102 1302 5142 a
1324 5102 1408 5146 mane
1432 5102 1524 5162 usque
1544 5083 1580 5142 ad
1604 5083 1710 5144 boram
1733 5100 1794 5144 xri.
1813 5088 1873 5146 el

1045 5201 1063 5240 a
1081 5199 1138 5243 xx.
1151 5201 1242 5260 usque
1264 5183 1299 5243 ad
1321 5195 1446 5257 noctem,
1462 5182 1684 5244 Abbreriatores
1700 5184 1737 5245 de
1748 5197 1869 5264 parco

1047 5280 1163 5358 majori,
1181 5296 1209 5344 et
1230 5284 1280 5344 ulii
1302 5284 1422 5344 luerunt
1442 5284 1470 5342 iu
1492 5284 1664 5344 cancellario
1686 5285 1862 5364 expediere*

230 4579 317 4639 Perin
346 4587 422 4636 sexta
442 4619 451 4648 ,
475 4574 523 4636 tlt.
546 4579 649 4637 mensis
676 4580 866 4652 novembris,
899 4581 979 4640 circe

187 4678 292 4739 boram
324 4674 563 4754 xmexpeditae
597 4676 715 4738 luerunt
744 4698 797 4758 per
825 4679 978 4740 Cameram

187 4779 299 4858 gratine
319 4777 515 4856 expectatiroe
537 4794 592 4855 pro
613 4779 813 4850 conclusistis,
828 4791 858 4838 et
877 4778 978 4839 eodem

188 4895 257 4939 sero
271 4876 447 4957 plumbatae,
467 4887 630 4954 reportatae
648 4877 767 4938 luerunt
781 4877 821 4936 ad
832 4896 977 4938 cameram

187 4974 223 5034 Ι).
244 4975 414 5053 Hieronymi
435 4974 554 5033 Balbeni
577 4974 632 5034 SS.
651 4974 687 5034 Ι).
710 4975 744 5034 Ν.
766 4975 861 5054 Papae
880 4995 978 5036 secrc-

191 5076 269 5146 turii,
286 5075 336 5151 qui
358 5092 405 5133 eus
427 5072 503 5134 dedit
521 5074 702 5134 concinuistis
721 5073 841 5152 singulis
855 5093 911 5153 pro
925 5075 978 5136 de·

190 5186 272 5234 crete
293 5190 444 5253 processus
465 5172 627 5234 obtinendo.
647 5172 684 5234 tir
706 5175 834 5250 seqarenti
853 5174 897 5237 die
912 5174 978 5238 lue·

191 5283 259 5332 runt
282 5272 334 5329 sibi
358 5282 530 5350 reportatae.
