3758 6030
61 238 172 323 (aina)

108 376 180 435 Post
199 380 393 458 praescriptos
415 377 564 462 Principes
585 384 754 446 obtulerunt
786 389 853 448 xr‘i.

69 508 853 536 ο--ὰ--ῌ-,ῄ

65 569 183 622 indicum
205 575 334 635 pervenis
357 575 403 625 ubi
427 567 554 639 plurimas
582 578 683 629 insulas
710 580 854 630 innumeris

66 649 201 701 habitatas
223 652 372 704 bominibus
394 658 513 718 repperis
536 670 647 720 quarum
665 660 779 708 omnium
807 670 855 718 pro

66 728 220 782 felicissimo
242 732 310 795 lisga
331 738 440 789 nostros
454 737 581 797 preconis
598 729 732 787 celebrato
760 741 786 786 et
807 747 856 785 ve·

66 809 139 860 xlllis
156 812 289 860 extensis:
309 813 508 871 contradicente
530 817 634 866 nemine
658 816 854 876 possessionen

67 891 184 950 accepis
210 891 348 954 primaque
377 905 468 944 earum
499 894 725 961 divi··salratoris
760 907 855 944 nomen

68 960 193 1027 impos‘uir
210 970 284 1020 cuius
301 969 384 1021 iretus
402 973 513 1022 auxilio:
530 977 583 1025 tam
597 974 715 1024 adbanc
728 985 806 1035 mam
822 972 856 1022 ad

65 1047 173 1096 ceteras
197 1047 260 1097 alias
285 1051 472 1110 pervenimus:
499 1051 561 1103 Eam
585 1065 650 1103 vero
673 1052 729 1102 lodi
752 1053 855 1102 Guana·

67 1121 149 1173 banin
164 1126 268 1174 vocent.
279 1125 486 1180 aliurn-etiam
497 1143 705 1193 unamquamque
721 1140 790 1183 novo
807 1141 855 1178 no·

66 1205 139 1255 mine
158 1207 324 1270 nuncupavi=
339 1208 438 1271 quippe
455 1209 530 1261 aliam
548 1211 660 1260 insulam
675 1209 785 1259 Sanctae
801 1207 856 1259 lla-

66 1285 109 1333 rie
124 1285 326 1347 conceptionis.
352 1288 428 1337 aliam
445 1287 651 1340 Fernandinam.
675 1289 752 1339 aliem
770 1290 857 1351 Hyss-

66 1361 180 1413 bellam..
207 1366 285 1417 aliam¹
301 1365 425 1417 laenam.
442 1371 469 1417 et
488 1372 526 1418 sic
542 1369 581 1422 de.
595 1369 703 1430 reliquie
724 1356 854 1429 appellari

65 1443 143 1500 inssi.
170 1443 232 1492 Cum
258 1445 373 1506 primum
395 1446 497 1497 ineam
519 1447 631 1497 insulam
653 1457 731 1508 quam
758 1445 855 1495 dudum

67 1517 176 1571 laenam
200 1524 291 1572 vocari
308 1525 376 1577 uixi
409 1526 575 1589 appulimus:
601 1517 675 1579 iuxta
700 1526 757 1574 eius
784 1524 856 1574 littus

66 1600 232 1650 occidentem
245 1613 338 1651 versus
350 1603 539 1672 aliquantulum
551 1589 669 1665 processi
682 1606 786 1663 tamque
798 1612 855 1650 eam

66 1691 187 1740 magnam
205 1681 275 1729 nullo
293 1684 400 1742 reperto
418 1679 468 1730 dne
485 1683 591 1733 iuveni:
606 1686 635 1730 ut
653 1694 706 1730 non
729 1680 855 1730 insulamn

66 1759 118 1808 sed
133 1762 311 1812 continentem
322 1759 420 1816 Cbatai.
430 1763 593 1823 provinciam
611 1773 671 1816 esse
688 1758 856 1810 crediderimi

67 1839 140 1887 nulla
157 1840 243 1889 tamen
261 1838 353 1893 videns
372 1840 468 1902 oppida
486 1841 661 1902 municipiove
679 1841 704 1891 in
721 1840 856 1887 maritimis

67 1916 122 1965 sita
149 1915 294 1966 confinibus
317 1923 407 1979 preter
433 1919 535 1981 aliquos
551 1921 624 1970 vicos
647 1923 674 1968 ct
699 1918 788 1979 predia
811 1930 857 1966 ru·

68 1994 153 2042 stica:
172 2006 231 2047 cum
254 2008 366 2057 qnorum
389 1999 480 2049 incolis
504 1998 575 2060 loqui
599 1996 757 2060 nequibam:
774 2007 856 2058 quare

67 2070 148 2122 simul
166 2087 196 2122 ec
212 2087 260 2124 nos
277 2074 416 2126 uidebante
432 2077 612 2139 suscipiebant
632 2077 727 2137 iugem·
746 2079 856 2135 Progre-

67 2149 162 2200 diebar
179 2152 261 2201 ultra=
278 2156 431 2204 existimans
444 2156 557 2217 aliquam
575 2168 616 2204 me
632 2155 725 2218 urbem
747 2155 857 2202 villasve

67 2228 247 2279 inventurum.
269 2234 383 2294 Denique
408 2233 503 2283 videns
523 2233 593 2296 quod
622 2235 698 2295 longe
718 2230 857 2281 admodum

67 2310 217 2368 progressis
241 2311 305 2359 nibil
326 2313 389 2360 novi
413 2313 579 2374 emergebat:
596 2317 623 2363 et
649 2312 797 2363 huiusmodi
816 2310 857 2358 via

68 2398 118 2435 nos
142 2390 175 2436 ad
199 2388 407 2450 Septentrionem
428 2391 566 2442 deferebat
591 2404 668 2460 quem
695 2393 752 2452 ipae
767 2390 857 2451 fugere

69 2465 245 2526 exoptabami
263 2469 341 2518 terris
359 2471 457 2521 etenim
473 2470 599 2533 regnabat
616 2470 728 2523 brume:
753 2469 786 2520 ed
803 2469 858 2530 An·

69 2549 209 2607 strumque
226 2550 285 2596 erat
302 2549 328 2597 in
344 2552 404 2597 voto
420 2550 597 2603 contendere:
608 2562 661 2599 -nec
680 2549 764 2597 minus
786 2549 857 2595 venti

68 2623 246 2685 flagitantibus
264 2626 457 2682 succedebants
474 2630 603 2678 constitui
617 2629 681 2677 alios
694 2640 745 2676 oon
757 2625 856 2687 operiri

69 2714 225 2760 successpss
241 2709 268 2754 et
285 2705 325 2754 sic
342 2706 514 2756 retrocedens
540 2707 573 2755 ad
597 2710 704 2768 portum
726 2703 857 2765 quendam

68 2792 147 2842 quem
165 2774 328 2844 signaveram
351 2776 409 2833 suin
434 2797 574 2836 reversus:
591 2785 659 2836 unde
681 2783 748 2833 duos
773 2782 858 2830 bomi-

69 2871 118 2909 nes
143 2872 177 2909 ex
201 2863 298 2910 nostris
322 2864 348 2911 in
373 2865 472 2919 terram
500 2863 575 2912 micis
601 2864 645 2926 qni
669 2862 858 2923 investigarent

70 2942 143 2988 esset
168 2953 201 2989 ne
223 2940 278 2989 liex
300 2941 326 2989 in
348 2953 379 2989 ea
401 2941 541 3002 provincia
572 2943 687 2992 urbesve
712 2941 808 3003 alique.
828 2938 858 2988 Hi

70 3028 120 3077 per
138 3022 194 3067 tres
210 3019 267 3068 dies
289 3019 457 3070 ambularunt
478 3021 690 3080 inveneruntque
707 3019 858 3075 innumeros

72 3100 188 3165 populos
212 3100 239 3147 et
263 3098 435 3147 abitationeei
467 3111 565 3161 parvas
586 3103 678 3156 ¹tamen
707 3103 733 3147 et
754 3096 858 3158 absque

70 3176 123 3224 ullo
150 3176 285 3236 regimine.
311 3190 362 3237 qua
386 3181 497 3238 propter
522 3177 666 3232 redierunt.
685 3178 786 3233 Interea
810 3189 858 3238 ego

70 3253 124 3303 lam
151 3256 331 3311 intellexeram
349 3269 363 3304 a
380 3255 537 3317 quibusdam
562 3254 632 3305 lndis
664 3269 731 3318 quos
761 3255 857 3306 ibidem

74 3345 244 3396 susceperam
266 3334 335 3395 quod
358 3335 506 3385 huiusmodi
525 3336 664 3397 provincie
694 3336 778 3386 insula
803 3337 859 3398 qui·

72 3414 133 3461 dein
161 3417 233 3462 erate
260 3417 286 3463 et
314 3414 351 3467 sic
379 3415 486 3475 perrexi
510 3414 657 3468 Orientem
675 3427 769 3464 versus
802 3416 858 3463 eius

72 3493 329 3557 semper-stringens
347 3495 435 3544 littora
458 3505 541 3556 nsque
559 3494 596 3547 ad
609 3494 728 3548 milliaria
745 3505 858 3544 cccxxii.

71 3573 117 3623 ubi
141 3572 224 3635 ipsius
246 3562 427 3623 insulces'nnt
444 3576 577 3622 extremar
604 3572 662 3625 binc
687 3574 763 3622 aliem
788 3576 859 3622 insu·

71 3652 177 3703 lam-ad
198 3653 471 3714 orientem-prospexi
492 3652 633 3703 distantem
653 3650 686 3700 ab
708 3652 756 3700 buc
781 3649 858 3701 loana

71 3729 228 3780 milliaribus
254 3740 305 3778 niv.
329 3743 408 3791 quam
434 3732 556 3792 protinus
572 3728 712 3792 Hispanam
738 3729 861 3793 dixirim

71 3823 185 3874 eamque
207 3812 328 3859 concessi
352 3815 378 3858 et
394 3810 479 3860 direxi
507 3812 558 3860 iter
579 3812 654 3871 quasi
677 3823 725 3872 per
748 3810 858 3870 Septen·

71 3894 184 3941 trionem
210 3889 430 3952 quemadmodum
454 3890 481 3938 in
502 3890 578 3940 loana
604 3891 781 3940 adorientem
800 3889 859 3937 mil·

71 3971 147 4020 linria
175 3982 263 4019 nnxrv.
284 3971 355 4028 Quae
382 3969 452 4020 dicta
480 3971 559 4036 loana
584 3974 611 4019 et
631 3970 680 4018 alie
702 3968 798 4018 ibidem
820 3969 860 4018 ln·

72 4050 130 4099 sule
141 4061 220 4110 quam
237 4048 397 4098 lertiliesime
413 4049 539 4098 existunt.
551 4037 602 4096 llec
620 4049 707 4096 multis
725 4052 803 4109 atque
816 4049 859 4095 tu·

76 4129 187 4176 tissimis
204 4133 230 4176 et
247 4128 307 4177 latis
324 4140 373 4176 nec
390 4127 448 4177 aliis
460 4139 527 4188 quos
540 4139 653 4188 unquam
666 4126 776 4175 viderim
789 4138 862 4174 com«

75 4204 201 4266 parandis
217 4205 338 4267 portibus
353 4210 394 4256 est
416 4204 589 4256 circundata=
604 4205 678 4254 multi
703 4205 810 4256 maximi
832 4208 858 4252 et

71 4284 194 4334 salubres
223 4285 289 4334 banc
319 4284 469 4334 intertlount
495 4283 580 4336 fluvii:
604 4285 678 4336 multi
702 4294 805 4345 quoque
832 4288 859 4332 et

74 4365 276 4414 eminentissimi
293 4366 318 4413 in
337 4377 368 4413 ea
385 4368 446 4414 sunt
464 4368 575 4413 montes.
595 4363 691 4423 Omnes
714 4363 746 4410 be
773 4362 858 4412 insule

74 4448 138 4493 suut
160 4443 338 4506 pulcherrime
366 4448 392 4494 et
414 4444 494 4492 variis
519 4443 643 4495 distincte
671 4441 779 4504 ligurls=
796 4453 859 4502 per·

72 4527 116 4575 vie
141 4522 172 4573 et'
193 4510 306 4575 maxima
328 4524 453 4575 arborum
475 4525 604 4574 varietate
622 4523 720 4586 sydera
740 4522 860 4572 lamben-

73 4606 138 4655 tium
167 4605 263 4665 plenes
289 4616 356 4666 quas
384 4617 514 4667 uunquam
543 4604 610 4653 foliis
637 4604 736 4664 privari
763 4598 869 4652 credo?

72 4685 174 4745 Quippe
203 4683 255 4732 vidi
283 4696 328 4733 eas
354 4685 390 4732 ita
418 4687 539 4734 virentes.
560 4688 640 4745 atque
671 4682 782 4732 decoras
811 4694 860 4730 cen

73 4774 165 4812 mense
183 4763 251 4813 tlaio
271 4764 299 4812 in
320 4762 445 4823 Hispania
468 4764 553 4812 solent
577 4774 655 4812 esse:
678 4773 788 4824 quarum
809 4761 859 4808 alie

72 4843 200 4893 llorentes
228 4842 278 4892 elis
305 4841 433 4891 ductuose
459 4842 509 4891 alie
536 4844 562 4890 iu
590 4842 639 4891 alio
670 4844 740 4890 statu
768 4853 861 4889 secuu-

64 4923 136 4972 dum
158 4922 365 4984 uniuscuiusque
387 4921 541 4982 qualitatem
564 4920 704 4982 vigebant:
726 4920 861 4981 garriebat

74 5005 257 5064 philomelaet
280 5005 323 5052 alii
341 5014 464 5064 passeres
481 5002 547 5051 rarii
564 5014 593 5050 ac
617 5000 745 5050 innumeri
769 5014 860 5051 mense

74 5083 235 5134 Novembris
260 5096 312 5145 qun
340 5085 397 5145 ipse
424 5096 472 5145 per
496 5093 541 5131 eas
565 5080 775 5130 deambulabam.
797 5081 861 5129 Sunt

75 5169 199 5226 preterea
231 5163 257 5210 ln
284 5162 354 5211 dicta
380 5161 466 5211 insula
497 5158 574 5209 loaua
602 5166 703 5220 septem
731 5159 774 5206 val
802 5163 861 5220 octo

74 5245 221 5305 palmarum
248 5252 416 5303 generaque
439 5230 599 5303 proceritate
616 5243 642 5288 et
667 5237 862 5299 pulchritudine

73 5320 294 5386 quemadmodum
319 5324 408 5371 cetere
430 5333 521 5371 omnes
547 5319 673 5370 arbores:
693 5317 792 5368 herbe:
808 5319 862 5366 lru·

534 246 822 315 subsistentiis
843 247 1068 312 ammaum
1088 248 1216 311 SEXTl.
1644 251 1708 314 258

924 386 1027 445 vexilla
1049 386 1160 465 patriae
1170 348 1322 447 subiectae
1338 384 1439 450 domui
1457 384 1600 462 lustriae,
1625 388 1711 450 ilde·

923 584 1034 643 ctusque
1060 563 1165 631 nostras
1188 581 1264 632 tacite
1288 584 1442 644 exuperant.
1463 583 1527 633 suot
1550 587 1577 634 et
1600 583 1710 635 mirabl-

922 660 962 709 les
979 660 1068 722 ¹pinus
1090 651 1144 722 agri
1171 650 1200 709 'et
1225 665 1302 722 prata
1328 663 1499 713 vastissima·
1526 664 1599 713 varie
1627 676 1706 714 aresi

922 738 995 786 varia
1014 738 1109 787 mellae
1125 740 1250 800 variaque
1268 739 1388 788 metallis
1405 739 1477 789 terro
1492 745 1614 805 excepto.
1632 741 1660 791 ln
1678 754 1710 792 ea

923 819 1009 865 autem
1034 829 1113 878 quam
1137 815 1280 878 Hispanam
1310 830 1391 880 supra
1416 818 1531 870 diximus
1562 821 1710 883 nuncupari

894 942 903 961 ὲ
925 896 1032 944 maximi
1048 900 1110 945 sunt
1125 899 1229 945 montes
1245 908 1275 945 ac
1292 898 1410 958 pulchris
1428 902 1506 948 vasta
1522 909 1602 948 rora.
1620 901 1709 949 nemo·

924 985 967 1022 ra.
993 974 1077 1036 campi
1101 973 1258 1023 feracissimi
1280 974 1332 1024 ieri
1358 977 1484 1039 paruique
1512 981 1538 1032 et
1564 971 1709 1027 condendis

924 1049 1032 1102 edificiis
1054 1053 1192 1114 aptissimi.
1214 1052 1336 1108 Portunus
1353 1054 1445 1103 iubae
1461 1055 1551 1104 lneula
1567 1052 1711 1105 commodi·

915 1132 965 1178 ‘tae
994 1134 1020 1180 et
1047 1130 1191 1192 prestantia
1218 1129 1350 1180 dominum
1376 1131 1452 1192 copta
1482 1131 1638 1183 salubritate
1661 1134 1711 1184 ad·

925 1209 1006 1268 mixta
1022 1208 1155 1259 bominum
1172 1221 1249 1272 qnam
1262 1210 1312 1259 nisi
1334 1212 1393 1273 quis
1406 1209 1514 1260 videriti
1526 1211 1708 1263 credulitatem

924 1290 1040 1348 superat.
1065 1287 1148 1337 Huius
1174 1287 1283 1338 arbores
1307 1301 1408 1350 pascua
1424 1294 1450 1340 et
1471 1290 1573 1340 tructos
1599 1293 1709 1342 multum

924 1364 958 1416 ab
985 1366 1136 1418 illisloana
1157 1367 1287 1418 ditierunt.
1309 1369 1362 1418 Hac
1387 1374 1507 1431 preterea
1533 1371 1647 1433 Hispana
1671 1371 1711 1422 dl-

923 1456 1003 1494 varsn
1029 1446 1154 1501 aromatis
1170 1442 1282 1507 genere.
1300 1459 1381 1496 auro.
1399 1449 1565 1510 metallisque
1582 1448 1710 1501 abundat.

924 1525 998 1574 cuius
1013 1525 1119 1587 quidem
1144 1528 1305 1595 etomnium
1327 1528 1519 1590 aliarumquas
1541 1541 1589 1592 ego
1607 1529 1662 1578 vidi
1684 1532 1710 1580 et

923 1614 1033 1664 quarum
1049 1603 1224 1667 cognitionem
1241 1596 1342 1654 liabeo:
1366 1607 1451 1656 incolo
1475 1608 1612 1669 utriusque
1628 1619 1711 1658 sexus

924 1682 986 1731 nudi
1018 1695 1125 1744 semper
1149 1682 1275 1733 incedunt
1302 1685 1520 1746 quemadmodum
1549 1686 1663 1734 eduntur
1684 1687 1710 1735 ln

925 1758 1025 1831 lucem:
1048 1766 1137 1823 preter
1156 1762 1255 1824 aliquas
1267 1764 1407 1812 tenalnass
1423 1775 1475 1826 qna
1491 1764 1565 1815 ,lolio
1580 1764 1709 1814 frondere

925 1840 1011 1903 aliqua
1028 1846 1072 1891 ant
1088 1840 1239 1890 bombicino
1256 1841 1316 1890 velo
1337 1840 1460 1903 pudenda
1482 1843 1623 1911 operiuut=
1640 1842 1710 1903 quod

925 1918 1060 1982 lpsesibi
1089 1920 1122 1969 ad
1147 1920 1173 1969 id
1195 1920 1290 1982 negotil
1317 1923 1424 1982 parant.
1448 1918 1545 1970 Carent
1570 1921 1587 1968 ii
1615 1931 1708 1970 omnes

925 2000 933 2057 (
946 2002 975 2047 ut
991 2010 1071 2058 supra
1086 1996 1142 2047 dixi
1155 2000 1165 2057 l
1179 1988 1333 2059 quocunque
1350 2009 1448 2057 genere
1470 1997 1550 2047 terri.
1569 2002 1661 2047 carent
1683 2000 1710 2047 ct

926 2077 1007 2128 arinis
1038 2079 1140 2137 utpote
1156 2075 1205 2125 sibi
1233 2076 1328 2138 ignotis
1353 2087 1412 2137 nec.
1434 2075 1471 2125 ad
1498 2089 1529 2126 sa
1555 2079 1616 2125 sunt
1641 2077 1711 2137 aptis

925 2166 977 2203 non
1002 2157 1113 2216 propter
1132 2157 1252 2217 corporis
1276 2153 1469 2204 &formitatem
1496 2161 1555 2202 cum
1574 2155 1627 2202 sint
1640 2152 1711 2204 bone

925 2231 1030 2281 turmali
1045 2223 1100 2281 'sad
1123 2232 1183 2293 quia
1210 2235 1272 2281 suut
1296 2232 1379 2281 timidi
1404 2243 1435 2280 ae
1455 2231 1527 2293 pleni
1552 2230 1709 2281 tormidine.

925 2314 1030 2374 gestant
1047 2319 1134 2359 tamen
1145 2323 1198 2373 pro
1214 2312 1295 2360 armis
1312 2308 1455 2359 arundines
1466 2310 1522 2360 sole
1539 2311 1712 2371 perustasrin

926 2401 1036 2450 quarum
1053 2388 1186 2439 radicibus
1211 2390 1306 2438 hastile
1331 2387 1464 2451 quoddam
1480 2387 1593 2450 ligneum
1613 2390 1711 2437 siccum

927 2472 954 2517 et
970 2470 995 2517 in
1012 2480 1164 2518 mucronem
1181 2473 1344 2518 attenuatum
1361 2467 1455 2530 ligant.
1466 2479 1550 2528 neque
1562 2467 1604 2515 bis
1615 2467 1712 2516 audent

927 2547 1021 2609 iugiter
1043 2548 1103 2596 ntis
1129 2560 1278 2617 camaena
1302 2549 1391 2596 evenit
1414 2557 1473 2594 cum
1501 2547 1620 2595 miserim
1645 2543 1711 2596 duos

927 2629 968 2676 vel
987 2631 1042 2677 tres
1059 2627 1178 2677 bomine‘s
1195 2640 1228 2677 ex
1246 2628 1313 2677 ineis
1330 2626 1363 2675 cd
1386 2626 1487 2688 aliquas
1506 2626 1582 2674 villas
1608 2628 1636 2674 ut
1653 2637 1713 2674 cum

926 2716 1016 2755 earum
1043 2707 1211 2767 loquerentur
1226 2706 1334 2754 incolisr
1350 2705 1449 2754 exiisse
1470 2715 1564 2766 agmen
1585 2703 1715 2764 glomera-

928 2789 981 2835 tum
999 2785 1119 2835 exludis
1138 2785 1222 2835 etubi
1240 2788 1346 2834 nostros
1359 2785 1571 2846 appropinquare
1588 2782 1714 2832 ridebant

926 2863 1011 2926 togam
1029 2866 1154 2914 celeriter
1170 2864 1316 2926 arripuisse
1334 2863 1466 2924 despretis
1492 2874 1506 2910 a
1529 2865 1605 2923 patre
1622 2859 1714 2909 liberis
1772 2890 1778 2914 1

928 2947 954 2992 et
970 2947 1087 2992 econtra.
1104 2947 1130 2992 et
1148 2944 1197 2992 boc
1209 2956 1264 2990 nou
1282 2942 1351 3004 quod
1365 2944 1478 3003 cuipiam
1488 2952 1578 2990 eorum
1591 2939 1715 2988 damnum

927 3023 1185 3084 allquudveliuinrla
1203 3021 1272 3070 illata
1288 3019 1384 3068 lueriis
1399 3022 1478 3069 immo
1495 3018 1527 3067 ad
1545 3027 1715 3079 quoscunque

927 3103 1015 3162 appuli
1039 3105 1067 3150 et
1090 3100 1262 3162 quibuscum
1287 3099 1400 3148 verbnm
1423 3098 1512 3147 locere
1528 3098 1618 3156 potnlr
1637 3093 1716 3156 qnid-

926 3180 988 3240 quid
1006 3179 1124 3229 abebcm
1151 3192 1208 3228 sum
1227 3179 1368 3240 elargitus.
1384 3188 1505 3239 ‘pannum
1528 3174 1630 3236 aliaque
1657 3184 1717 3234 per·

928 3259 1008 3308 multa
1035 3258 1193 3308 nnlla.mibi
1218 3257 1285 3306 tacta
1309 3268 1437 3305 versura:
1462 3252 1510 3303 sed
1534 3256 1595 3301 suut
1622 3254 1715 3301 natura

927 3337 1016 3399 pavidi
1048 3349 1079 3386 ac
1103 3336 1197 3385 timidi.
1215 3335 1345 3385 ceterum
1372 3333 1417 3383 obl
1450 3344 1478 3380 se
1504 3335 1615 3381 cernunt
1642 3332 1716 3379 tutos
1748 3386 1751 3391 ‚

927 3417 997 3466 omni
1016 3419 1094 3465 ¹metu
1117 3401 1240 3476 repulso=
1265 3417 1327 3462 sunt
1354 3411 1494 3463 admodum
1522 3409 1656 3470 simplices
1685 3419 1715 3457 ac

928 3495 1072 3547 bonetldei
1092 3498 1120 3543 et
1141 3496 1167 3542 in
1188 3492 1310 3541 omnibus
1332 3504 1385 3555 que
1411 3491 1508 3539 babent
1525 3489 1715 3539 liberalissimis

928 3576 1031 3637 roganti
1046 3573 1117 3636 qnod
1134 3571 1254 3636 possidet
1271 3571 1405 3621 inficiatur
1420 3581 1499 3618 nemo
1510 3569 1588 3630 squin
1605 3569 1717 3631 ipsiwnoa

927 3654 961 3703 ad
985 3652 1011 3702 id
1035 3652 1196 3713 poscendum
1223 3651 1344 3700 invitant.
1366 3650 1509 3700 blaximum
1533 3658 1595 3708 erga
1624 3658 1716 3695 omnes

922 3743 1042 3782 amorem
1061 3731 1243 3793 prescierunt:
1260 3730 1323 3779 dant
1344 3732 1448 3790 queque
1471 3740 1562 3789 magna
1584 3716 1633 3787 pru
1655 3737 1718 3786 par·

929 3814 986 3863 viss
1013 3812 1118 3860 minima
1150 3811 1211 3859 licet
1233 3821 1266 3860 re
1296 3809 1411 3857 nibiloec
1437 3807 1573 3855 contenti.
1601 3816 1648 3865 ego
1676 3806 1718 3851 at·

929 3895 1014 3943 tamen
1047 3889 1170 3952 probibni
1195 3901 1229 3938 na
1254 3893 1307 3937 tam
1333 3886 1439 3934 minima
1463 3889 1489 3934 et
1514 3883 1610 3932 nullius
1634 3882 1716 3943 precli

929 3969 1005 4019 bisce
1017 3969 1158 4019 darentur:
1180 3971 1207 4016 ut
1224 3969 1285 4015 sunt
1304 3964 1384 4012 lancis
1400 3960 1586 4024 parapsidum.
1604 3962 1717 4019 vitrique

928 4049 1088 4110 fragmentai
1111 4049 1172 4096 item
1194 4045 1263 4095 clavi
1281 4044 1359 4104 ligula
1381 4053 1531 4103 quanquam
1555 4040 1577 4087 ai
1600 4038 1649 4085 boc
1671 4049 1717 4098 po·

928 4130 1014 4177 terant
1040 4124 1148 4186 adipisci
1176 4121 1335 4174 videbantur
1361 4122 1399 4171 eis
1426 4118 1602 4180 pulcberrima
1628 4115 1716 4165 mnndi

927 4205 1065 4267 possidere
1089 4204 1192 4254 localia.
1217 4202 1320 4252 Accidit
1346 4212 1406 4249 nam
1433 4198 1572 4260 quemdam
1602 4196 1716 4245 navitam

928 4288 1028 4334 tantum
1046 4284 1102 4333 auri
1119 4281 1223 4344 pondua
1238 4278 1364 4329 habuisse
1386 4290 1435 4339 pro
1452 4289 1503 4325 una
1529 4276 1606 4337 ligula
1626 4274 1717 4336 quanti

928 4367 989 4414 sunt
1007 4368 1062 4413 tres
1079 4362 1152 4412 aurei
1171 4360 1248 4411 solidi
1273 4364 1300 4409 et
1318 4361 1354 4409 sie
1370 4360 1436 4407 alios
1463 4368 1511 4418 pro
1533 4356 1591 4404 allis
1609 4354 1718 4403 minoris

928 4443 1028 4506 preciis
1054 4443 1194 4503 presertim
1222 4452 1271 4503 pro
1300 4437 1421 4500 blanquis
1450 4436 1542 4485 noviss
1559 4434 1717 4498 quibusdam

929 4522 1042 4572 nummis
1069 4522 1156 4571 aureis
1182 4532 1237 4581 pro.
1255 4516 1351 4580 quibus
1377 4514 1504 4565 babeudls
1527 4514 1625 4564 dabant
1646 4514 1719 4575 quic·

929 4602 996 4663 quid
1009 4600 1117 4663 petebat
1133 4598 1272 4648 venditori
1289 4600 1351 4660 puta
1368 4597 1471 4646 unciam
1489 4606 1548 4643 cum
1565 4592 1672 4642 dimidia
1690 4593 1717 4640 et

929 4682 995 4731 dnos
1011 4681 1080 4729 anri:
1094 4680 1135 4728 vel
1154 4677 1262 4739 triginta
1279 4678 1305 4725 ct
1322 4675 1495 4738 qnadraginta
1511 4671 1640 4727 bombicis
1652 4683 1716 4731 pon·

929 4760 978 4809 do:
993 4771 1069 4821 quam
1092 4758 1141 4820 ipsi
1158 4758 1209 4805 iam
1226 4760 1369 4805 novercata
1387 4754 1450 4803 item
1468 4763 1592 4801 arcuum.
1610 4750 1719 4809 amplio-

930 4853 991 4890 res.
1019 4837 1103 4887 bidrie
1127 4836 1243 4898 dclilque
1266 4835 1428 4897 fragmenta.
1452 4830 1575 4881 bombice
1606 4833 1633 4878 et
1653 4839 1717 4876 auro

929 4922 1054 4981 tanquam
1079 4915 1165 4966 bestie
1191 4913 1400 4975 comparabant.
1423 4909 1493 4972 quod
1518 4910 1582 4971 quir
1600 4909 1717 4969 iniquum

930 5009 993 5047 sane
1010 4999 1068 5046 erat
1088 4997 1171 5044 vetui:
1184 4993 1297 5055 dedique
1314 4994 1353 5041 eis
1370 4991 1452 5040 multa
1471 4989 1579 5051 pulclira
1595 4993 1621 5037 et
1644 4988 1717 5047 grata

930 5092 982 5140 que
1009 5088 1111 5125 mecum
1138 5075 1248 5124 tuleram
1277 5070 1349 5120 nullo
1376 5069 1569 5119 interveniente
1597 5065 1717 5128 premio.

905 5200 907 5202 .
930 5163 958 5207 nt
976 5170 1022 5207 eos
1045 5156 1106 5205 mibi
1132 5155 1234 5203 facilins
1259 5149 1425 5201 conciliarem
1448 5145 1595 5207 fierentque
1615 5142 1719 5192 cbristi·

930 5238 987 5285 cole
1004 5240 1030 5285 et
1047 5241 1076 5285 ut
1093 5236 1144 5284 sint
1165 5232 1240 5295 proni
1268 5232 1294 5279 in
1325 5239 1440 5278 amorem
1465 5237 1526 5287 erga
1552 5224 1646 5285 liegem
1672 5221 1722 5269 lle·

922 5317 1014 5377 ginam
1031 5313 1230 5376 principemque
1246 5312 1352 5359 nostros
1369 5310 1395 5356 et
1411 5305 1549 5355 universas
1568 5305 1659 5368 gentes
1675 5296 1720 5348 lli·
