3758 6030
53 238 164 327 (taos)

103 377 233 441 Sabbata
250 395 314 439 fxi.
351 379 457 440 mensis
473 440 476 446 ,
495 376 625 456 januarii
658 379 819 460 supradicti
841 425 851 454 ‚

57 478 134 540 bora
154 478 206 539 24.
224 479 271 540 vel
286 479 383 552 cirea,
405 498 457 559 per
478 490 593 560 portam
610 480 715 543 beatae
742 481 852 543 llariae

57 579 95 641 de
109 578 224 659 Populo
238 581 317 640 venit
333 580 371 640 ad
390 579 500 643 Urbem
522 579 709 661 magnificus,
734 581 851 644 Domini

56 667 245 741 Maximilieni
261 679 462 742 Romanorum
479 680 566 761 Regis
582 700 694 760 semper
716 682 851 761 dugenti,

57 779 185 855 Orator,
194 800 262 843 cnm
273 781 464 843 iamiiiaribus
474 799 547 845 ηοω.
558 784 602 844 vel
616 785 742 856 circa,et
752 783 851 844 salmis

57 881 173 942 duabus
195 900 296 943 rerum
319 900 465 943 suarum:
487 882 536 944 cui
557 882 672 944 obviam
699 884 850 955 venimus,

57 982 94 1043 Ι).
107 982 289 1043 Pltilibertus
299 982 442 1044 Naturelii
454 980 565 1052 Orator
582 984 659 1044 illus.
674 983 766 1043 Ducis
777 983 852 1044 Piri·

58 1085 148 1164 lippi,
169 1083 309 1163 praedicti
329 1082 419 1163 Regis
438 1083 501 1156 lilii,
523 1083 666 1160 Decanus,
688 1093 718 1144 et
733 1082 850 1162 quidam

58 1184 223 1246 Canaticus
239 1182 440 1258 Tridentinus,
462 1184 491 1244 in
514 1182 595 1247 Urbe
617 1182 852 1263 procondrma·

59 1285 140 1346 tinne
168 1283 236 1345 dicti
257 1283 353 1346 Electi
377 1284 539 1345 Tridentini
558 1287 717 1354 existentes,
736 1284 773 1345 D.
796 1280 851 1345 tit·

61 1388 164 1447 eolaus
185 1382 391 1455 Crutsenach,
407 1396 435 1445 et
454 1404 520 1465 ego;
539 1395 568 1446 et
589 1403 655 1446 eum
674 1386 712 1446 sd
733 1387 851 1449 domum

59 1485 207 1565 quotidem
229 1485 346 1548 Domini
364 1485 447 1547 Petri
469 1486 504 1548 de
524 1487 663 1548 Perreria
683 1485 852 1568 Scriptoris,

59 1597 87 1647 et
103 1588 304 1648 Abreviatoris
323 1587 476 1648 literarum
493 1589 738 1666 Apostolicorum,
750 1589 779 1648 in
793 1606 851 1668 qua

59 1677 200 1769 bospitari
216 1689 309 1750 voluit
323 1731 333 1762 ,
348 1688 562 1750 associavimus.

100 1788 187 1850 Feriu
206 1800 296 1863 sexta,
311 1804 411 1849 xxtut
431 1789 504 1851 dicti
520 1789 623 1849 mensis
635 1787 778 1865 januarii,
794 1788 850 1851 SS.

58 1890 94 1950 D.
118 1889 153 1950 Ν.
176 1889 336 1951 Alexander
358 1889 437 1969 Papo
459 1888 566 1952 Sextus
587 1909 633 1951 me
648 1889 686 1949 ad
707 1900 850 1951 secretum

60 1991 273 2052 Consistorinm
296 2001 422 2064 vocato,
449 1993 642 2073 interrogavit
663 1991 802 2070 quando,
822 2005 852 2054 et

60 2091 189 2169 qualiter
226 2093 330 2151 festum
362 2090 574 2154 Purilicationis
607 2094 710 2156 Beatae
743 2094 851 2157 Mariae

58 2192 200 2271 Virginis,
233 2191 312 2271 quod
344 2192 400 2254 boc
430 2211 504 2254 anno
527 2195 554 2253 in
576 2193 726 2257 [lominica
759 2195 851 2258 Sexa-

58 2294 184 2372 gesimae
222 2295 337 2366 veniet,
369 2305 442 2354 esset
469 2293 676 2373 peragendum.
708 2295 851 2376 Respondi

59 2392 212 2454 Sanctitati
243 2393 343 2467 Suae,
373 2394 448 2456 idem
470 2394 575 2455 iestnm
602 2405 731 2474 tempore
761 2396 852 2457 ielicis

59 2494 269 2556 recordationis
296 2494 408 2557 Urbani
441 2494 538 2575 Papae
559 2496 609 2568 l'l,
636 2513 712 2556 anno
743 2507 851 2575 quarto

60 2594 252 2656 Pontificatus
263 2595 323 2670 sui,
334 2586 445 2656 'senisse
464 2596 491 2656 in
503 2596 654 2656 [lominica
665 2595 852 2676 Septuegesi·

59 2713 124 2759 mae
137 2707 167 2758 et
182 2708 252 2758 tunc
263 2697 430 2757 ordinatum
443 2696 542 2772 luisse,
554 2697 635 2777 quod
650 2697 807 2759 benedictio
822 2710 850 2760 et

59 2796 224 2858 distributio
240 2796 429 2858 candelarum
450 2796 533 2859 lieret
553 2798 652 2860 eadem
679 2798 850 2873 Dumium,

58 2898 109 2959 sed
131 2899 260 2959 odicium
281 2898 385 2959 llissae
403 2897 485 2960 fieret
504 2899 553 2959 illa
575 2899 621 2961 die
636 2899 801 2974 Dominica,
822 2911 850 2962 et

58 3000 189 3062 officinm
203 2999 309 3060 Beatae
324 2999 432 3060 blariae
444 3001 650 3062 transferretur
662 3003 690 3062 in
706 3001 751 3062 die
767 3003 850 3064 lunae

59 3111 129 3161 tnnc
162 3100 296 3179 proxime
328 3110 491 3178 sequente,
527 3110 555 3161 et
586 3111 656 3161 tunc
690 3101 730 3161 sic
762 3101 849 3164 inisse

58 3200 265 3273 observatum,
286 3212 315 3262 et
335 3199 364 3260 id
386 3201 677 3280 proptereaiactum,
696 3203 762 3280 quia
778 3212 848 3264 tunc

58 3300 197 3376 temporis
212 3317 311 3362 omnes
322 3300 490 3363 Dominicae
502 3300 746 3382 septuagesimae,
757 3301 849 3364 Sexa-

59 3402 188 3482 gesimae
205 3445 214 3475 ,
233 3412 263 3464 et
284 3399 543 3482 Quinquagesimae
560 3401 683 3462 luissent
693 3401 849 3464 Missurum

60 3502 232 3582 Papaiium,
250 3499 324 3561 sicut
338 3500 503 3562 Dominicae
516 3499 778 3579 Quadragesimae,
799 3504 848 3564 sed

59 3602 144 3665 bodie
163 3623 246 3665 secus
266 3623 338 3676 esse,
359 3621 428 3664 cum
450 3603 516 3663 illae
536 3602 713 3677 Dominicae,
734 3613 849 3684 tempo·

59 3705 141 3766 ribus
174 3705 280 3768 nostris
314 3723 370 3767 non
402 3704 535 3777 inerint,
558 3722 650 3783 neque
678 3705 762 3767 bodie
786 3707 849 3768 sint

58 3806 213 3867 Missurum
237 3806 408 3886 Papalium,
430 3805 480 3869 sed
501 3824 677 3868 consuevere
704 3806 731 3865 in
757 3825 847 3886 parva

59 3907 255 3989 cappella,.in
277 3905 427 3967 Pontideis
448 3918 477 3967 et
498 3905 697 3969 cardinalium
721 3907 848 3969 absentis

58 4009 182 4088 peragi,
203 4019 358 4089 propterea
380 4027 463 4088 posse
486 4008 515 4068 in
536 4009 635 4071 eadem
656 4028 748 4090 parva
776 4029 847 4092 cap·

58 4111 133 4188 pella
162 4129 214 4190 per
240 4122 373 4171 cantores
393 4121 422 4171 et
442 4110 643 4188 cappellanum
670 4110 785 4170 illissem
812 4109 847 4175 de

56 4210 118 4290 ipsa
141 4210 290 4272 Dominica
309 4210 459 4272 decantari
479 4210 507 4269 Ιη
528 4208 677 4270 Pontificis
698 4210 847 4285 absentia,

58 4447 172 4498 stentari
188 4447 314 4509 expensis
330 4446 395 4497 suia.
411 4445 509 4496 licinii
526 4447 649 4505 receptus
672 4455 730 4492 cum
753 4455 846 4506 magno

56 4525 213 4590 triumpho.
229 4529 256 4576 et
272 4537 365 4575 omnes
376 4526 464 4575 mirati
477 4527 551 4582 auat,
568 4522 639 4585 quod
655 4523 762 4584 llagnus
779 4521 847 4571 'iur-

57 4615 105 4656 cus
122 4605 226 4654 miserit
242 4601 371 4653 tributum
388 4603 473 4666 Papae
489 4607 516 4653 et
532 4601 668 4652 Ecclesiae
686 4603 732 4652 Dei
748 4623 768 4652 ι.

99 4683 137 4733 ὓο
153 4683 254 4733 tributo
272 4696 286 4732 e
303 4682 448 4733 Turcerum
477 4683 544 4745 nege
569 4682 656 4731 soluto
678 4694 727 4745 pro
750 4682 846 4733 zizimo

58 4762 256 4822 custodiendo,
275 4761 330 4824 jam
355 4761 389 4811 ad
414 4762 562 4812 satietatem
580 4760 694 4811 diximus
711 4762 737 4812 iu
761 4762 846 4824 prima

57 4847 136 4905 parte
154 4842 251 4893 illarii:
268 4855 318 4904 qua
336 4840 369 4891 ds
386 4852 466 4890 causa
490 4839 553 4889 nihil
579 4843 621 4889 est
641 4840 711 4903 qnod
734 4843 846 4904 amplius

56 4924 99 4973 bic
116 4923 255 4985 loquemur
271 4924 353 4984 super
368 4919 449 4970 dictis
466 4918 622 4969 iniessurse.

99 5000 218 5052 Tandem
236 5002 286 5052 boc
303 5015 370 5053 anuo
387 5015 401 5053 c
419 5004 473 5053 vila
491 5004 612 5066 migravit
628 5001 777 5053 fridericus
795 5000 846 5050 lm·

57 5083 184 5142 perator,
203 5084 230 5129 et
246 5080 272 5130 ia
284 5080 402 5143 ejusdem
416 5081 502 5130 locum
516 5083 542 5130 in
555 5080 660 5144 imperii
677 5080 846 5130 administra·

58 5157 133 5207 tione
157 5155 283 5207 salicetus
305 5158 498 5208 llaxtrnilienus
523 5159 577 5208 ilex
599 5160 783 5209 Romanorum.
809 5158 846 5209 Dc

57 5235 138 5300 primi
155 5238 254 5296 morte,
272 5237 314 5286 vel
339 5237 373 5287 da
398 5237 509 5288 secandi
535 5237 663 5288 electione
688 5235 846 5299 loquebatur

50 5319 127 5367 certe
138 5314 307 5367 burchardus
319 5318 346 5367 ln
357 5315 505 5381 iragmcoto
522 5329 535 5366 a
553 5329 612 5380 pag.
628 5318 677 5369 25³
694 5314 727 5367 ed
744 5329 770 5379 p.
785 5317 840 5367 261.

567 241 852 307 consistentis
873 240 1098 304 scamnum
1119 241 1246 307 susat.

1644 254 1707 314 stc

921 378 1021 440 dcade
1040 379 1070 438 in
1091 380 1221 459 cappella
1242 380 1345 461 nnjori
1364 403 1416 463 per
1438 385 1610 450 Pontideem
1636 408 1710 451 can·

920 479 998 542 delas
1014 479 1142 540 benedici
1158 490 1187 540 et
1202 480 1351 557 distribui,
1365 503 1412 559 ac,
1433 490 1612 567 processione
1629 489 1707 552 linita

919 579 1034 640 llisssm
1056 578 1091 642 de
1111 579 1318 645 Puriflcntione
1339 589 1541 650 convenienter
1557 609 1639 669 posse
1655 609 1707 652 ce·

920 678 1044 753 lebrari,
1063 689 1093 741 et
1119 680 1175 741 boc
1204 682 1291 743 etiam
1324 683 1441 759 iecere,
1471 690 1549 766 quod
1577 691 1705 769 cappella

920 779 981 860 ipsa
1000 778 1095 857 major
1114 780 1151 842 sit
1165 783 1194 840 in
1216 781 1356 845 bonorem
1378 783 1509 862 ejusdem
1524 789 1628 850 Beatae
1643 791 1709 851 lla-

917 879 1128 962 riae'Virginis
1152 895 1345 958 consecrata,
1374 897 1404 947 et
1425 899 1581 967 propterea
1601 890 1706 950 festum

917 977 1046 1056 ejusdem
1077 980 1200 1042 Sanctae
1231 982 1341 1045 llsriae
1359 986 1388 1045 in
1409 1005 1443 1047 ea
1466 988 1617 1049 transferri
1648 1006 1708 1050 non

919 1079 1031 1144 debere.
1044 1081 1157 1142 ssi).
1179 1082 1214 1143 Ν.
1237 1101 1301 1164 per.
1325 1130 1333 1148 .
1356 1130 1363 1146 .
1388 1130 1395 1145 .
1418 1132 1425 1147 .
1449 1133 1456 1147 .
1477 1133 1484 1146 .
1508 1088 1706 1151 cardinalium

918 1199 1005 1261 super
1018 1181 1132 1261 judicio
1147 1201 1212 1245 meo
1227 1187 1389 1260 sententies,
1405 1187 1456 1266 qui
1467 1206 1565 1251 omnes
1580 1208 1596 1248 a
1611 1192 1708 1270 primo

918 1281 954 1340 ad
976 1281 1113 1343 ultimum
1135 1277 1330 1361 concorditer,
1349 1287 1461 1349 nmnine
1477 1289 1709 1366 contradicente,

919 1399 1011 1442 meam
1033 1384 1200 1443 sententiam
1230 1386 1455 1465 approbarunt,
1475 1397 1504 1449 et
1525 1389 1708 1462 laudarunt,

918 1493 1071 1561 propterca
1101 1481 1157 1543 init
1178 1483 1233 1556 sic,
1255 1484 1290 1544 de
1320 1487 1452 1546 omniurn
1485 1488 1620 1561 consilio,
1643 1487 1706 1550 fleri

919 1580 1022 1643 debere
1036 1583 1207 1643 conclusum
1226 1602 1278 1663 per
1300 1585 1356 1646 SS.
1379 1586 1415 1645 l).
1438 1586 1472 1647 Ν.
1494 1597 1524 1648 et
1545 1587 1705 1650 decretum.

919 1680 1116 1743 interfuerunt
1126 1693 1223 1743 autem
1238 1683 1452 1747 inconsistorio
1461 1687 1705 1767 supradictoxxs.

918 1780 1111 1856 cardinales,
1133 1783 1492 1865 videceertt'eapottnnus
1509 1832 1518 1862 ,
1535 1798 1564 1849 et
1587 1789 1709 1851 Ulixbo-

920 1884 1012 1945 nensis
1032 1884 1189 1965 Episcopi
1203 1908 1215 1957 ,·
1239 1885 1337 1947 Sancti
1356 1886 1521 1962 clementis,
1539 1890 1707 1965 lanuensis,

919 1983 1092 2057 Parmensis,
1104 1984 1331 2061 beneventanas,
1352 1987 1458 2050 llontis
1468 1989 1596 2071 Regalis,
1619 1991 1707 2054 Ursi·

919 2100 990 2152 nus,
1010 2084 1232 2159 Alexandrinus,
1253 2085 1352 2148 Sancti
1374 2089 1529 2170 Dionysii,
1551 2102 1580 2153 et
1601 2092 1709 2153 carta·
1730 2144 1732 2149 .

917 2183 1040 2262 ginensis
1062 2185 1247 2267 Presbyteri
1248 2208 1261 2257 3
1282 2186 1433 2262 Senensis,
1455 2190 1555 2252 Sancti
1576 2191 1708 2271 Georgii,

917 2284 1070 2358 Columna,
1082 2286 1234 2359 Αοοηηὶηο,
1248 2286 1350 2349 Sancti
1369 2289 1515 2363 Severini,
1527 2291 1708 2365 Valentinus,

917 2383 1111 2458 Caesaribus,
1142 2385 1323 2461 Grimanns,
1351 2389 1509 2451 Parnasius
1540 2402 1570 2452 et
1596 2390 1708 2454 Lunate

918 2485 1060 2548 Diaconi
1071 2485 1247 2550 cardinales.
1269 2488 1379 2550 liodem
1401 2507 1487 2552 mene
1507 2490 1542 2551 ll.
1564 2490 1710 2553 lohannes

917 2584 1029 2646 Paulas
1049 2586 1084 2648 de
1104 2588 1207 2662 Bosiis,
1223 2588 1352 2650 Sacrista
1374 2592 1520 2670 cappellae
1541 2590 1597 2652 SS.
1614 2592 1650 2651 ll.
1670 2589 1709 2652 Ν.

918 2685 1023 2768 Papae,
1042 2689 1094 2767 qui
1108 2691 1194 2751 etiam
1218 2691 1247 2749 in
1266 2692 1438 2752 consistorio
1455 2693 1622 2772 supradicto
1639 2693 1709 2752 dum

916 2789 1070 2867 praemissu
1096 2787 1198 2851 tierent
1227 2790 1370 2863 interfuit,
1391 2792 1462 2850 mibi
1484 2792 1572 2866 dixit,
1598 2794 1723 2874 dictum

916 2887 1019 2949 festum
1041 2887 1266 2964 Puridcationis,
1288 2901 1419 2970 tempore
1440 2892 1530 2953 felicis
1564 2894 1705 2956 recorde-

916 2986 999 3049 t'ionis
1021 2989 1094 3048 snm
1118 2988 1212 3069 Papae
1233 2988 1338 3059 Quarti
1361 2988 1552 3053 indominica
1575 2993 1705 3073 Septua-

914 3089 1040 3167 gesimae
1062 3089 1107 3148 eei
1123 3087 1321 3167 sexagesimae
1342 3090 1461 3163 venisse,
1483 3109 1517 3151 ac
1539 3093 1639 3154 eadem
1659 3094 1705 3155 die

914 3187 1046 3249 candelas
1061 3208 1117 3268 per
1132 3189 1265 3250 eumdem
1287 3189 1400 3250 Sixtum
1424 3191 1586 3253 benedictas
1606 3204 1636 3253 et
1657 3192 1705 3252 di-

914 3289 1054 3350 stributas
1088 3290 1173 3351 luisse
1185 3334 1194 3363 ,
1228 3308 1263 3350 ac
1296 3293 1506 3369 processionem
1539 3304 1706 3354 consuetam

915 3387 1062 3462 babitam5
1084 3389 1184 3451 deinde
1215 3388 1287 3450 Rev.
1322 3390 1358 3449 [l.
1384 3390 1570 3453 cardinalem
1603 3392 1704 3455 Sancti

913 3488 1067 3550 clementis
1088 3488 1204 3550 blissam
1224 3490 1373 3570 publicam
1396 3490 1431 3551 de
1452 3492 1604 3553 [lominica
1632 3502 1704 3555 ωηο

914 3600 1052 3651 currente
1073 3593 1102 3651 in
1129 3590 1222 3671 Papae
1249 3603 1277 3653 et
1310 3591 1510 3655 cardinalium
1545 3595 1706 3673 praesentia

914 3690 1092 3766 celebrasse,
1112 3689 1264 3771 ipsumque
1280 3692 1441 3754 Sacristam
1462 3713 1478 3753 a
1498 3693 1704 3755 cardinalibus

914 3788 1123 3869 reprehensum
1139 3792 1236 3865 inisse,
1258 3792 1383 3854 dicentes
1404 3792 1520 3854 Missam
1542 3794 1705 3855 dominica·

912 3890 970 3951 lem
992 3889 1159 3967 btajusmodi
1191 3912 1248 3954 non
1272 3913 1333 3955 esse
1358 3894 1520 3956 cardinalis
1551 3896 1600 3957 sed
1630 3895 1706 3956 sirn-

913 3991 997 4069 plicis
1018 3993 1148 4071 praelati.
1173 3993 1226 4054 Die
1247 4004 1344 4054 autem
1368 3995 1452 4055 lunae
1473 4006 1542 4057 tunc
1567 4007 1704 4074 sequeme

913 4107 970 4152 non
1001 4091 1090 4154 inisse
1124 4094 1151 4152 iu
1185 4096 1312 4173 cappella
1347 4091 1460 4170 majore
1500 4095 1569 4156 dicti
1600 4096 1702 4176 palatii

912 4190 1027 4252 Missam
1049 4193 1222 4255 celebratam
1244 4193 1278 4253 de
1297 4194 1385 4255 beata
1406 4194 1534 4274 Virgine3
1558 4213 1702 4274 quaeres

912 4293 974 4353 sine
995 4293 1074 4353 omni
1093 4294 1206 4355 ratione
1227 4305 1293 4354 acta
1312 4305 1363 4354 est.

952 4392 1105 4454 Dominica
1125 4392 1348 4473 Sexagesimae,
1376 4394 1501 4455 secunda
1533 4395 1636 4456 mensis
1657 4393 1704 4455 ic·

912 4493 1037 4565 binarii,
1055 4495 1127 4555 testo
1143 4493 1355 4555 Puriilcationis
1374 4494 1480 4556 licetne
1502 4494 1612 4555 Mariae
1631 4493 1704 4554 Vir·

912 4594 999 4674 ginis,
1018 4593 1073 4654 SS.
1089 4594 1124 4653 l).
1143 4592 1178 4653 Ν.
1198 4605 1319 4673 paratus
1341 4613 1422 4655 more
1440 4596 1549 4668 solito,
1571 4594 1650 4654 venit
1667 4593 1704 4653 ad

912 4697 1069 4776 cappellam
1090 4692 1232 4771 majorem
1256 4696 1465 4775 supradictam,
1487 4695 1549 4768 ubi,
1574 4694 1649 4755 iactu
1668 4713 1703 4754 ex

913 4814 994 4858 more
1014 4796 1067 4857 sibi
1090 4815 1141 4875 per
1164 4795 1331 4857 cardinales
1354 4797 1534 4868 reverentia,
1564 4793 1705 4855 benedixit

912 4908 941 4959 et
952 4897 1100 4958 distribuit
1115 4895 1257 4968 candelas,
1274 4914 1346 4974 quas
1362 4904 1518 4955 tenuerunt
1532 4893 1567 4952 ll.
1584 4892 1704 4953 Pisauri

912 5012 928 5052 a
961 4993 1091 5064 dextris,
1112 5002 1141 5051 et
1163 4990 1287 5051 Senator
1310 5008 1327 5048 a
1348 4990 1493 5061 sinistris,
1523 4998 1553 5049 et
1580 5004 1704 5067 perram

912 5110 1001 5170 qtsam
1023 5093 1115 5154 tenuit
1133 5091 1168 5151 Ι).
1192 5091 1296 5151 Petrus
1317 5089 1480 5151 carancius
1502 5089 1704 5153 cubicular-ins

912 5205 1060 5255 secretus:
1083 5194 1183 5255 deinde
1204 5192 1298 5272 Papa,
1316 5203 1435 5272 accepto
1453 5192 1605 5271 gremiali,
1626 5190 1705 5252 dedit

913 5294 966 5373 ipsi
979 5293 1167 5373 Neapolitano
1177 5292 1338 5367 cardinali,
1351 5294 1486 5374 praelatis
1498 5304 1526 5354 et
1543 5293 1608 5354 aliis
1621 5310 1704 5353 auore

1424 5406 1454 5459 35
