3764 6036
69 292 85 372 i)
446 281 730 356 routtrtctt'tis
748 292 979 358 ttttioctttttn
1000 289 1154 354 ocultis.
1192 339 1195 342 .
1566 287 1627 347 liii

87 427 111 486 si
127 425 273 500 adessent,
291 444 451 507 numquam
473 428 615 491 cederent.
637 418 702 490 Dixi
723 450 770 493 mc
838 428 1005 493 noniuerit
1031 431 1115 503 Rex,
1141 428 1250 490 sedebit
1281 428 1355 489 inter
1386 428 1458 488 alios
1484 424 1626 488 secundos

79 526 224 603 vidisse,
238 539 267 588 et
294 528 345 588 ita
381 529 470 590 etiam
508 543 657 592 annotasse
691 532 768 610 quod
838 532 1003 595 cardinales
1028 531 1211 613 Episcopos,
1241 530 1286 590 rel
1320 528 1462 589 Diaconos
1489 538 1544 607 pto
1574 544 1625 585 aua

71 628 150 689 iscus
181 629 279 693 locum
318 628 454 690 hebuerit
484 640 551 692 ante
578 632 673 711 ipsum
706 633 771 692 Do·
807 619 810 627 ’
838 634 1001 712 qualitate,
1021 634 1139 706 tertios,
1161 642 1217 692 etc.
1239 639 1268 691 et
1289 629 1331 689 sic
1357 628 1498 708 deinceps.

69 729 260 789 nhseanium
277 727 483 804 Cardinalem;
514 750 565 810 per
592 719 647 793 boc
674 742 769 793 tamen
905 796 907 802 ,
1014 727 1017 732 ’
1234 746 1259 793 “.
1286 805 1290 816 Ι
1326 746 1329 751 ’

69 829 257 890 Dominationi
270 824 356 891 Suae.
367 831 581 917 contradicere,
592 833 640 892 sed
656 832 769 906 cedere;
1103 830 1157 894 tls
1178 831 1364 893 oiiodr'bro.

69 929 185 991 iderico
207 947 263 988 non
284 929 355 990 bene
378 932 539 992 meminisse
568 934 594 991 in
623 944 767 994 conventu
871 935 952 995 ‘item
976 933 1033 995 ridi
1055 934 1167 994 serrari
1190 933 1217 993 in
1240 932 1320 993 Duce
1335 929 1489 994 'Borbonis
1517 929 1629 991 Comitc

69 1047 133 1089 rano
154 1047 211 1088 non
231 1029 340 1100 luisse,
357 1046 409 1090 nec
431 1018 650 1094 caerimonialia
673 1044 770 1107 nostra
841 1033 1013 1106 sabaudiae,
1028 1044 1057 1095 et
1072 1033 1216 1111 aliquibus
1230 1034 1294 1094 aliis
1310 1033 1337 1093 in
1359 1030 1499 1093 conririis
1512 1030 1542 1090 in
1559 1030 1631 1108 qui·

69 1149 99 1189 sc
121 1130 279 1211 quicquam
306 1149 422 1210 ponere.
449 1131 613 1211 Principem
637 1133 772 1211 Capuae,
840 1137 894 1196 bus
919 1134 1034 1195 Domini
1065 1134 1232 1195 Cardinales
1259 1133 1413 1195 comedunt
1439 1131 1631 1209 collegialiter

77 1230 229 1292 iilediolani
245 1231 599 1294 ethrchiducetiustriae
614 1233 770 1295 etCieran.
842 1255 942 1300 eoram
968 1237 1069 1319 Papa3
1092 1239 1164 1299 tales
1193 1235 1306 1297 Domini
1334 1245 1482 1316 ponuntur
1510 1234 1627 1313 quidam

83 1329 226 1408 majorem
247 1351 325 1404 csse,
357 1351 412 1393 non
445 1337 556 1395 ratione
586 1334 770 1414 Principatus
842 1339 916 1400 inter
949 1337 1022 1397 duos
1051 1336 1222 1404 Cardineles
1251 1338 1406 1410 Diaconos,
1428 1336 1544 1415 quidam
1563 1346 1628 1415 post

69 1432 258 1512 spectativae,
273 1443 302 1493 et
318 1434 505 1494 investiturae
519 1433 621 1528 Regpi.
643 1433 685 1494 nd
707 1434 773 1513 pri·
842 1441 976 1501 ultimum
989 1422 1186 1517 ,³et'quidam
1224 1435 1312 1500 etiam
1341 1440 1415 1499 inter
1440 1436 1631 1516 Presbyteros

69 1578 78 1607 ‚
109 1517 242 1595 videlicet
268 1531 364 1612 quood
392 1534 676 1623 iocuntPtunrisci,
696 1533 770 1594 Rer.
840 1539 1018 1613 Cardinaies,
1039 1547 1129 1616 prout
1150 1539 1239 1616 exigit
1259 1537 1384 1599 conditio
1404 1549 1433 1599 et
1454 1548 1545 1598 status
1564 1554 1634 1616 per·

69 1652 122 1695 nus
139 1633 300 1694 Cardinalis
311 1633 451 1693 Ascanius
466 1634 537 1694 dixit
552 1644 705 1714 propterea
723 1651 769 1692 me
840 1657 935 1701 sonae,
1025 1668 1028 1679 ι

69 1746 219 1796 annotasse
232 1744 261 1795 et
275 1753 406 1795 errorem
422 1753 520 1795 meum
542 1735 694 1814 corrigere
716 1733 770 1795 dc·
1105 1738 1158 1799 Er
1179 1738 1247 1801 olio
1270 1739 1365 1799 libro.

70 1853 105 1895 ac
127 1835 237 1895 dictum
254 1853 351 1894 meum
370 1836 440 1895 alies
461 1836 514 1896 sibi
523 1847 697 1896 extraneum
723 1836 770 1895 vi·
883 1838 1040 1901 Sciendum
1056 1840 1134 1916 quod
1155 1839 1178 1899 si
1200 1839 1263 1900 Rex
1280 1849 1354 1900 esset
1370 1857 1514 1918 praesens,
1528 1838 1631 1917 recipit

72 1935 229 2015 Subjunxit
248 1935 322 1997 Rev.
344 1937 604 1998 vicecancellarius
626 1934 703 2015 quod
720 1953 772 1994 su·
841 1930 1402 2021 cincrespostPrioremlipiscoporum
1419 1938 1632 2008 cardinalium,
1701 1952 1707 1962 ·

69 2056 108 2098 rac
129 2056 161 2098 re
183 2037 287 2098 melius
306 2037 466 2099 deliberare
488 2037 641 2110 deberem,
662 2048 772 2098 etcum
844 2052 933 2121 prout
954 2040 1064 2102 dietum
1084 2049 1139 2114 est,
1157 2040 1206 2101 sed
1228 2039 1279 2101 tttt
1300 2039 1432 2120 Regum,
1447 2041 1471 2100 si
1490 2040 1632 2111 intersint,
1667 2064 1669 2069 ·

69 2158 91 2197 m
106 2137 214 2199 deinde
241 2136 371 2199 reddere.
394 2136 548 2217 Comperto
571 2157 642 2213 rero
671 2139 699 2196 in
718 2155 773 2214 une
841 2142 940 2203 eodem
962 2140 1049 2204 modo
1068 2159 1128 2219 quo
1143 2141 1248 2202 sedent
1269 2143 1344 2202 inter
1360 2133 1534 2202 'Cardinaies
1555 2139 1634 2199 reci-

86 2237 170 2313 libris
200 2238 466 2311 caerimoniarum,
493 2236 665 2316 dequibus
685 2257 774 2316 supra
840 2242 918 2322 pient
940 2242 1059 2303 eineres.

69 2339 162 2411 ustio,
185 2349 254 2398 sunt
282 2336 450 2418 hujusmodi
477 2340 596 2411 tenoris,
628 2338 772 2399 videlicet:
843 2387 846 2394 .
937 2338 939 2341 ’
1105 2341 1248 2403 Erotio
1270 2341 1365 2402 libro.

69 2442 220 2500 etractus
270 2459 309 2500 ec
347 2439 432 2500 libro
471 2438 738 2500 caerimoniarum
759 2482 772 2509 ,
848 2511 849 2515 Ἰ
884 2440 1056 2503 Benedictus
1076 2458 1163 2515 stin,
1183 2459 1259 2502 anno
1281 2441 1421 2519 vigesimo
1442 2441 1490 2501 sui
1507 2437 1632 2501 Pontid-

69 2539 113 2600 ini
127 2539 297 2600 Benedicti
309 2540 600 2625 Xll.“i·'erdinandus
618 2540 681 2602 Rex
696 2541 774 2601 dra·
804 2547 810 2669 p
839 2555 938 2629 ¹catus,
959 2544 1035 2613 antro
1055 2542 1171 2603 Domini
1193 2541 1287 2603 titt.
1308 2543 1338 2610 ln
1357 2542 1482 2603 liorellr
1503 2542 1539 2601 ad
1561 2550 1633 2620 strp-

69 2662 82 2702 e
105 2641 182 2701 venit
204 2641 240 2700 ad
260 2640 398 2713 Curiam,
417 2651 446 2702 et
468 2641 594 2703 secunda
613 2641 657 2703 die
676 2644 774 2703 intra·
843 2647 1024 2725 plicationem
1045 2644 1134 2724 Regis
1151 2644 1333 2723 drogonum,
1344 2643 1393 2722 qui
1412 2642 1451 2702 ibi
1472 2653 1547 2714 erat,
1566 2659 1634 2720 pos·

69 2743 157 2820 'regina
181 2759 249 2802 cum
263 2740 563 2820 primogentroltegts
581 2751 610 2803 et
631 2739 696 2818 ejus
711 2743 774 2801 ira·
846 2748 999 2808 sessionem
1015 2745 1160 2826 publicam
1178 2746 1256 2806 iecit.
1273 2744 1306 2803 ln
1322 2742 1415 2804 blissa'
1426 2743 1566 2804 audienda
1578 2743 1634 2804 boc

68 2844 180 2904 lomino
210 2841 300 2929 Petro
327 2843 441 2902 iniante.
468 2841 588 2921 Recepti
614 2842 732 2903 luerunt
757 2861 773 2901 a
842 2847 945 2908 ordine
966 2847 1106 2907 inerunt:
1128 2840 1230 2925 primo
1249 2845 1277 2904 in
1299 2845 1425 2923 quodam
1448 2862 1565 2906 scamno
1586 2864 1634 2904 se·

71 2943 186 3004 nulibus
206 2953 287 3004 extra
307 2954 437 3023 portam3
460 2944 487 3003 in
509 2961 606 3003 mensa
627 2955 774 3021 autemst
842 2938 927 3007 debut
945 2945 1107 3026 Episcopus
1120 2943 1281 3007 Cardinalis
1295 2963 1383 3016 unus,
1398 2944 1449 3024 qui
1463 2945 1542 3006 solus
1563 2955 1633 3004 tunc

69 3047 164 3107 eclesia
181 3044 333 3108 ‚sedebant
369 3043 424 3105 hoc
461 3044 564 3104 ordine
577 3065 589 3117 ;
603 3044 644 3102 ‘in
673 3042 774 3123 primia
842 3057 907 3107 erat
927 3048 957 3105 in
978 3046 1076 3117 Curia,
1096 3044 1158 3107 Rex
1179 3044 1280 3106 deinde
1300 3057 1363 3106 erat
1376 3044 1461 3124 juxta
1475 3062 1553 3116 eum,
1569 3054 1635 3105 ter·

69 3163 129 3205 nus
149 3144 311 3205 Cardinuiis
332 3145 512 3217 Auxitanus,
528 3142 615 3204 Prior
629 3143 773 3204 Cardina-
805 3181 808 3240 4
843 3148 884 3208 tio
903 3147 989 3209 Prior
1012 3146 1256 3226 Presbyterorum
1271 3189 1280 3219 ,
1298 3156 1404 3224 qrrarto
1425 3145 1634 3225 primogenitus

69 3294 72 3316 ‚
96 3247 197 3306 deinde
218 3244 279 3305 Rex
307 3262 374 3305 cum
403 3244 577 3324 postergali,
604 3254 634 3305 et
659 3245 774 3306 cassino
844 3248 941 3327 Regis,
952 3248 1064 3325 quinto,
1082 3255 1111 3308 et
1131 3247 1235 3307 ultimo
1255 3245 1328 3305 clius
1350 3244 1505 3324 Presbyter
1527 3243 1634 3324 Cardi-

69 3375 84 3422 l,
100 3347 200 3410 deinde
220 3346 379 3409 Cardinalis
399 3347 605 3418 Tholossanus,
623 3356 689 3427 post
707 3365 774 3406 eum
842 3349 917 3409 nalis
927 3370 938 3420 ;
958 3349 986 3407 in
1008 3346 1135 3409 secundo
1156 3364 1272 3407 scamno
1285 3346 1400 3424 primus
1414 3343 1501 3406 Prior
1519 3344 1634 3405 sedebat

69 3451 195 3528 >genitus
226 3447 330 3526 Regis,
356 3446 457 3508 deinde
482 3447 644 3508 cardinalis
670 3445 775 3506 biantis
843 3451 1051 3524 Diaconosnm,
1072 3446 1197 3510 secundo
1217 3448 1293 3508 aliua
1314 3444 1390 3507 fliius
1412 3446 1510 3526 Regis,
1529 3445 1632 3507 Comes

69 3567 176 3622 inum?
195 3549 223 3607 ³¹¹
240 3548 297 3608 ⁶¹5⁰
313 3547 426 3608 b⁰⁰⁰h0
441 3547 555 3609 sedebat
571 3539 683 3627 primns
698 3545 776 3608 Cot·-
806 3501 809 3587 i
843 3551 1066 3632 Empurisrum,
1089 3549 1176 3610 tertio
1196 3549 1271 3609 alius
1291 3547 1437 3608 Diaconos
1458 3545 1632 3608 Cardinalis.

69 3671 83 3711 s
104 3649 212 3710 Sancti
229 3648 367 3727 Georgii,
384 3647 485 3710 deinde
502 3648 642 3709 Dominus
652 3635 776 3721 Petrus,
855 3693 858 3700 .

69 3772 94 3812 te
112 3762 141 3811 et
162 3749 281 3822 demum
303 3732 463 3809 Cardinalis
490 3748 592 3809 Sancti
613 3747 774 3809 Eustachii.

69 3847 100 3913 ix
120 3850 189 3912 olio
211 3850 321 3919 libro,
345 3844 379 3909 in
402 3850 499 3910 titolo
522 3850 775 3912 devenientibus
807 3816 810 3945 i
884 3839 970 3900 Faria
991 3848 1091 3909 sexta,
1111 3844 1216 3913 quarta
1239 3831 1342 3894 mensis
1360 3833 1444 3902 maii,
1466 3832 1495 3889 in
1516 3844 1631 3892 camera

69 3948 180 4012 iuriam
202 3950 341 4029 Repibns
361 3959 391 4009 et
408 3948 625 4030 Principibus.
690 4031 691 4035 Ἰ
807 3953 810 4046 j
843 3929 1116 4022 Papagaili'pale‘tii
1137 3935 1294 4015 Apostolici
1315 3930 1391 4012 apud
1414 3930 1554 3991 Sanctum
1575 3926 1633 3987 Pe·

69 4051 219 4130 nperatori
239 4047 343 4110 Latino
364 4060 393 4109 et
420 4049 550 4122 Graeco,
577 4050 727 4130 Regibus,
747 4061 775 4111 et
803 4042 810 4129 'l
845 4053 936 4119 trum,
952 4040 1030 4119 Papa
1045 4036 1162 4109 absente
1183 4034 1219 4092 ab
1235 4034 1283 4092 ilia
1300 4049 1422 4130 'camera
1448 4025 1522 4108 (erat
1538 4038 1633 4086 tamen

69 4150 220 4230 legitimis,
236 4150 317 4208 luicis
334 4161 428 4210 tamen
445 4158 474 4208 et
492 4168 549 4209 non
564 4150 775 4223 ecclesiasticis,
807 4136 811 4251 ἰ
845 4143 872 4201 iu
891 4141 991 4203 eodem
1010 4132 1139 4217 Ρθῑθῐῑθ),
1155 4132 1324 4212 θθῦὅΐθὲὓίῑ
1345 4127 1550 4226 tuerentur.
1570 4126 1633 4187 ⁰⁰·

69 4251 171 4321 ndem,
192 4270 226 4310 rc
252 4248 382 4327 Regibus
413 4258 440 4308 et
474 4247 586 4308 filiabus
607 4249 774 4309 eorumdem
844 4238 1114 4309 vicecancellarius,
1137 4235 1235 4294 Sancti
1254 4233 1334 4295 Petri
1349 4232 1386 4291 ad
1401 4232 1534 4303 Vincula,
1550 4228 1635 4291 Uttx-
1678 4321 1682 4328 ,

68 4350 264 4412 sCordinaies
281 4350 308 4408 iu
326 4348 409 4439 prbe
431 4349 581 4409 existentes
597 4348 717 4415 debcant
733 4349 775 4411 ire
844 4342 993 4434 bonensis,
1026 4339 1267 4430 Reuerentnnus,
1302 4334 1479 4403 lileriensis,
1510 4330 1634 4391 Sanctae

71 4471 99 4511 rn
130 4447 211 4533 extra
250 4450 348 4509 rillaru
380 4468 431 4528 per
463 4467 603 4528 magnum
633 4451 775 4529 spacium.
844 4441 1021 4512 Anastasiac,
1043 4438 1187 4510 Senensis,
1208 4446 1237 4497 et
1258 4435 1293 4497 de
1314 4433 1426 4496 Ursinis
1444 4433 1635 4504 cardinales,

78 4552 142 4614 Rex
165 4551 248 4613 debet
278 4550 376 4612 sedere
399 4553 427 4610 in
450 4544 611 4623 cathedra,
638 4568 713 4628 quae
739 4551 776 4610 ad
825 4547 895 4623 out
918 4542 1061 4603 tamenin
1092 4538 1148 4600 iiue
1177 4536 1412 4618 congregationis
1434 4544 1574 4596 venerunt
1599 4533 1635 4592 ad

70 4672 122 4715 um
147 4655 221 4713 latus
246 4651 343 4732 Papae
369 4653 520 4725 ordinata,
544 4652 612 4712 sine
630 4652 776 4726 scabello,
846 4642 1063 4706 deliberandum
1081 4639 1191 4718 ,quibus
1212 4639 1395 4700 caerimoniis
1412 4645 1441 4697 et
1457 4634 1559 4697 ordine
1572 4635 1633 4694 ier·

77 4753 172 4814 ederit
186 4751 279 4826 fliius,
295 4764 346 4813 aut
360 4753 452 4813 irater
471 4752 559 4835 Regis
579 4752 662 4812 debet
679 4752 777 4814 sedere
847 4766 914 4808 rum
927 4743 1059 4804 Lanceae
1078 4741 1186 4803 Christi
1201 4739 1211 4821 (
1224 4758 1283 4818 quo
1299 4739 1375 4799 latus
1395 4736 1556 4796 Salvatoris
1572 4731 1634 4793 tto-

86 4855 160 4914 duos
173 4855 283 4932 primos
302 4852 468 4915 Cardinrles
483 4852 660 4933 Episcopos,
679 4863 708 4913 et
723 4854 785 4924 hoc¹
847 4852 900 4911 stri
922 4848 989 4909 iesu
1011 4842 1121 4906 Christi
1148 4843 1179 4901 in
1202 4842 1302 4902 Cruce
1325 4837 1469 4918 pendentis
1499 4845 1633 4915 apertum

69 4976 90 5016 :x
103 4957 244 5015 maximae
262 4957 300 5013 sit
330 4953 473 5033 potentiae
493 4964 522 5012 et
538 4952 701 5031 dignitatis,
719 4971 777 5013 non
847 4954 938 5013 inisse
960 4949 1090 5020 dicitur,
1124 4943 1201 5021 quod
1229 4943 1341 5004 ierrum
1367 4955 1492 5016 magnus
1517 4935 1638 4996 Turcus

69 5077 94 5117 n
110 5055 146 5116 de
166 5055 344 5125 minoribus,
367 5054 435 5131 quia
467 5053 532 5112 talis
565 5052 648 5113 debet
680 5051 779 5114 sedere
847 5073 881 5114 ex
910 5044 1154 5125 Constantinopoli
1183 5061 1234 5123 per
1262 5039 1419 5102 Oratorem
1446 5056 1553 5109 suurn,
1585 5038 1635 5114 qrri

90 5157 164 5218 duos
186 5156 295 5235 primos
320 5153 487 5217 Cardinales
516 5154 681 5226 Diaconos,
707 5154 779 5213 etsi
848 5166 941 5228 nuper
960 5146 1106 5241 Ancpnam
1128 5148 1280 5220 propterea
1304 5137 1390 5206 venit,
1410 5131 1565 5221 mittebat)
1585 5150 1635 5193 re·

69 5271 99 5320 nt
121 5261 240 5339 plures,
261 5259 284 5318 si
306 5258 363 5319 erit
383 5255 443 5315 Res
465 5254 573 5316 sedebit
590 5256 619 5314 in
643 5252 779 5314 cathedra
849 5247 1010 5327 cipiendnm
1033 5254 1124 5315 esset,
1144 5249 1174 5301 et
1196 5237 1281 5317 idad
1303 5234 1490 5296 Sanctissimo
1512 5232 1634 5292 Domino

69 5358 138 5428 rad
164 5359 310 5418 sinistrum
328 5356 417 5417 ¹latus
439 5356 551 5435 Papae,
579 5358 602 5415 si
636 5361 732 5416 autern
757 5354 781 5416 is
849 5350 955 5410 Nostro
978 5345 1159 5408 referendum
1166 5364 1176 5417 3
1197 5343 1226 5403 in
1242 5358 1300 5419 qua
1317 5335 1543 5416 congregatione
1555 5335 1635 5395 cirea
