3758 6030
51 250 166 338 (stu)

97 391 183 453 Faria
204 385 343 460 monada,
360 386 433 448 bora
457 404 645 465 vesperarum
666 403 757 448 xsrtr.
777 385 848 446 dicti

56 486 320 566 utensisjauuatii,
341 487 430 549 bonae
456 487 620 547 »memoriae
648 487 684 547 D.
703 487 848 548 lohannes

62 593 215 672 episcopus
227 585 479 672 ttttneanenststt)
493 585 603 648 Orator
616 588 716 649 Seren.
731 588 848 649 Heurici

60 692 183 771 Angliae
201 702 231 751 et
246 689 387 753 Francius
407 687 507 767 Regis,
524 687 574 766 qni
596 688 624 746 in
638 706 704 749 sero
719 689 849 767 sequenti

57 791 133 853 diem
153 789 312 851 secundum
328 788 458 868 proxime
473 789 675 867 praeteritum,
687 788 763 849 diem
777 789 850 849 vitae

67 909 138 952 suae
160 892 263 951 clausit
283 899 462 961 extremam,
484 907 519 948 ex
537 888 622 949 domo
644 907 712 950 suae
735 889 850 949 babita-

4 1028 7 1032 ·
63 994 149 1052 tionis
170 1000 303 1070 portatus
324 989 380 1049 fnit
402 989 438 1048 ad
460 989 610 1050 ecclesiam
627 989 774 1068 hospitalis
788 990 850 1048 dn·

60 1094 195 1173 giorum,
215 1082 318 1151 ibidem
350 1088 506 1152 associatus
524 1109 541 1148 a
562 1089 678 1149 familiis
704 1089 768 1149 Ru.
787 1089 850 1151 DD.

62 1191 269 1272 Neapolitani,
290 1189 534 1260 Rachanatensis,
555 1191 764 1263 Beneventani,
793 1190 850 1253 Sc-

57 1295 164 1378 ueusis,
177 1302 205 1354 et
221 1291 381 1353 Camerarii
397 1289 604 1351 cardinalium.
615 1321 616 1324 ¹
627 1289 851 1352 Praecesserunt

58 1392 210 1455 intorticia
232 1391 456 1471 quinquaginta,
477 1402 507 1452 et
525 1393 614 1452 secuti
634 1393 721 1452 funus
747 1410 850 1452 nonem

59 1494 181 1555 funestis
203 1492 331 1554 vestibus
357 1491 473 1564 induti,
502 1503 531 1551 et
560 1492 719 1571 cappellani
741 1491 787 1550 sai
815 1509 849 1551 ac

59 1597 162 1675 plures
181 1594 229 1654 alii
249 1596 276 1652 in
298 1592 390 1670 nigris
406 1591 542 1666 vestibus,
564 1610 619 1653 nou
643 1603 738 1653 tamen
763 1591 851 1652 fune·

55 1696 118 1757 stis.

104 1793 192 1854 Feria
209 1792 581 1878 secunquuartameusis
592 1791 744 1865 februarii,
755 1792 848 1853 Reus.

58 1895 125 1956 DD.
148 1893 371 1974 Neapolitanus,
392 1902 420 1953 et
443 1892 594 1966 Senensis,
615 1892 804 1973 cardinales,
834 1912 851 1951 a

59 1998 158 2057 fratre
173 1993 258 2075 3Rev.
296 1993 332 2054 D.
362 1993 525 2054 cardinalis
553 1993 706 2053 lileriensis
736 1992 852 2065 uocati,

61 2099 143 2158 eirca
164 2095 268 2157 boram
286 2111 343 2156 xx.
366 2093 566 2155 veneruntad
588 2092 707 2154 domum
723 2089 852 2169 ejsudem

60 2197 222 2259 cardinalis
243 2196 396 2258 Aleriensis
408 2240 418 2269 ,
440 2215 527 2275 quem
549 2198 732 2274 reperierunt
750 2195 855 2274 agoni·

61 2309 188 2371 aautem3
200 2296 306 2375 quibas
317 2295 507 2376 significatum
521 2295 623 2356 ibidem
639 2295 706 2368 fuit,
721 2295 854 2356 eumdem

59 2398 244 2460 Cardinalem
264 2399 440 2458 Alaricusem
463 2398 539 2476 ipsos
570 2395 789 2477 Neapolitanam
826 2406 855 2456 et

58 2499 227 2572 Seneusem,
249 2517 306 2559 ana
328 2518 396 2559 cum
417 2497 571 2560 cardinale
593 2499 728 2571 Ascanio,
749 2508 778 2558 et
799 2498 853 2559 Jo-

56 2600 156 2661 ftanne
175 2600 310 2679 episcopo
340 2598 491 2659 Mutinensi
513 2616 547 2656 ac
570 2598 663 2657 fratre
682 2595 789 2657 carcia
819 2597 855 2658 de

64 2685 218 2763 villanova
245 2700 407 2761 testamenti
421 2700 477 2759 ¹sui
509 2704 700 2776 exequutores
743 2697 856 2760 cousti-

62 2804 150 2864 tuisse
162 2824 175 2876 3
194 2802 314 2863 fuerunt
335 2800 439 2861 ibidem
462 2820 513 2880 per
534 2800 652 2872 horam,
686 2800 731 2859 vel
765 2800 856 2869 circa,

62 2904 245 2987 coaegregati,
264 2901 364 2964 deinde
384 2902 575 2962 ascenderant
591 2899 626 2960 ad
650 2899 795 2959 Palatium
819 2888 857 2957 nd

62 3007 95 3068 S.
131 3002 167 3065 D.
201 3003 235 3064 tl.
271 3003 319 3063 ubi
353 3002 474 3065 fuerunt
513 3019 605 3080 usque
637 3000 717 3061 circa
751 2999 854 3059 horam

61 3125 166 3171 xxtrn
178 3128 189 3179 3
211 3105 259 3167 sed
281 3104 359 3165 circa
379 3119 469 3165 xxm
491 3101 595 3163 horam
616 3101 762 3181 praefatus
776 3099 859 3160 cars

64 3208 167 3268 dinalis
181 3204 340 3267 Aleriansis-
354 3203 498 3264 catholice
518 3201 612 3264 emisit
633 3201 769 3280 spiritum
788 3218 856 3260 cum

62 3305 129 3384 ejus
151 3308 246 3369 anima
258 3328 269 3379 3
293 3305 456 3383 requiescat
477 3306 506 3363 in
528 3321 609 3383 pace.
632 3300 698 3370 Quo
721 3301 857 3361 defuneto

59 3403 369 3483 ,fatnilfaresejusdem
390 3404 516 3466 defuncti
546 3404 642 3483 ipsum
664 3403 813 3474 lavarunt,
828 3410 858 3462 et

67 3505 390 3589 quotidianisrestibus
413 3517 474 3565 tam
496 3505 588 3564 sacris
609 3521 691 3563 more
705 3502 790 3563 solito
812 3504 858 3561 in·

68 3611 212 3682 dueruut,
230 3628 264 3669 eo
286 3608 370 3688 prius
391 3624 470 3679 raso,
491 3617 519 3665 et
541 3605 569 3663 iu
582 3603 720 3677 naribus,
741 3621 804 3675 ore,
825 3620 859 3663 ac

68 3711 164 3773 oculis
175 3727 210 3770 ac
224 3708 347 3769 auribus
358 3708 525 3768 balsameto.
549 3704 634 3766 circa
649 3720 737 3764 xxuu
756 3703 859 3763 boram

65 3826 210 3879 remeunt
229 3812 263 3873 de
287 3809 401 3871 Palatio
423 3809 460 3868 ad
483 3807 601 3869 domum
621 3804 759 3885 praedicti
783 3802 859 3864 car-

65 3915 171 3976 dinalis
194 3911 325 3980 defuncti
352 3909 578 3989 Neapolitanus,
599 3903 732 3972 Senensis
758 3915 786 3965 et
807 3904 861 3966 vt-

65 4014 291 4077 cecancellarius
328 4010 497 4083 cardinales
527 4018 695 4069 executores
723 4005 859 4084 praefati,

67 4132 197 4195 quorum
216 4110 302 4190 jussu
322 4110 454 4172 ordinato
473 4120 540 4192 sunt
562 4107 691 4177 sandalia
713 4124 781 4165 cam
807 4123 860 4165 ca-

67 4218 144 4295 ligis,
167 4212 318 4284 tunicella,
338 4212 500 4282 dalmatica,
522 4221 551 4269 et
575 4210 687 4287 planeta
709 4224 743 4266 ex
764 4205 859 4266 tulletti
893 4255 897 4312 Ι

69 4316 200 4387 violatio,
221 4333 303 4376 more
325 4313 413 4375 solito
434 4330 488 4391 pro
508 4311 657 4389 sepultura
678 4307 817 4378 defuncti,
832 4319 860 4367 et

68 4417 141 4478 milri
160 4436 214 4496 per
233 4435 282 4477 eos
303 4405 486 4476 commissum
506 4409 583 4489 quod
601 4404 815 4479 cardinalibus,
830 4415 859 4466 et

71 4519 140 4580 aliis
170 4517 410 4595 intimarempro
431 4514 477 4575 die
497 4513 621 4574 crastina
642 4510 714 4570 liora
740 4525 792 4570 xv.
813 4507 859 4569 vel

69 4618 331 4698 eirca3feciigitur
342 4614 599 4687 schedalotenoris
613 4611 862 4691 sequentisquam

69 4721 213 4800 blagistro
241 4719 406 4780 cursorum
428 4717 516 4790 misi3
551 4713 668 4782 amonui
698 4710 859 4771 Fabianam

69 4821 244 4901 Magistrum
266 4819 387 4889 domus,
408 4815 468 4876 sire
489 4814 699 4895 expenditorem
729 4811 858 4871 defuncti

70 4923 232 4986 cardinalis
253 4919 385 5000 praelati,
406 4917 486 4996 quod
507 4934 621 4996 capsam
637 4913 786 4975 ordinaret
806 4930 861 4991 pro

70 5025 226 5104 sepultura
246 5018 387 5091 defuncti,
405 5027 434 5077 et
447 5035 497 5078 eos
515 5016 565 5093 qai
581 5015 759 5092 sepulturam
781 5012 861 5071 face-

70 5135 161 5197 rent,
189 5135 218 5185 et
237 5122 275 5183 ad
295 5121 448 5183 Basilicam
477 5116 575 5176 Sancti
605 5114 686 5175 Petri
719 5112 866 5172 mitterent

71 5280 424 5301 .------·-·-————-—

108 5333 147 5419 (t)
166 5353 289 5405 intexta
314 5349 442 5411 cccrum,
459 5345 645 5399 Dendineoss's·

538 240 824 308 resumemus
848 241 1072 310 scamnum
1093 244 1220 330 saxu.

1640 233 1703 301 283

916 406 971 468 pro
986 387 1098 467 planeta
1116 382 1232 448 violetis
1244 382 1444 462 aurisrigiata,
1457 397 1547 443 cruce
1565 386 1702 458 argentea

915 489 1043 568 ponenda
1055 506 1143 566 supra
1156 494 1255 566 pectus
1268 482 1405 557 defuncti,
1416 483 1493 562 palio
1508 502 1543 544 ex
1557 480 1699 544 brocbato

918 589 1035 650 violatio
1055 585 1185 667 ponendo
1197 602 1299 664 supra
1322 584 1428 644 lectum
1453 584 1482 643 in
1504 583 1573 643 aula
1591 579 1704 645 esma-

918 690 996 763 leeti,
1006 698 1036 749 et
1057 687 1166 748 faceret
1178 683 1241 746 fleri
1263 686 1371 745 fectum
1383 686 1412 744 iu
1432 684 1525 745 medio
1539 683 1703 750 anlaecum

917 788 1078 851 cavallettis
1099 805 1154 867 pro
1185 803 1243 846 xtt.
1273 785 1441 856 intestinis,
1461 793 1491 845 et
1511 780 1706 844 circumcirca

918 907 1033 951 scamna
1046 907 1100 968 pro
1116 886 1251 967 praelatis
1263 929 1272 958 ‚
1286 904 1320 945 ac
1337 885 1364 944 in
1386 885 1480 963 prima
1496 874 1611 944 camera
1622 880 1706 960 juxta

918 991 1038 1062 aulam,
1060 1008 1134 1068 quae
1155 989 1240 1047 nimis
1271 998 1392 1067 angusta
1413 998 1456 1048 est
1468 1030 1478 1060 ,
1498 986 1557 1046 alia
1589 999 1705 1045 scatente

919 1093 965 1152 rel
984 1089 1108 1151 scabella
1127 1108 1182 1168 pro
1199 1089 1424 1162 Cardtnsttbus,
1445 1088 1609 1149 turibulum
1639 1098 1707 1151 cum

918 1192 1054 1253 navicula
1076 1203 1105 1252 et
1126 1194 1260 1262 incenso,
1281 1209 1316 1252 ae
1339 1211 1389 1251 vas
1415 1207 1515 1268 aquae
1543 1187 1706 1250 betsedictae

911 1310 987 1353 >cum
1018 1293 1202 1372 aspersorio,
1238 1293 1498 1373 superpelliceum,
1519 1291 1643 1361 stolam,
1670 1278 1705 1348 ac

919 1395 1044 1474 pluviale
1061 1396 1191 1473 nigrum,
1213 1391 1270 1467 duo
1291 1392 1462 1453 candelabra
1480 1408 1549 1452 cum
1571 1388 1708 1461 candelis,
1779 1406 1787 1420 ’

918 1513 1043 1573 parvom
1061 1494 1236 1555 credentiam
1257 1491 1294 1551 ad
1314 1492 1399 1573 pedes
1419 1492 1498 1564 lecti,
1519 1489 1704 1555 materalium

921 1611 988 1654 enm
1008 1593 1180 1674 palairaci,
1209 1603 1238 1653 et
1258 1592 1314 1651 alia
1335 1603 1425 1672 prout
1444 1591 1473 1650 in
1495 1589 1705 1670 caerimoniale.
1782 1596 1784 1605 ’

920 1694 1027 1755 Deinde
1048 1693 1150 1754 recessi
1181 1693 1217 1755 de
1242 1693 1331 1754 domo
1354 1691 1501 1771 praedicta
1522 1701 1586 1771 post
1616 1689 1708 1750 dictos

920 1795 1098 1868 cardinales,
1113 1813 1186 1856 eura
1201 1795 1426 1875 praemissorum
1442 1792 1519 1853 dicto
1530 1791 1566 1851 D.
1580 1791 1708 1852 Fabiano

922 1899 1032 1959 relicta.
1050 1897 1146 1958 Tenos
1162 1914 1233 1959 vero
1247 1895 1402 1958 schedulae
1419 1895 1455 1956 de
1474 1909 1641 1972 qua‘supra
1661 1901 1708 1951 ta-

921 1999 957 2060 lis
978 2010 1044 2059 est:
1580 2051 1582 2055 .

964 2123 981 2156 e
994 2098 1039 2160 lix
1051 2106 1133 2176 parte
1144 2094 1216 2156 Rev.
1228 2094 1506 2165 DD.cardinalium‚
1519 2091 1709 2172 Neapolitani,

923 2200 1073 2271 Senensis,
1093 2208 1122 2259 et
1147 2196 1385 2259 vicecancellarii
1406 2206 1594 2257 executor-um
1610 2204 1707 2254 'testa-

923 2303 1009 2364 meutl
1034 2301 1127 2360 honae
1158 2298 1314 2360 memoriae
1345 2297 1507 2359 cardinalis
1536 2294 1709 2367 Aleriemis,

922 2402 1068 2464 intimetur
1089 2400 1208 2480 singulis
1228 2399 1302 2460 Rev.
1329 2398 1460 2460 Dominis
1479 2394 1708 2466 cardinalibus,

923 2504 1001 2582 quod
1014 2503 1144 2581 crastina
1153 2502 1209 2573 die,
1223 2519 1296 2579 quac
1310 2500 1367 2561 erit
1384 2498 1485 2577 quinta
1499 2494 1589 2573 hujus
1605 2494 1709 2580 mensis

923 2602 1080 2676 februarii,
1101 2603 1174 2664 inter
1194 2619 1272 2664 xttu.
1295 2612 1324 2662 et
1343 2617 1396 2662 xv.
1425 2599 1524 2672 boras,
1546 2595 1709 2677 portabitur

924 2702 1048 2769 cadaver
1060 2703 1198 2783 praedicti
1211 2701 1355 2781 quondam
1374 2700 1536 2762 cardinalis
1556 2695 1709 2758 blesiensis

924 2807 960 2866 ad
979 2806 1132 2866 Basilicam
1154 2804 1254 2864 Sancti
1280 2802 1359 2865 Petri
1388 2798 1606 2881 sepeliendum,
1636 2815 1712 2875 qua·

924 2915 1159 2987 propter'etc‘s.
1249 2940 1251 2945 -

925 3060 926 3063 ,
968 3008 1066 3069 «item
1077 3006 1225 3066 intimetur
1237 3005 1425 3066 conventibus
1437 3001 1627 3082 infrascriptis
1638 2999 1716 3079 qaod

924 3109 1025 3172 eadem
1041 3107 1087 3168 die
1103 3106 1182 3166 circa
1194 3121 1280 3166 xtus.
1293 3104 1395 3165 boram
1407 3104 1496 3165 velint
1506 3121 1567 3163 esse
1582 3104 1610 3161 in
1626 3100 1713 3161 domo

925 3208 1087 3272 cardinalis
1106 3205 1228 3287 praefati
1247 3205 1402 3267 lileriensis
1421 3204 1571 3275 defuncti,
1603 3200 1639 3261 ad
1668 3199 1715 3260 di·

925 3311 1046 3373 cendum
1069 3292 1245 3387 vigilias,et
1263 3305 1462 3368 associandum
1486 3304 1574 3364 funus
1594 3301 1632 3361 ad
1651 3302 1712 3360 Ba·

880 3462 882 3469 .
926 3414 1035 3474 silicam
1065 3410 1242 3493 praedictam
1274 3426 1356 3470 mora
1384 3417 1521 3470 consueto
1555 3404 1707 3464 videlicete

927 3515 1085 3577 Minervae:
1096 3511 1255 3573 Araecoeli:
1273 3510 1374 3571 Sancti
1388 3508 1554 3588 Augustini:
1563 3506 1594 3567 S.
1602 3504 1711 3566 lllsriae

929 3612 1156 3693 Transpontinae
1166 3632 1177 3685 3
1197 3621 1225 3671 et
1246 3604 1382 3689 capitulo
1403 3609 1543 3671 Basilicae
1569 3606 1602 3668 S.
1623 3604 1715 3665 Petri.

969 3714 1130 3780 cardinalis
1151 3712 1303 3772 Aleriensis
1314 3712 1462 3791 praefatus
1477 3710 1548 3771 obiit
1563 3708 1591 3768 in
1609 3706 1713 3767 ultimo

928 3819 1091 3898 parosismo
1112 3813 1199 3874 febris
1221 3823 1393 3891 quartanae,
1412 3813 1441 3872 in
1462 3828 1549 3890 quam
1564 3806 1650 3868 tertia
1669 3803 1714 3866 dfe

929 3919 1032 3982 mensis
1057 3913 1227 3994 septembris
1254 3913 1385 3992 proxime
1413 3910 1562 3991 praeteriti
1592 3906 1714 3978 incidit,

928 4033 1053 4098 ecquae
1083 4007 1249 4078 abeodem
1271 4014 1316 4076 die
1343 4015 1429 4087 citra,
1450 4014 1545 4092 ipsum
1564 4025 1713 4087 nunquam

929 4121 1067 4199 reliquit,
1095 4117 1144 4178 sed
1178 4135 1246 4186 cum
1280 4114 1486 4194 multiplicibus
1520 4108 1715 4172 accidentibus

928 4223 1022 4301 ipsum
1041 4220 1178 4281 continuo
1197 4217 1367 4279 molestavit.
1394 4209 1556 4277 cardinalis
1583 4212 1712 4294 sepultus

928 4323 986 4384 fuit
1014 4324 1042 4382 in
1072 4321 1208 4400 cappella
1229 4316 1399 4399 asperserit,
1420 4313 1504 4393 juxta
1537 4314 1705 4393 cappellam

929 4425 1028 4485 Sancti
1048 4420 1181 4481 Andreae
1201 4431 1231 4481 et
1251 4419 1389 4497 Gregorii
1410 4418 1496 4478 sitam
1517 4417 1546 4475 iu
1567 4416 1707 4477 Vaticano

928 4519 994 4585 ante
1015 4509 1185 4583 memoriam
1204 4519 1342 4581 Andrinni
1361 4520 1434 4582 della
1461 4519 1553 4578 Porta
1583 4516 1632 4576 avi
1664 4513 1708 4574 sni

929 4623 1089 4694 cardinalis
1110 4620 1165 4705 (2).

935 4768 1716 4797 Μ

972 4865 1007 4924 (tt
1023 4861 1097 4911 llaec
1116 4858 1211 4907 ultima
1228 4855 1314 4905 verba
1340 4853 1374 4903 de
1397 4852 1539 4914 sepultura
1559 4845 1715 4897 Cardinalis

932 4956 982 4994 non
1001 4942 1129 5003 leguntur
1152 4937 1179 4986 ia
1199 4935 1302 4985 Codice
1324 4937 1437 4991 nostro,
1456 4931 1505 4980 sed
1522 4931 1550 4979 in
1568 4929 1646 4978 textu
1668 4923 1718 4974 Eo·

933 5023 1019 5074 cardi.
1042 5021 1164 5071 intexta
1190 5015 1307 5066 Eccardi
1334 5015 1458 5076 teguntur
1476 5013 1519 5062 ate
1540 5011 1652 5070 insuper
1670 5004 1722 5054 ati·

932 5115 988 5166 qua
1009 5110 1095 5163 super
1116 5095 1293 5148 contentione
1315 5094 1475 5156 legatorum
1495 5091 1650 5152 aliquorum
1668 5091 1718 5147 pro

933 5180 1147 5242 praeminentia,
1169 5179 1197 5227 et
1213 5188 1295 5238 saper
1312 5172 1475 5223 ferdinandi
1497 5171 1576 5232 Regis
1593 5167 1724 5229 Neapoli·

934 5264 989 5312 tant
1010 5264 1108 5312 morta.
1121 5255 1267 5307 Dicendum
1287 5253 1368 5315 igitar
1386 5251 1430 5301 luc
1443 5287 1451 5311 ,
1466 5252 1598 5310 excerpts
1615 5245 1723 5296 leibni-

935 5342 1009 5391 tiana
1026 5342 1054 5389 et
1070 5334 1234 5390 liccardiana
1249 5330 1417 5389 Bacchum,
1435 5327 1603 5381 esarbitrio
1621 5326 1721 5390 absque

1439 5423 1470 5473 30
