3758 6030
61 261 182 347 (asos).
234 348 238 356 .

60 402 238 484 praemium
258 399 356 463 Oeum
379 399 542 463 authorem
564 403 698 465 omnium
715 415 856 466 corstem··

58 505 161 586 plari,
180 502 372 574 clarissime,
395 522 454 566 oro
474 523 536 585 pro
558 505 650 567 trahis
678 507 766 566 beate
791 503 851 567 la·

60 606 173 671 nuarii
186 639 226 650 -
240 604 282 666 tte
298 605 391 687 ‹iipni
405 607 584 688 efficiamur
598 616 655 667 etc.

103 705 224 767 interim
246 704 323 783 quod
352 707 513 767 versimlus
535 724 604 767 cum
636 706 672 767 R.
695 707 848 787 praemissa

60 805 213 879 dictmtnr,
232 806 328 886 surgit
349 804 500 886 Legatos,
521 819 550 871 ct
571 807 682 869 accedit
702 796 745 869 ad
757 827 849 870 corrsu

61 906 200 986 epistolae
221 906 332 978 altaris,
367 906 417 967 uhi
437 917 515 968 stans
551 915 664 971 detecto
694 910 785 990 capite
813 909 849 969 ad

59 1006 157 1084 ipsum
184 1007 276 1068 altare
309 1024 439 1082 versus,
465 1007 592 1070 dicitas
616 1009 690 1070 libro
712 1009 741 1069 in
762 1009 849 1069 altari

58 1108 155 1188 posito

102 1206 240 1269 Oramus.
256 1241 293 1254 ·-
313 1208 459 1273 Gloriosi
472 1210 639 1292 pontificis
658 1222 688 1272 et
699 1210 850 1292 Martyris

59 1306 216 1371 ianuarii
226 1310 365 1390 fidelium
377 1322 502 1383 mentes,
510 1311 849 1383 Oomine,eucellentio

59 1397 366 1473 commemorationis
391 1413 551 1486 irradiet,
580 1424 613 1475 ut
632 1413 717 1476 sicut
742 1413 849 1495 pierio

60 1508 220 1591 ineffabili
235 1511 426 1574 sublimatur
434 1555 445 1586 ,
461 1512 509 1574 ito
529 1514 636 1576 aditus
650 1514 779 1595 patriae
793 1532 847 1574 sa·

60 1611 179 1674 lutaris
190 1613 258 1695 mus
269 1614 360 1675 nohis
374 1613 598 1677 intercessione
608 1615 781 1695 pandatur,
790 1631 849 1694 per

61 1711 223 1776 Christum
238 1713 278 1775 1).
293 1714 331 1775 N.
351 1713 475 1794 Respon.
492 1715 596 1776 Amen.

102 1812 181 1874 Tum
199 1812 327 1893 Legatm
342 1815 481 1894 procedat
499 1815 536 1875 ad
557 1815 682 1878 medium
701 1815 801 1875 aitaris
818 1824 847 1875 et

59 1924 139 1974 stans
165 1914 277 1977 detecto
312 1915 403 1995 capite
427 1934 529 1976 versus
562 1915 598 1976 ad
626 1933 743 1977 crucem
764 1933 846 1976 suam

60 2012 158 2088 dicat,
181 2032 211 2075 se
231 2014 373 2094 signanda
403 2033 484 2078 more
507 2016 611 2088 solito,
633 2026 662 2076 et
683 2014 776 2077 choro
797 2033 847 2077 re·

59 2113 226 2194 spondente:
244 2114 296 2176 Sit
311 2133 421 2176 nornen
435 2116 568 2178 Domini
584 2116 776 2178 benedictum
792 2127 846 2175 etc.

102 2212 302 2276 Benedictione
332 2214 422 2288 data,
454 2212 581 2294 Legatos
607 2213 745 2276 concedat
772 2215 849 2276 inte·

62 2312 236 2373 ressentibus
269 2313 459 2394 indulgentias
481 2315 571 2376 trium
590 2331 757 2388 annorum,
779 2306 849 2393 quas

63 2430 143 2473 unus
159 2433 195 2475 ex
208 2407 380 2495 cappellanis
394 2414 466 2497 suis,
483 2415 528 2476 rei
544 2415 688 2476 canonicis
713 2416 849 2477 ecclesiae

61 2510 265 2593 Neapolitanae
293 2514 401 2595 populo
429 2514 582 2579 denunciet
617 2517 646 2577 in
680 2516 758 2577 hunc
784 2535 851 2578 mo-

62 2613 156 2673 dum:
404 2667 406 2672 .

105 2738 122 2770 a
135 2714 158 2775 li
173 2713 245 2776 lies.
261 2716 291 2776 in
306 2716 402 2779 Crista
416 2716 511 2780 Padre
527 2730 556 2781 et
572 2718 707 2799 Sigaare,
723 2717 848 2799 Signore

61 2812 164 2873 loanni
185 2815 263 2875 tituli
285 2815 320 2877 de
353 2816 465 2878 Sancta
487 2818 620 2880 Susanna
654 2820 728 2882 della
762 2820 850 2881 Santa

61 2912 193 2974 Romana
207 2914 309 2979 Chicsa
324 2917 498 2998 presbytera
516 2918 668 2984 Cardinale
684 2922 718 2982 de
738 2920 853 2983 hiante·

63 3012 183 3093 Regale,
199 3015 233 3077 de
248 3016 275 3075 la
288 3014 361 3078 Sede
372 3019 539 3097 Apostoliea
553 3019 673 3101 Legata,
685 3021 722 3083 di
737 3033 765 3085 et
779 3041 852 3084 con·

64 3114 133 3176 cede
154 3114 317 3190 aeiascuns
336 3137 456 3198 persona
477 3121 528 3198 qni
550 3133 680 3201 presente
702 3123 801 3183 Sanni
824 3123 851 3182 di

64 3239 134 3280 rara
149 3210 327 3301 Indulgentia
341 3225 370 3284 in
385 3223 479 3285 iorma
495 3224 570 3285 della
585 3224 687 3288 Chiesa
702 3239 847 3290 consueta.

63 3321 188 3402 Pregate
206 3324 287 3386 iddio
308 3345 358 3406 per
384 3328 404 3388 il
437 3329 526 3389 islice
548 3338 622 3391 stato
643 3329 718 3391 della
740 3331 853 3393 Santith

63 3420 110 3483 del
127 3422 216 3504 Papa,
234 3423 262 3484 di
282 3423 344 3485 Sua
359 3426 442 3486 lima
460 3425 566 3507 Sig.ri⁸
577 3466 591 3504 ‚›
602 3429 647 3491 del
664 3431 853 3495 Serenissimo

3 3566 4 3570 ,
68 3523 112 3586 lle
124 3526 260 3600 Allonso,
283 3539 312 3590 et
328 3528 402 3590 delia
417 3528 507 3590 Santa
526 3531 656 3593 Romana
674 3532 776 3594 Chiesa
794 3557 820 3593 s.

104 3624 156 3687 iiis
174 3631 371 3708 pronunciatis
397 3634 492 3712 surgit
517 3631 579 3693 Rex
599 3635 649 3713 qui
676 3652 768 3713 usque
783 3641 851 3697 tunc

64 3722 203 3791 continue
218 3729 246 3790 in
265 3748 319 3792 suo
340 3731 505 3794 lnldistorio
519 3733 683 3814 genuflexit,
698 3744 727 3796 et
741 3736 853 3797 accedit

64 3824 209 3908 legatum
229 3850 264 3891 ac
284 3824 377 3912 ipsum
395 3851 488 3912 usque
507 3833 543 3892 ad
558 3834 699 3915 palatium
726 3833 852 3900 Archia-

63 3927 225 4009 piscopale,
245 3931 275 3991 in
298 3940 357 4010 quo
375 3933 587 4013 hospitabitur,
606 3934 766 3996 associabit.

107 4026 191 4090 Ordo
223 4041 319 4091 autem
338 4033 548 4111 processionis,
572 4033 607 4095 de
626 4051 685 4111 qno
703 4052 793 4114 snpra
821 4033 853 4095 fit

63 4131 189 4204 mentio,
210 4142 239 4193 et
261 4150 320 4209 qua
337 4131 385 4191 alii
408 4134 530 4206 venient,
546 4133 592 4194 hic
613 4135 685 4195 erit:

105 4230 226 4295 Fratres
244 4232 369 4294 Sanctm
386 4232 494 4293 ilarius
520 4231 592 4295 della
617 4232 717 4295 Gratia
732 4233 850 4295 lesumi.

64 4366 109 4379 -
131 4333 250 4394 Fratres
269 4331 392 4395 Sanctae
412 4331 521 4394 hieriae
542 4331 614 4394 delle
631 4324 756 4412 vergine
770 4332 850 4394 Cru-

64 4434 234 4497 cilerorum.
251 4433 426 4494 -Fratres
446 4432 568 4495 Sanctae
584 4434 694 4496 Mariae
708 4433 753 4496 del
772 4433 850 4496 Car-

66 4537 156 4597 mino.
178 4566 215 4579 -
242 4535 363 4597 Fratres
380 4534 596 4595 Heremitarum
626 4534 726 4596 Sancti
748 4536 852 4615 sugu-

65 4639 144 4699 etini.
165 4669 205 4682 —
226 4635 345 4696 Fratres
375 4633 498 4697 Sanctae
527 4635 635 4698 Mariae
662 4635 738 4698 della
768 4634 851 4696 Nora

65 4741 212 4802 Minaeum
244 4736 513 4800 dall'osserrantia.
539 4770 577 4783 -
605 4738 724 4801 Fratres
753 4737 852 4799 Sancti

64 4838 216 4902 Laurentii
234 4837 381 4898 illinorum
403 4835 654 4898 conventualium.
677 4869 716 4884 --
735 4839 853 4899 Fratres

66 4944 98 5004 S.
115 4940 267 5003 Dominici.
282 4971 319 4983 -
334 4938 454 4999 Fratres
473 4937 572 4999 Sancti
588 4937 667 4999 Petri
683 4937 726 4997 ad·
739 4938 853 5019 Magei-

66 5045 126 5105 tam
144 5041 434 5104 Caelestinarum.—-
454 5038 573 5100 Fratres
595 5038 694 5100 Sancti
716 5038 796 5102 Petri
815 5042 852 5100 ad

67 5146 159 5207 Aram
180 5143 385 5203 canonicorum
408 5141 589 5220 regularium
619 5141 718 5202 Sancti
748 5142 853 5221 hugu-

67 5245 144 5307 stini.
164 5279 203 5290 -
225 5243 344 5303 Fratres
370 5241 408 5312 S.
430 5240 538 5304 Mariae
570 5242 675 5306 hiantis
707 5241 851 5324 virginii,

68 5345 189 5409 Ordinis
201 5345 437 5409 Humiliatoru'm.
454 5379 493 5392 -
509 5345 627 5411 Fratres
650 5346 773 5409 Sanctae
786 5345 852 5408 illa·

547 261 829 333 ronnrtmrns
849 245 1073 332 snexlnom
1093 266 1219 331 snxrs.

1640 269 1703 333 287

917 407 979 470 riae
1006 403 1236 468 hiantis-Oliveti
1270 437 1309 451 -
1339 404 1459 467 Fratres
1489 405 1588 468 Sancti
1609 405 1704 469 Seve-

917 509 998 581 rini,
1030 506 1128 569 Sancti
1161 504 1310 566 Benedicti
1338 506 1567 586 congregationis
1599 505 1701 568 Sancti

799 610 804 615 '
856 683 858 688 ¹
917 607 1001 669 Pauli
1037 631 1077 657 -·-
1114 607 1219 669 clerus
1256 606 1380 667 civitatis
1416 605 1616 687 Neapolitanae
1648 624 1704 668 suo

916 708 1016 770 ordine
1037 740 1077 753 —
1108 707 1222 768 Salmas
1256 705 1358 788 Legati
1389 723 1450 769 ιιι.
1484 710 1528 769 rel
1561 711 1640 769 circa
1661 740 1725 761 -·

916 808 1079 872 Curialium
1112 807 1202 887 Regis
1222 808 1398 881 familiares,
1431 818 1461 869 et
1496 808 1545 868 alii
1581 806 1702 871 inienio-

916 927 965 971 res
985 944 1021 957 ·
1041 909 1159 972 Nobiles
1192 907 1393 988 Neapolitani,
1425 909 1454 968 el
1484 908 1609 970 curiales
1640 909 1702 970 lla·

916 1008 960 1089 gis
981 1042 1019 1055 -
1039 1009 1146 1071 Valisia
1177 1006 1279 1088 Legati
1308 1040 1348 1052 -
1380 1008 1500 1069 Familia
1533 1007 1635 1088 Legati
1663 1044 1702 1054 —

916 1109 1043 1172 Berones
1071 1108 1196 1172 Comites
1216 1142 1257 1155 -
1278 1107 1453 1191 (Processio
1474 1108 1573 1172 ordine
1596 1117 1704 1190 supra·

916 1210 1019 1287 dicto,
1046 1223 1080 1272 ut
1101 1212 1186 1272 citius
1208 1209 1386 1291 expediatur,
1412 1219 1548 1290 poterunt
1575 1221 1705 1289 quatuor

914 1313 1002 1374 simul
1024 1309 1208 1396 incedere)-·-
1222 1311 1302 1375 Crux
1320 1310 1424 1400 Legati
1441 1330 1528 1391 qnam
1545 1321 1702 1391 sequentur

914 1431 1012 1476 omnes
1032 1413 1169 1475 Cananiei
1183 1412 1378 1493 Neapolitani,
1392 1423 1422 1475 et
1442 1413 1699 1494 archiepiscopus,

914 1524 1033 1594 paratus
1054 1524 1196 1595 utsupra
1217 1514 1349 1577 diximus.

956 1612 1085 1696 Legatos
1117 1635 1186 1677 cum
1218 1616 1298 1697 Rege
1328 1616 1491 1679 asinistris
1511 1617 1565 1678 suh
1597 1616 1702 1679 halda-

914 1716 1009 1780 china.
1214 1712 1225 1731 '

956 1819 1020 1881 Dan
1051 1819 1218 1881 Frldericns
1239 1819 1274 1881 de
1308 1820 1456 1902 aragonia
1477 1822 1569 1882 irater
1597 1819 1704 1899 Regis,

914 1922 1073 1983 asinistris
1099 1920 1205 1982 habens
1238 1918 1400 1984 Oratorem
1427 1920 1516 2001 Regis
1548 1920 1704 2000 Hispania-

913 2040 982 2083 rum
999 2056 1037 2068 -
1056 2019 1113 2083 Alii
1127 2021 1249 2102 Regales
1262 2040 1316 2083 sno
1338 2023 1450 2094 ordine,
1466 2025 1572 2103 singuli
1590 2022 1703 2082 hahen-

915 2132 956 2184 tes
974 2142 992 2183 a
1013 2122 1133 2184 sinistris
1148 2120 1290 2184 Oratores
1302 2124 1427 2185 aliorum
1448 2123 1616 2203 Principum
1635 2121 1700 2183 sisa

915 2223 1120 2286 Potentatnum
1142 2224 1169 2283 in
1192 2223 1275 2284 curia
1291 2223 1378 2304 llegls
1391 2224 1549 2296 existentes,
1564 2235 1604 2298 et,
1618 2221 1700 2284 Ora·

915 2325 1028 2386 toribus
1049 2323 1269 2397 deicientibus,
1289 2325 1364 2385 inter
1387 2342 1417 2386 se
1438 2323 1493 2385 hini
1515 2336 1545 2385 et
1565 2322 1624 2384 hini
1655 2325 1703 2383 in-

916 2425 1017 2487 cedant
1032 2425 1152 2505 praelati
1168 2441 1235 2484 cum
1258 2421 1369 2503 Legata
1390 2422 1552 2495 venientes,
1571 2422 1703 2502 singulos

916 2526 987 2587 alios
1004 2527 1148 2606 praelatos
1167 2522 1195 2583 in
1214 2525 1327 2584 sinistra
1347 2523 1498 2595 hahentes,
1513 2522 1598 2583 etiam
1613 2522 1637 2582 si
1652 2523 1703 2584 aiii

916 2626 1038 2707 praelati
1055 2670 1063 2699 ,
1083 2625 1147 2686 aliis
1169 2624 1336 2704 digniores,
1357 2625 1402 2685 rel
1428 2625 1555 2685 seniores
1579 2623 1703 2684 existant

913 2726 997 2807 juxta
1025 2726 1156 2788 ordinem
1187 2725 1379 2806 promotionis
1400 2742 1525 2798 eornm,
1547 2741 1622 2802 qnos
1647 2742 1704 2804 ega

917 2838 1006 2907 prout
1027 2844 1210 2906 cognovero,
1229 2826 1378 2889 ordinabo.
1401 2824 1549 2888 Praelatos
1574 2843 1706 2905 aequm·

918 2938 969 2989 tur
991 2926 1043 2988 alii
1065 2926 1198 3007 Regales.

961 3028 1098 3088 Sereniss.
1122 3027 1283 3107 alphonsus
1302 3024 1416 3088 Siciliae
1437 3035 1495 3088 ete.
1507 3023 1707 3098 asamona·

919 3141 967 3190 cto
987 3128 1114 3190 adventu
1134 3127 1208 3190 Res.
1225 3127 1261 3187 l).
1277 3125 1438 3189 Cardinalis
1461 3124 1569 3186 hiantis
1587 3123 1706 3203 Regalis

919 3232 955 3292 ad
977 3231 1073 3312 ipsum
1095 3228 1291 3291 coronandum
1325 3237 1403 3299 etc,
1440 3227 1490 3306 qui
1524 3222 1641 3287 recessit
1670 3242 1706 3285 ex

920 3330 1001 3393 Urbe
1031 3329 1076 3392 die
1095 3326 1173 3407 jovis
1194 3345 1293 3390 xxtsu.
1316 3328 1415 3407 aprilis
1436 3326 1601 3406 praesentis,
1621 3343 1708 3386 eum-

921 3429 986 3491 dem
1009 3428 1084 3491 Rev.
1102 3427 1138 3488 O.
1157 3426 1300 3508 Legalum
1323 3427 1502 3507 convenienti
1524 3424 1634 3488 honore
1656 3444 1709 3486 re·

921 3531 1018 3610 cipere
1041 3529 1160 3602 rolens,
1181 3528 1296 3589 obviam
1317 3528 1343 3589 ei
1365 3527 1444 3587 misit
1461 3526 1630 3606 magnificos
1644 3525 1708 3588 Do-

920 3631 1014 3690 minus
1042 3629 1201 3690 lohannem
1223 3628 1411 3689 Thomasium
1432 3627 1546 3690 Caralis
1573 3628 1708 3689 comitem

921 3729 1058 3791 Nataloui
1068 3774 1077 3805 ,
1092 3740 1121 3791 et
1138 3729 1329 3790 Franciseum
1344 3727 1491 3790 Turolum
1509 3726 1555 3811 (i)
1574 3728 1708 3788 comitem

921 3830 1070 3905 Nectarii,
1092 3831 1141 3909 qui
1163 3831 1256 3910 ipsum
1275 3827 1420 3908 Legatum
1440 3831 1468 3887 in
1484 3828 1600 3888 civitate
1614 3825 1708 3888 Sues·

920 3950 987 3992 sana
1010 3931 1186 3992 honorarent
1197 3952 1208 4004 3
1230 3940 1294 4010 post
1314 3929 1379 3989 illos
1401 3927 1438 3987 R.
1460 3929 1489 3988 in
1509 3926 1627 3989 Christo
1647 3927 1708 3988 l’a·

921 4044 997 4094 trem
1018 4031 1055 4092 l).
1078 4031 1257 4111 alphonsum
1277 4029 1311 4089 de
1330 4024 1475 4107 hragonia
1494 4040 1624 4109 nepotem
1645 4026 1708 4088 lle-

920 4133 964 4213 gis
985 4132 1037 4210 qui
1070 4129 1180 4190 dictum
1202 4127 1345 4208 Legatum
1367 4129 1396 4188 in
1426 4129 1544 4189 civitate
1571 4128 1706 4210 Capuana

920 4233 1082 4313 reciperent
1107 4229 1216 4290 honore
1238 4228 1332 4290 debito
1350 4274 1359 4303 ‚
1380 4229 1542 4291 successive
1573 4229 1619 4290 tlt.
1640 4228 1707 4291 Dan

920 4332 1102 4394 Fridericnm
1122 4327 1156 4391 de
1172 4330 1318 4409 Aragonia
1336 4330 1458 4392 iratrem
1476 4347 1575 4404 suum,
1590 4330 1708 4392 Princi-

920 4453 984 4514 pem
1005 4434 1175 4495 Altsmurae
1192 4443 1248 4493 etc.
1270 4430 1364 4511 Regni
1381 4431 1593 4507 admirandum,
1614 4432 1707 4496 Rerr.

920 4537 949 4595 in
970 4534 1088 4598 Christo
1108 4533 1210 4594 Patres
1233 4531 1372 4594 Dominus
1406 4533 1590 4595 vincentium
1608 4533 1706 4595 Ache

920 4633 1090 4706 reatinum,
1113 4645 1142 4695 et
1168 4633 1363 4694 Alexandrum
1385 4633 1509 4696 Sanctae
1530 4631 1708 4706 Severinae,

922 4735 1185 4816 Archiepiscopos,
1217 4734 1366 4797 lintheum
1388 4733 1619 4805 Gravinensem,
1641 4732 1709 4793 Sci·

920 4840 1032 4919 pionem
1054 4838 1284 4899 Tricaricensem
1305 4838 1473 4917 episcopos,
1492 4845 1521 4895 et
1540 4831 1708 4912 magnificos

921 4939 983 5000 DO.
1007 4938 1166 5001 iohannem
1188 4939 1223 5000 de
1244 4937 1354 4999 Ouinra
1375 4935 1516 4998 Comitem
1539 4934 1708 5006 Potentiae,

921 5040 1061 5103 Carnium
1083 5041 1249 5102 Punnanem
1270 5038 1413 5100 Comitem
1431 5035 1571 5098 Venairae
1589 5080 1597 5106 ,
1616 5036 1710 5113 Ainy-

920 5143 996 5203 sium
1014 5139 1048 5204 de
1067 5140 1206 5204 Gisuaido
1223 5139 1365 5202 Comitem
1386 5137 1569 5211 Consanum,
1584 5146 1613 5197 et
1628 5135 1706 5196 Tra·

962 5367 997 5428 (t)
1013 5366 1069 5416 Alio
1085 5365 1148 5414 cod.
1163 5360 1312 5414 Tormolum.
