3758 6030
60 215 172 301 (asos)

62 354 230 416 munionem
250 351 317 432 ipsis
335 368 436 412 coram
457 369 493 415 eo
513 351 668 432 genuflexis
688 370 739 432 per
759 361 848 414 totum

63 452 182 514 blissam
193 474 204 526 3
226 451 393 516 cardinales
419 450 473 532 ipsi
494 451 556 511 suis
587 442 765 533 temporibus
784 451 850 513 lue·

63 563 138 615 runt
157 562 224 615 ante
253 552 325 613 duas
345 551 427 614 sedes
453 561 537 614 'retro
556 552 747 614 celebrantem
768 569 851 631 mm-

61 653 175 734 petenti
193 652 293 733 spacio
311 652 476 732 genuflexi,
495 663 527 714 et
546 651 602 714 alia
616 652 711 714 omnia
732 653 850 714 luerunt

63 768 136 810 cum
157 751 197 812 eis
222 750 400 823 observata,
421 768 495 828 quae
528 751 663 830 superius
684 752 714 812 in
733 750 852 812 ordina-

62 850 143 912 tione
164 850 324 912 Cardinalis
348 851 491 914 Valentini
512 850 654 927 recitavi,
680 851 729 913 sed
760 852 851 932 magis

60 948 213 1037 ferialiter.

84 1047 189 1130 ,Licet
208 1048 409 1129 superioribus
429 1049 550 1124 diebus,
584 1050 719 1113 defuncto
754 1049 850 1110 clarae

61 1153 222 1211 memoriae
242 1148 423 1212 Perdinaudo
450 1151 486 1215 de
518 1151 664 1237 dragonis
686 1149 802 1211 Siciliae
822 1158 851 1211 et

61 1251 248 1312 Hierusalem
265 1248 343 1330 Rege
357 1248 558 1331 Neapolitano,
573 1251 779 1314 serenissimus
798 1250 851 1311 bl-

61 1351 193 1431 phousua
207 1349 359 1412 Secundus
378 1352 465 1412 etium
487 1352 522 1413 de
536 1353 682 1432 aragonia
700 1351 851 1431 primoge-

62 1453 142 1512 nitus
162 1469 248 1525 suus,
262 1469 298 1512 ex
316 1450 497 1513 ordinatione
515 1462 545 1513 ct
566 1450 742 1513 institutione
761 1451 851 1523 felicis

56 1550 274 1618 ‚recordationis
301 1551 459 1635 iunocentii
473 1552 567 1634 Papae
586 1534 691 1615 Octavi
712 1552 740 1612 in
761 1567 852 1630 regno

63 1649 252 1731 Neapolitano
272 1651 335 1714 sire
349 1651 466 1713 Siciliae
484 1654 558 1713 citra
570 1653 700 1713 Pharum
715 1664 770 1713 etc.
780 1668 853 1712 suc-

63 1753 212 1826 cesserit,
240 1764 346 1815 tameu.
358 1751 418 1813 Rex
438 1754 579 1815 Francius
608 1753 796 1834 praetendens
815 1750 852 1811 ad

63 1871 190 1932 reguum
217 1853 311 1932 ipsum
333 1851 448 1915 Siciliae
469 1855 544 1915 eitra
565 1853 720 1924 Pharum.
742 1899 750 1912 .
773 1898 781 1913 .
803 1849 853 1928 jus

64 1953 184 2027 babere,
205 1972 257 2033 per
270 1950 410 2016 Oratores
429 1973 498 2016 suos
520 1955 649 2028 instetit,
670 1955 778 2016 neidem
798 1954 854 2014 nl·

60 2054 190 2134 phonaus
209 2057 238 2114 in
262 2073 353 2135 regno
381 2052 547 2131 hujusmodi
562 2076 621 2137 per
634 2055 854 2120 Sanctissimum

60 2153 99 2213 D.
120 2153 154 2214 N.
173 2156 366 2216 investiretur
375 2198 387 2229 ,
407 2166 459 2215 aut
474 2169 665 2217 coronaretur
685 2156 715 2216 iu
734 2155 854 2236 Regem,

64 2256 109 2314 vel
131 2254 209 2331 quod
245 2253 326 2316 aliud
360 2256 439 2316 circa
463 2252 593 2332 eiusdem
622 2258 704 2336 regni
732 2255 855 2335 disposi-

62 2353 170 2415 tionem
185 2353 401 2428 decerneretur3
428 2374 463 2416 ex
486 2374 544 2434 quo
560 2355 711 2418 coronatio
725 2352 853 2431 ejusdem

61 2452 153 2534 Regis
176 2455 322 2535 Alpbonsi
344 2453 454 2515 diutius
485 2466 529 2516 est
549 2456 718 2530 retardata3
740 2453 854 2515 tandem

63 2553 121 2615 SS.
138 2554 174 2615 t).
191 2553 225 2614 N.
250 2553 409 2629 Alexander
429 2551 508 2635 Papa
524 2555 639 2631 Sextus,
654 2556 750 2617 volens
766 2556 854 2616 statui

62 2655 133 2716 dicti
153 2653 241 2734 Regis
262 2654 402 2735 Alphousi
426 2665 590 2738 opportune
624 2656 800 2737 providere,
821 2645 855 2718 de

63 2755 128 2816 RR.
170 2755 233 2816 DU.
266 2755 463 2816 cardinalium
488 2742 636 2831 'consilio,
664 2756 708 2817 die
743 2757 855 2817 veneris

62 2873 138 2917 xrtu
159 2855 263 2931 mensis
285 2855 388 2935 aprilis
407 2857 435 2915 in
456 2875 509 2917 sno
531 2865 644 2918 secreto
666 2855 861 2938 consistorio,¹

62 2956 142 3036 quod
163 2954 280 3017 durarit
300 2955 336 3014 ab
360 2955 430 3016 hora
453 2973 637 3035 x11,usque
658 2955 694 3014 ad
732 2954 854 3017 mediam

62 3056 168 3118 horam
189 3056 217 3115 in
237 3055 316 3116 circa
333 3064 400 3116 unte
421 3072 478 3117 xx.
503 3067 531 3117 et
546 3072 616 3116 xxi.
636 3053 856 3135 creavitlrega·

62 3168 128 3218 tum
149 3156 183 3219 de
204 3154 309 3218 Latere
341 3175 394 3217 suo
416 3156 488 3216 Rer.
521 3155 557 3216 t).
589 3155 748 3216 iohannem
782 3156 857 3217 tituli

66 3257 190 3318 Sanctae
232 3256 385 3317 Susannae
429 3257 634 3336 presbyterum
676 3254 857 3316 Cardinulcm

66 3357 172 3419 biantis
184 3356 301 3437 Regalis
318 3356 477 3435 vulgariter
496 3368 709 3435 nuncupatum,
724 3355 760 3414 ad
776 3357 858 3415 inre-

64 3456 205 3521 stiendnm
227 3457 338 3517 dictum
360 3455 544 3536 ntphonsum
569 3457 680 3536 Regem
702 3456 736 3518 de
768 3474 858 3536 regno

65 3560 182 3620 Siciliae
204 3560 277 3619 citra
299 3557 430 3617 Pharum
454 3568 494 3621 et
515 3545 600 3618 terris
621 3568 675 3618 etc.
707 3559 858 3636 ipsumque

65 3663 176 3744 Regem
209 3662 237 3721 in
270 3659 452 3721 catholicum
474 3649 692 3738 inungendum,
714 3673 859 3716 coronan-

66 3766 137 3824 dum
152 3774 219 3836 etc.;
231 3773 261 3829 et
282 3762 349 3839 quin
375 3760 536 3821 Cardinnlis
561 3762 590 3819 in
609 3760 715 3840 palatio
735 3761 860 3839 Aposto-

67 3868 125 3928 lico
151 3869 181 3927 in
203 3864 324 3924 cameris
344 3880 433 3942 supra
454 3861 612 3942 dispensam
635 3862 728 3941 Papae
750 3859 859 3921 reside·

68 3968 117 4027 bat
133 3953 158 4040 ,⁴
174 3965 230 4025 luit
253 3964 290 4024 ab
320 3962 452 4025 omnibus
472 3963 565 4033 Rerr.
584 3960 787 4024 Cardinallbus
808 3980 859 4041 per

67 4069 175 4140 aulas,
202 4061 372 4152 sigradus
414 4062 562 4124 discensus
596 4063 630 4125 de
662 4063 773 4124 Palatio
807 4083 858 4144 per

68 4172 183 4231 curiam
216 4166 317 4249 putbei
356 4184 446 4244 usqne
483 4165 519 4222 ad
548 4166 691 4224 lumneana
723 4163 859 4224 sarreriae

68 4287 159 4351 prope
180 4269 366 4348 dispensum,
388 4284 438 4345 per
462 4284 548 4343 quam
572 4265 724 4324 lumacam
746 4261 782 4320 bd
805 4262 860 4321 lra-

72 4372 242 4432 bitationem
265 4365 393 4447 ejusdem
410 4365 570 4428 cardinatis
583 4365 759 4437 ascenditur,
780 4381 860 4424 asso-

70 4474 183 4547 ciatus,
205 4482 235 4532 et
255 4469 407 4531 licentiatis
431 4468 536 4529 ibidem
558 4469 588 4527 in
615 4469 701 4548 plano
723 4477 789 4527 ante
810 4468 860 4527 lu-

71 4592 184 4635 snacum
195 4570 405 4645 cardinalibus,
425 4568 553 4650 negatus
571 4571 628 4650 ipse
643 4571 720 4631 solus
734 4566 861 4630 ascendit

71 4695 140 4739 cum
160 4679 229 4739 suis.
253 4673 326 4736 Rev.
347 4670 383 4733 U.
401 4672 566 4735 cardinalis
582 4673 715 4735 Senensis
740 4669 860 4733 eundem

72 4778 218 4864 Legatum
235 4797 309 4859 ,cum
327 4779 389 4840 aliis
403 4776 605 4839 Cardinalibus
625 4794 680 4837 non
698 4773 860 4846 emaciarit3

73 4881 122 4943 scd
137 4880 218 4942 linito
236 4878 414 4942 Consistorio
436 4879 555 4959 primus
571 4890 600 4940 et
620 4878 699 4940 aolus
721 4875 861 4947 recessit,

74 4995 105 5046 et
126 4984 245 5055 doraum
268 4981 364 5045 rediit.

120 5085 269 5148 Dominica
300 5101 358 5147 xx.
380 5086 483 5146 mensis
505 5082 603 5167 aprilis
634 5079 773 5161 praedicti
807 5096 862 5157 ego

77 5189 222 5252 lohannes
241 5186 431 5250 burchardus
462 5186 598 5266 magister
620 5181 862 5246 caerimoniarum

77 5292 226 5374 cappellae
249 5288 304 5352 SS.
325 5289 362 5353 1).
384 5286 419 5350 N.
441 5286 558 5367 Papae,
592 5303 643 5366 per
675 5279 862 5363 magnificum

531 215 816 280 rohrmtctttts
838 212 1063 283 annuntiat
1082 209 1209 275 SEXTI.
1637 207 1701 267 283

917 350 953 411 Ι).
968 347 1112 433 Gentilem
1120 345 1284 426 thinium
1297 345 1332 407 de
1343 343 1472 419 Ursinis,
1483 345 1598 406 nomine
1611 341 1703 405 Sere-

917 450 1041 514 niort).
1062 448 1201 529 Alphonsi
1223 445 1347 509 Secundi
1369 444 1404 506 de
1418 445 1564 527 dragonia
1584 444 1701 508 Siciliae

918 548 1005 630 Regis
1022 547 1180 628 requisitus
1201 557 1229 608 et
1251 556 1381 626 rogatus,
1398 544 1433 617 de
1454 544 1568 625 speciali
1587 544 1702 605 licentia

919 648 974 711 SS.
989 649 1024 709 l).
1035 646 1070 709 N.
1082 647 1178 727 Papae
1195 655 1225 707 et
1239 645 1303 724 ejus
1323 645 1521 708 commissione
1543 644 1648 708 recessi
1668 664 1702 707 ex

919 749 999 814 Urbe
1019 749 1098 810 circa
1118 747 1220 808 horam
1239 759 1295 807 xx.
1314 764 1383 810 cunr
1401 745 1592 806 servitoribus
1610 761 1702 822 eque·

918 849 1027 910 stribus
1040 859 1167 928 quatuor
1181 843 1192 928 (
1205 845 1310 924 quibus
1330 845 1453 925 singulis
1471 845 1617 918 rabenna,
1638 845 1703 904 cal·

918 968 1006 1026 ceos,
1024 962 1055 1012 et
1074 950 1198 1011 birrctos
1226 948 1260 1009 de
1280 948 1406 1008 scarleto
1426 964 1502 1008 nora
1522 946 1628 1008 donari
1639 989 1649 1019 ,
1669 954 1699 1005 et

919 1053 1030 1114 calceos
1048 1049 1164 1132 noros)
1184 1068 1219 1110 ac
1240 1065 1299 1110 nno
1317 1064 1393 1126 equo
1412 1046 1532 1107 salinam
1552 1054 1703 1128 portante,

918 1164 949 1213 et
968 1151 1060 1213 tribus
1078 1149 1280 1230 pedestribus,
1298 1145 1448 1226 Neapolim
1465 1148 1560 1208 iturus
1574 1165 1628 1227 pro
1650 1164 1704 1207 co·
1796 1200 1798 1202 ,

920 1253 1068 1315 rouatione
1088 1249 1246 1333 supradicti
1268 1249 1356 1328 Regis
1376 1247 1543 1308 ordinanda.
1565 1247 1705 1310 Venimus

919 1352 1067 1433 Neapolim
1078 1352 1159 1414 ‚loris
1168 1366 1266 1413 xxtrn.
1278 1350 1347 1412 dicti
1367 1350 1485 1422 mensis,
1499 1349 1579 1410 circa
1601 1347 1705 1408 boram

920 1470 976 1524 xx,
997 1452 1047 1513 ubi
1079 1472 1114 1512 ex
1135 1450 1334 1512 commissione
1355 1450 1444 1529 Regis
1478 1441 1638 1527 hospitatus
1659 1446 1703 1506 lui

921 1554 949 1614 in
969 1552 1054 1614 domo
1075 1548 1230 1628 cujusdam
1245 1550 1392 1612 Francisci
1409 1550 1541 1628 Senensis
1561 1558 1591 1610 et
1611 1546 1704 1608 Rosae

913 1654 982 1733 ,ejus
1003 1651 1237 1724 contubernalis,
1258 1663 1358 1734 etper
1386 1650 1595 1712 commissarios
1617 1648 1706 1727 Regis
1756 1649 1760 1657 '

921 1756 1016 1816 omnin
1027 1753 1185 1817 necessaria
1204 1751 1383 1812 abundanter
1397 1751 1558 1811 ministrata
1576 1749 1704 1811 luerunt.

922 1855 974 1917 Ex·
987 1855 1068 1919 Urbe
1099 1853 1244 1934 praedicta
1266 1864 1357 1931 usque
1377 1850 1526 1932 Neapolim
1548 1851 1705 1911 associatus

923 1976 974 2036 per
995 1955 1030 2016 U.
1052 1956 1210 2019 iohannem
1232 1954 1267 2015 de
1286 1953 1388 2014 Ribbiu
1407 1952 1503 2034 praed.
1526 1951 1615 2032 Regis
1635 1969 1708 2011 can·

923 2060 1096 2134 cellarium,
1113 2059 1180 2128 cui,
1197 2065 1229 2118 et
1246 2045 1383 2116 familiari
1405 2072 1471 2127 suo,
1492 2072 1558 2132 ego,
1576 2053 1638 2133 ipso
1659 2061 1708 2111 ta·

922 2180 988 2224 men
1007 2161 1124 2223 honeste
1137 2167 1310 2229 recusante,
1330 2174 1423 2234 usque
1439 2154 1586 2235 Neapolim
1605 2155 1708 2215 exclu-

922 2264 982 2325 sive
1004 2281 1039 2324 er
1057 2261 1137 2324 Urbe
1154 2276 1290 2338 expensas
1309 2256 1384 2318 fecis
1417 2273 1583 2334 receperam
1610 2264 1706 2314 autem
1821 2326 1823 2329 ι

922 2384 957 2426 ex
982 2364 1073 2423 banco
1091 2362 1126 2423 de
1148 2357 1339 2439 Spannocbiis
1362 2359 1391 2417 in
1412 2356 1504 2428 Urbe,
1524 2366 1707 2436 antemeum

923 2464 988 2527 inde
1009 2479 1168 2535 recessum,
1190 2470 1225 2522 ex
1246 2448 1444 2520 commissione
1465 2454 1600 2519 Oratoris
1621 2455 1710 2536 Regis
1824 2544 1826 2547 Ι

924 2562 1061 2645 praedicti
1082 2561 1202 2622 ducatos
1233 2560 1263 2620 in
1283 2576 1358 2619 auro
1381 2558 1482 2638 viginti
1505 2556 1633 2635 quinque
1655 2575 1709 2634 pro

924 2666 993 2726 meis
1003 2665 1142 2745 expensis,
1161 2662 1261 2741 vigore
1279 2658 1365 2721 unius
1387 2658 1515 2733 cedulae,
1527 2655 1615 2734 cujus
1626 2668 1708 2721 teum

925 2765 988 2827 talis
1009 2774 1072 2825 est:
1283 2810 1286 2817 .
1506 2784 1507 2787 ¹

967 2890 984 2922 a
997 2861 1141 2943 ldsgnilici
1163 2863 1262 2925 heredi
1283 2862 1312 2922 d'
1324 2861 1477 2922 Ambrosio
1491 2858 1667 2941 Spanocchi,
1680 2868 1710 2920 et

926 2965 1078 3045 compagni
1094 2963 1121 3024 di
1136 2963 1225 3026 Corte
1243 2963 1272 3023 di
1287 2962 1397 3024 Romu:
1421 2964 1449 3021 vl
1469 2961 1584 3041 plaeerd
1603 2978 1710 3041 pagare

926 3065 1111 3134 incontinenti
1132 3083 1149 3123 a
1170 3064 1210 3125 tt.
1228 3063 1292 3125 Gio.
1306 3061 1460 3126 burcardo
1475 3073 1584 3122 naastro
1606 3061 1641 3120 di
1659 3078 1710 3121 ce·

926 3170 1048 3230 rimante
1076 3177 1227 3246 portatore
1249 3165 1277 3225 di
1298 3176 1421 3243 questu,
1441 3183 1494 3225 oa
1529 3163 1576 3224 chi
1595 3161 1636 3222 lui
1657 3179 1711 3221 or·

926 3268 1040 3343 dineri,
1055 3267 1154 3329 ducati
1176 3266 1357 3345 venticinqne
1378 3264 1474 3329 d’oro
1495 3264 1525 3323 di
1546 3262 1678 3334 Camers,
1700 3261 1711 3321 i

926 3369 1005 3448 quali
1022 3387 1052 3430 se
1082 3369 1124 3448 gli
1145 3368 1258 3428 donano
1276 3385 1328 3447 per
1360 3366 1481 3427 servitio
1502 3364 1577 3425 della
1598 3363 1707 3426 blaestri

926 3471 971 3532 del
993 3469 1025 3530 S.
1043 3468 1086 3531 Re
1114 3467 1178 3529 Don
1199 3468 1317 3529 Allonso
1336 3465 1427 3528 Redi
1449 3465 1572 3526 Sicilia:
1593 3475 1624 3527 et
1642 3465 1707 3544 pia·

928 3572 1045 3639 cerarii
1067 3588 1241 3650 rectrperare
1269 3568 1305 3628 dn
1326 3568 1367 3630 lui
1389 3568 1499 3629 cautela
1516 3568 1591 3629 della
1613 3577 1710 3629 recet-

927 3674 1026 3749 tinne,
1054 3685 1082 3735 et
1114 3671 1161 3734 nni
1175 3671 1331 3734 *reniremn
1363 3671 1433 3750 oggi
1465 3689 1483 3729 a
1515 3669 1596 3731 larre
1618 3671 1711 3746 quelle

928 3776 1060 3848 cautele,
1096 3772 1149 3834 che
1185 3790 1309 3834 saranno
1340 3771 1496 3834 necessarie
1525 3769 1610 3830 accio
1642 3768 1712 3830 detti

928 3892 1005 3937 xxv.
1028 3874 1131 3952 ducati,
1148 3873 1178 3934 d'
1191 3892 1245 3935 oro
1267 3871 1295 3930 di
1316 3869 1438 3932 Camers
1459 3871 1539 3930 siano
1566 3869 1661 3949 pagati
1682 3869 1725 3930 in.

928 3974 1029 4056 Napoli
1050 3975 1079 4035 al
1101 3974 1192 4035 banco
1212 3983 1312 4033 vostro
1333 3970 1543 4041 incontinente‚
1564 3977 1593 4031 et
1613 3988 1630 4028 a
1649 3968 1711 4030 lcde

928 4078 951 4136 si
973 4057 1074 4136 blatta
1097 4075 1124 4135 la
1142 4083 1273 4153 presente
1292 4090 1343 4150 per
1363 4088 1450 4132 mano
1466 4070 1494 4130 di
1516 4088 1562 4131 me
1580 4069 1711 4130 bernar·

928 4178 994 4239 diuo
1015 4160 1049 4234 di
1063 4165 1213 4235 Bernardo
1234 4182 1265 4232 et
1284 4172 1418 4233 soscrittu
1439 4169 1468 4229 di
1499 4188 1545 4231 me
1573 4167 1711 4249 belgici
1748 4222 1752 4230 ,

928 4275 1098 4337 Casalnnro.
1121 4271 1298 4334 Romae‘xr.
1321 4271 1420 4351 aprilis
1449 4286 1709 4334 ccccnxxxxun.

970 4376 1006 4438 nt
1042 4384 1140 4436 rostro
1161 4372 1275 4450 placare
1295 4371 1381 4433 buter
1400 4388 1433 4432 nr
1449 4369 1632 4433 Csssnuora
1646 4390 1712 4431 ma·

928 4475 1087 4555 nupropria
1103 4484 1132 4535 et
1147 4473 1353 4536 Banatsnrno
1371 4488 1402 4533 nr
1416 4471 1588 4534 bsausano
1605 4488 1712 4531 mann-

929 4578 1048 4660 propria
1068 4585 1123 4637 ete.
1392 4560 1395 4565 ’

971 4677 1023 4738 Die
1037 4675 1184 4757 praedicta
1199 4692 1254 4753 ego
1265 4670 1406 4734 iohannes
1417 4669 1610 4733 Burcbnrdus
1623 4687 1712 4748 prae·

930 4779 1025 4864 dictus
1046 4776 1140 4855 recepi
1156 4773 1192 4833 ab
1208 4772 1379 4853 haeredibus
1399 4781 1428 4834 et
1444 4769 1530 4831 sociis
1546 4768 1716 4857 'suprascri-

931 4880 984 4959 ptis
1002 4876 1120 4936 dncatos
1134 4892 1211 4936 xxv.
1234 4872 1301 4932 auri
1316 4872 1350 4932 de
1366 4871 1487 4933 Camera
1505 4870 1535 4929 in
1549 4886 1640 4942 euro,
1661 4887 1714 4930 oc·

931 4981 1041 5041 cnsione
1059 4975 1195 5056 superius
1213 4973 1312 5046 dicta,
1333 4983 1362 5033 et
1382 4972 1411 5031 in
1433 4969 1519 5031 fidem
1542 4969 1594 5030 hos
1625 4985 1712 5029 mann

931 5079 1050 5161 propris
1071 5076 1183 5156 scripsi,
1204 5068 1232 5136 et
1247 5071 1417 5151 subscripsi,
1435 5070 1544 5132 Romae
1559 5070 1603 5131 ue
1625 5089 1714 5149 prae·

931 5182 1046 5260 scripta.

972 5280 1053 5342 tdem
1065 5277 1224 5342 inmunes
1236 5276 1445 5340 bononianos
1458 5292 1545 5337 manu
1556 5276 1673 5356 propria
1686 5297 1713 5333 ι.
